  <div class='ocr_page' id='page_1' title='image "/cluster/home/n/w/nwhite01/storage/ocr_20150623/62/hvd.32044054086319/167.png"; bbox 0 0 4042 6212; ppageno 0'>
   <div class='ocr_carea' id='block_1_1' title="bbox 484 240 587 297">
    <p class='ocr_par' dir='ltr' id='par_1_1' title="bbox 484 240 587 297">
     <span class='ocr_line' id='line_1_1' title="bbox 484 240 587 297; baseline 0.049 -5"><span class='ocrx_word' id='word_1_1' title='bbox 484 240 508 292; x_wconf 81' lang='grc' dir='ltr'><strong>ι</strong></span> <span class='ocrx_word' id='word_1_2' title='bbox 519 240 587 297; x_wconf 65' lang='grc'><strong>453</strong></span> 
     </span>
    </p>
   </div>
   <div class='ocr_carea' id='block_1_2' title="bbox 484 341 2067 421">
    <p class='ocr_par' dir='ltr' id='par_1_2' title="bbox 484 341 2067 421">
     <span class='ocr_line' id='line_1_2' title="bbox 484 341 2067 421; baseline -0.01 -12"><span class='ocrx_word' id='word_1_3' title='bbox 484 356 528 409; x_wconf 86' lang='lat' dir='ltr'><strong>si</strong></span> <span class='ocrx_word' id='word_1_4' title='bbox 572 351 807 410; x_wconf 79' lang='lat' dir='ltr'><strong>dimissis</strong></span> <span class='ocrx_word' id='word_1_5' title='bbox 841 349 1048 421; x_wconf 76' lang='lat' dir='ltr'><strong>angelis</strong></span> <span class='ocrx_word' id='word_1_6' title='bbox 1077 349 1168 418; x_wconf 92' lang='lat' dir='ltr'><strong>qui</strong></span> <span class='ocrx_word' id='word_1_7' title='bbox 1203 347 1316 401; x_wconf 90' lang='lat' dir='ltr'><strong>Deo</strong></span> <span class='ocrx_word' id='word_1_8' title='bbox 1345 345 1680 416; x_wconf 89' lang='lat' dir='ltr'><strong>placuerunt,</strong></span> <span class='ocrx_word' id='word_1_9' title='bbox 1708 353 1764 396; x_wconf 93' lang='lat' dir='ltr'><strong>et</strong></span> <span class='ocrx_word' id='word_1_10' title='bbox 1797 342 1886 411; x_wconf 89' lang='lat' dir='ltr'><strong>qui</strong></span> <span class='ocrx_word' id='word_1_11' title='bbox 1914 341 2067 396; x_wconf 89' lang='lat' dir='ltr'><strong>nobis</strong></span> 
     </span>
    </p>
   </div>
   <div class='ocr_carea' id='block_1_3' title="bbox 483 433 2069 510">
    <p class='ocr_par' dir='ltr' id='par_1_3' title="bbox 483 433 2069 510">
     <span class='ocr_line' id='line_1_3' title="bbox 483 433 2069 510; baseline -0.008 -13"><span class='ocrx_word' id='word_1_12' title='bbox 483 454 611 498; x_wconf 84' lang='lat' dir='ltr'><strong>sunt</strong></span> <span class='ocrx_word' id='word_1_13' title='bbox 642 441 896 510; x_wconf 58' lang='lat' dir='ltr'><strong>praefecti,</strong></span> <span class='ocrx_word' id='word_1_14' title='bbox 920 454 1197 494; x_wconf 84' lang='lat' dir='ltr'><strong>versemur</strong></span> <span class='ocrx_word' id='word_1_15' title='bbox 1223 452 1344 492; x_wconf 89' lang='lat' dir='ltr'><strong>cum</strong></span> <span class='ocrx_word' id='word_1_16' title='bbox 1365 436 1600 501; x_wconf 85' lang='lat' dir='ltr'><strong>diabolo,</strong></span> <span class='ocrx_word' id='word_1_17' title='bbox 1625 433 1847 488; x_wconf 87' lang='lat' dir='ltr'><strong>omnino</strong></span> <span class='ocrx_word' id='word_1_18' title='bbox 1865 433 2069 487; x_wconf 90' lang='lat' dir='ltr'><strong>erimus</strong></span> 
     </span>
    </p>
   </div>
   <div class='ocr_carea' id='block_1_4' title="bbox 482 522 2069 594">
    <p class='ocr_par' dir='ltr' id='par_1_4' title="bbox 482 522 2069 594">
     <span class='ocr_line' id='line_1_4' title="bbox 482 522 2069 594; baseline -0.008 -6"><span class='ocrx_word' id='word_1_19' title='bbox 482 531 804 590; x_wconf 83' lang='lat' dir='ltr'><strong>exheredes.</strong></span> <span class='ocrx_word' id='word_1_20' title='bbox 841 531 1036 586; x_wconf 81' lang='lat' dir='ltr'><strong>Verum</strong></span> <span class='ocrx_word' id='word_1_21' title='bbox 1081 530 1238 592; x_wconf 88' lang='lat' dir='ltr'><strong>absit,</strong></span> <span class='ocrx_word' id='word_1_22' title='bbox 1287 536 1348 582; x_wconf 89' lang='lat' dir='ltr'><strong>ut</strong></span> <span class='ocrx_word' id='word_1_23' title='bbox 1386 535 1625 581; x_wconf 87' lang='lat' dir='ltr'><strong>nostrum</strong></span> <span class='ocrx_word' id='word_1_24' title='bbox 1653 525 1932 594; x_wconf 85' lang='lat' dir='ltr'><strong>quisquam</strong></span> <span class='ocrx_word' id='word_1_25' title='bbox 1968 522 2069 576; x_wconf 85' lang='lat' dir='ltr'><strong>hoc</strong></span> 
     </span>
    </p>
   </div>
   <div class='ocr_carea' id='block_1_5' title="bbox 489 619 2068 694">
    <p class='ocr_par' dir='ltr' id='par_1_5' title="bbox 489 619 2068 694">
     <span class='ocr_line' id='line_1_5' title="bbox 489 619 2068 694; baseline -0.006 -18"><span class='ocrx_word' id='word_1_26' title='bbox 489 624 754 694; x_wconf 85' lang='lat' dir='ltr'><strong>patiatur;</strong></span> <span class='ocrx_word' id='word_1_27' title='bbox 787 623 880 685; x_wconf 88' lang='lat' dir='ltr'><strong>sed</strong></span> <span class='ocrx_word' id='word_1_28' title='bbox 916 622 1054 680; x_wconf 89' lang='lat' dir='ltr'><strong>bello</strong></span> <span class='ocrx_word' id='word_1_29' title='bbox 1084 619 1339 682; x_wconf 87' lang='lat' dir='ltr'><strong>adversus</strong></span> <span class='ocrx_word' id='word_1_30' title='bbox 1368 619 1540 687; x_wconf 89' lang='lat' dir='ltr'><strong>ipsum</strong></span> <span class='ocrx_word' id='word_1_31' title='bbox 1571 625 1819 683; x_wconf 87' lang='lat' dir='ltr'><strong>suscepto</strong></span> <span class='ocrx_word' id='word_1_32' title='bbox 1865 623 1920 668; x_wconf 91' lang='lat' dir='ltr'><strong>et</strong></span> <span class='ocrx_word' id='word_1_33' title='bbox 1947 627 2068 667; x_wconf 90' lang='lat' dir='ltr'><strong>cum</strong></span> 
     </span>
    </p>
   </div>
   <div class='ocr_carea' id='block_1_6' title="bbox 489 703 2073 784">
    <p class='ocr_par' dir='ltr' id='par_1_6' title="bbox 489 703 2073 784">
     <span class='ocr_line' id='line_1_6' title="bbox 489 703 2073 784; baseline -0.006 -16"><span class='ocrx_word' id='word_1_34' title='bbox 489 731 726 784; x_wconf 92' lang='lat' dir='ltr'><strong>superno</strong></span> <span class='ocrx_word' id='word_1_35' title='bbox 766 714 963 775; x_wconf 78' lang='lat' dir='ltr'><strong>auxilio</strong></span> <span class='ocrx_word' id='word_1_36' title='bbox 993 713 1244 774; x_wconf 84' lang='lat' dir='ltr'><strong>victores.</strong></span> <span class='ocrx_word' id='word_1_37' title='bbox 1279 708 1505 766; x_wconf 86' lang='lat' dir='ltr'><strong>heredes</strong></span> <span class='ocrx_word' id='word_1_38' title='bbox 1544 708 1713 761; x_wconf 88' lang='lat' dir='ltr'><strong>simus</strong></span> <span class='ocrx_word' id='word_1_39' title='bbox 1739 703 1888 775; x_wconf 82' lang='lat' dir='ltr'><strong>regni</strong></span> <span class='ocrx_word' id='word_1_40' title='bbox 1913 704 2073 766; x_wconf 61' lang='lat' dir='ltr'><strong>cado-</strong></span> 
     </span>
    </p>
   </div>
   <div class='ocr_carea' id='block_1_7' title="bbox 495 797 2075 875">
    <p class='ocr_par' dir='ltr' id='par_1_7' title="bbox 495 797 2075 875">
     <span class='ocr_line' id='line_1_7' title="bbox 495 797 2075 875; baseline -0.009 -13"><span class='ocrx_word' id='word_1_41' title='bbox 495 824 638 862; x_wconf 88' lang='lat' dir='ltr'><strong>rum.</strong></span> <span class='ocrx_word' id='word_1_42' title='bbox 670 807 725 866; x_wconf 98' lang='lat' dir='ltr'><strong>Si</strong></span> <span class='ocrx_word' id='word_1_43' title='bbox 747 807 873 875; x_wconf 87' lang='lat' dir='ltr'><strong>quis</strong></span> <span class='ocrx_word' id='word_1_44' title='bbox 905 804 1064 867; x_wconf 84' lang='lat' dir='ltr'><strong>habet</strong></span> <span class='ocrx_word' id='word_1_45' title='bbox 1093 803 1385 863; x_wconf 86' lang='lat' dir='ltr'><strong>inimicum,</strong></span> <span class='ocrx_word' id='word_1_46' title='bbox 1413 801 1456 854; x_wconf 92' lang='lat' dir='ltr'><strong>si</strong></span> <span class='ocrx_word' id='word_1_47' title='bbox 1487 799 1677 868; x_wconf 80' lang='lat' dir='ltr'><strong>injuria</strong></span> <span class='ocrx_word' id='word_1_48' title='bbox 1704 797 1772 852; x_wconf 91' lang='lat' dir='ltr'><strong>ab</strong></span> <span class='ocrx_word' id='word_1_49' title='bbox 1793 797 1971 866; x_wconf 88' lang='lat' dir='ltr'><strong>aliquo</strong></span> <span class='ocrx_word' id='word_1_50' title='bbox 1991 803 2075 848; x_wconf 86' lang='lat' dir='ltr'><strong>est</strong></span> 
     </span>
    </p>
   </div>
   <div class='ocr_carea' id='block_1_8' title="bbox 494 891 2072 963">
    <p class='ocr_par' dir='ltr' id='par_1_8' title="bbox 494 891 2072 963">
     <span class='ocr_line' id='line_1_8' title="bbox 494 891 2072 963; baseline -0.008 -13"><span class='ocrx_word' id='word_1_51' title='bbox 494 896 716 959; x_wconf 82' lang='lat' dir='ltr'><strong>affectus</strong></span> <span class='ocrx_word' id='word_1_52' title='bbox 737 937 751 959; x_wconf 92' lang='lat'><strong>,</strong></span> <span class='ocrx_word' id='word_1_53' title='bbox 796 895 840 955; x_wconf 91' lang='lat' dir='ltr'><strong>si</strong></span> <span class='ocrx_word' id='word_1_54' title='bbox 883 893 1001 963; x_wconf 89' lang='lat' dir='ltr'><strong>quis</strong></span> <span class='ocrx_word' id='word_1_55' title='bbox 1029 903 1114 947; x_wconf 89' lang='lat' dir='ltr'><strong>est</strong></span> <span class='ocrx_word' id='word_1_56' title='bbox 1142 891 1396 948; x_wconf 75' lang='lat' dir='ltr'><strong>efferatus</strong></span> <span class='ocrx_word' id='word_1_57' title='bbox 1415 932 1428 953; x_wconf 91' lang='lat'><strong>,</strong></span> <span class='ocrx_word' id='word_1_58' title='bbox 1458 904 1671 944; x_wconf 88' lang='lat' dir='ltr'><strong>omnem</strong></span> <span class='ocrx_word' id='word_1_59' title='bbox 1698 896 2072 957; x_wconf 86' lang='lat' dir='ltr'><strong>congregatam</strong></span> 
     </span>
    </p>
   </div>
   <div class='ocr_carea' id='block_1_9' title="bbox 489 977 2075 1054">
    <p class='ocr_par' dir='ltr' id='par_1_9' title="bbox 489 977 2075 1054">
     <span class='ocr_line' id='line_1_9' title="bbox 489 977 2075 1054; baseline -0.005 -17"><span class='ocrx_word' id='word_1_60' title='bbox 489 986 835 1054; x_wconf 68' lang='lat' dir='ltr'><strong>asperitatem</strong></span> <span class='ocrx_word' id='word_1_61' title='bbox 856 992 911 1037; x_wconf 93' lang='lat' dir='ltr'><strong>et</strong></span> <span class='ocrx_word' id='word_1_62' title='bbox 937 983 1192 1041; x_wconf 75' lang='lat' dir='ltr'><strong>ferociam</strong></span> <span class='ocrx_word' id='word_1_63' title='bbox 1216 980 1453 1041; x_wconf 83' lang='lat' dir='ltr'><strong>etl&#39;uudat</strong></span> <span class='ocrx_word' id='word_1_64' title='bbox 1478 980 1531 1043; x_wconf 87' lang='lat' dir='ltr'><strong>in</strong></span> <span class='ocrx_word' id='word_1_65' title='bbox 1554 987 1712 1048; x_wconf 90' lang='lat' dir='ltr'><strong>caput</strong></span> <span class='ocrx_word' id='word_1_66' title='bbox 1736 977 1954 1041; x_wconf 83' lang='lat' dir='ltr'><strong>diaboli.</strong></span> <span class='ocrx_word' id='word_1_67' title='bbox 1978 977 2075 1035; x_wconf 87' lang='lat' dir='ltr'><strong>Hic</strong></span> 
     </span>
    </p>
   </div>
   <div class='ocr_carea' id='block_1_10' title="bbox 489 1068 2067 1140">
    <p class='ocr_par' dir='ltr' id='par_1_10' title="bbox 489 1068 2067 1140">
     <span class='ocr_line' id='line_1_10' title="bbox 489 1068 2067 1140; baseline -0.005 -11"><span class='ocrx_word' id='word_1_68' title='bbox 489 1077 567 1130; x_wconf 90' lang='lat' dir='ltr'><strong>ira</strong></span> <span class='ocrx_word' id='word_1_69' title='bbox 599 1092 685 1132; x_wconf 86' lang='lat' dir='ltr'><strong>res</strong></span> <span class='ocrx_word' id='word_1_70' title='bbox 708 1087 791 1132; x_wconf 91' lang='lat' dir='ltr'><strong>est</strong></span> <span class='ocrx_word' id='word_1_71' title='bbox 811 1076 950 1132; x_wconf 87' lang='lat' dir='ltr'><strong>bona</strong></span> <span class='ocrx_word' id='word_1_72' title='bbox 977 1085 1032 1130; x_wconf 91' lang='lat' dir='ltr'><strong>et</strong></span> <span class='ocrx_word' id='word_1_73' title='bbox 1058 1075 1312 1138; x_wconf 88' lang='lat' dir='ltr'><strong>honesta;</strong></span> <span class='ocrx_word' id='word_1_74' title='bbox 1337 1073 1423 1127; x_wconf 89' lang='lat' dir='ltr'><strong>hic</strong></span> <span class='ocrx_word' id='word_1_75' title='bbox 1444 1070 1736 1140; x_wconf 74' lang='lat' dir='ltr'><strong>indignatio</strong></span> <span class='ocrx_word' id='word_1_76' title='bbox 1758 1084 1846 1124; x_wconf 87' lang='lat' dir='ltr'><strong>res</strong></span> <span class='ocrx_word' id='word_1_77' title='bbox 1871 1075 1950 1128; x_wconf 81' lang='lat' dir='ltr'><strong>est</strong></span> <span class='ocrx_word' id='word_1_78' title='bbox 1976 1068 2067 1122; x_wconf 79' lang='lat' dir='ltr'><strong>uti-</strong></span> 
     </span>
    </p>
   </div>
   <div class='ocr_carea' id='block_1_11' title="bbox 491 1162 2078 1243">
    <p class='ocr_par' dir='ltr' id='par_1_11' title="bbox 491 1162 2078 1243">
     <span class='ocr_line' id='line_1_11' title="bbox 491 1162 2078 1243; baseline -0.005 -22"><span class='ocrx_word' id='word_1_79' title='bbox 491 1167 593 1233; x_wconf 86' lang='lat' dir='ltr'><strong>lis;</strong></span> <span class='ocrx_word' id='word_1_80' title='bbox 629 1169 712 1234; x_wconf 82' lang='lat' dir='ltr'><strong>hic</strong></span> <span class='ocrx_word' id='word_1_81' title='bbox 742 1168 954 1237; x_wconf 64' lang='lat' dir='ltr'><strong>injuria:</strong></span> <span class='ocrx_word' id='word_1_82' title='bbox 979 1175 1213 1243; x_wconf 78' lang='lat' dir='ltr'><strong>accepta:</strong></span> <span class='ocrx_word' id='word_1_83' title='bbox 1239 1163 1542 1220; x_wconf 75' lang='lat' dir='ltr'><strong>recordatio</strong></span> <span class='ocrx_word' id='word_1_84' title='bbox 1572 1172 1624 1218; x_wconf 91' lang='lat' dir='ltr'><strong>et</strong></span> <span class='ocrx_word' id='word_1_85' title='bbox 1652 1162 1834 1220; x_wconf 87' lang='lat' dir='ltr'><strong>odium</strong></span> <span class='ocrx_word' id='word_1_86' title='bbox 1876 1173 1965 1215; x_wconf 88' lang='lat' dir='ltr'><strong>res</strong></span> <span class='ocrx_word' id='word_1_87' title='bbox 1994 1169 2078 1214; x_wconf 91' lang='lat' dir='ltr'><strong>est</strong></span> 
     </span>
    </p>
   </div>
   <div class='ocr_carea' id='block_1_12' title="bbox 497 1251 2079 1323">
    <p class='ocr_par' dir='ltr' id='par_1_12' title="bbox 497 1251 2079 1323">
     <span class='ocr_line' id='line_1_12' title="bbox 497 1251 2079 1323; baseline -0.005 -12"><span class='ocrx_word' id='word_1_88' title='bbox 497 1259 799 1313; x_wconf 84' lang='lat' dir='ltr'><strong>laudabilis.</strong></span> <span class='ocrx_word' id='word_1_89' title='bbox 850 1258 1002 1323; x_wconf 85' lang='lat' dir='ltr'><strong>Sicut</strong></span> <span class='ocrx_word' id='word_1_90' title='bbox 1041 1257 1184 1310; x_wconf 89' lang='lat' dir='ltr'><strong>enim</strong></span> <span class='ocrx_word' id='word_1_91' title='bbox 1232 1256 1285 1317; x_wconf 84' lang='lat' dir='ltr'><strong>iu</strong></span> <span class='ocrx_word' id='word_1_92' title='bbox 1316 1253 1552 1320; x_wconf 69' lang='lat' dir='ltr'><strong>externis</strong></span> <span class='ocrx_word' id='word_1_93' title='bbox 1593 1251 1802 1321; x_wconf 74' lang='lat' dir='ltr'><strong>injuria:</strong></span> <span class='ocrx_word' id='word_1_94' title='bbox 1845 1258 2079 1320; x_wconf 64' lang='lat' dir='ltr'><strong>acceptae</strong></span> 
     </span>
    </p>
   </div>
   <div class='ocr_carea' id='block_1_13' title="bbox 492 1342 2081 1416">
    <p class='ocr_par' dir='ltr' id='par_1_13' title="bbox 492 1342 2081 1416">
     <span class='ocr_line' id='line_1_13' title="bbox 492 1342 2081 1416; baseline -0.007 -10"><span class='ocrx_word' id='word_1_95' title='bbox 492 1351 764 1416; x_wconf 79' lang='lat' dir='ltr'><strong>recordari</strong></span> <span class='ocrx_word' id='word_1_96' title='bbox 791 1360 875 1415; x_wconf 77' lang='lat' dir='ltr'><strong>est</strong></span> <span class='ocrx_word' id='word_1_97' title='bbox 902 1350 1120 1414; x_wconf 84' lang='lat' dir='ltr'><strong>malum,</strong></span> <span class='ocrx_word' id='word_1_98' title='bbox 1151 1350 1220 1412; x_wconf 80' lang='lat' dir='ltr'><strong>ita</strong></span> <span class='ocrx_word' id='word_1_99' title='bbox 1261 1348 1346 1402; x_wconf 90' lang='lat' dir='ltr'><strong>hic</strong></span> <span class='ocrx_word' id='word_1_100' title='bbox 1385 1347 1592 1416; x_wconf 75' lang='lat' dir='ltr'><strong>injuria:</strong></span> <span class='ocrx_word' id='word_1_101' title='bbox 1631 1352 1864 1415; x_wconf 81' lang='lat' dir='ltr'><strong>accepta:</strong></span> <span class='ocrx_word' id='word_1_102' title='bbox 1893 1342 2081 1396; x_wconf 87' lang='lat' dir='ltr'><strong>memi-</strong></span> 
     </span>
    </p>
   </div>
   <div class='ocr_carea' id='block_1_14' title="bbox 499 1434 2078 1508">
    <p class='ocr_par' dir='ltr' id='par_1_14' title="bbox 499 1434 2078 1508">
     <span class='ocr_line' id='line_1_14' title="bbox 499 1434 2078 1508; baseline -0.007 -14"><span class='ocrx_word' id='word_1_103' title='bbox 499 1442 644 1495; x_wconf 86' lang='lat' dir='ltr'><strong>nisse</strong></span> <span class='ocrx_word' id='word_1_104' title='bbox 673 1450 756 1497; x_wconf 89' lang='lat' dir='ltr'><strong>est</strong></span> <span class='ocrx_word' id='word_1_105' title='bbox 782 1440 1000 1493; x_wconf 88' lang='lat' dir='ltr'><strong>bonum.</strong></span> <span class='ocrx_word' id='word_1_106' title='bbox 1034 1440 1216 1508; x_wconf 77' lang='lat' dir='ltr'><strong>Itaque</strong></span> <span class='ocrx_word' id='word_1_107' title='bbox 1237 1439 1282 1492; x_wconf 91' lang='lat' dir='ltr'><strong>si</strong></span> <span class='ocrx_word' id='word_1_108' title='bbox 1308 1437 1472 1491; x_wconf 86' lang='lat' dir='ltr'><strong>habes</strong></span> <span class='ocrx_word' id='word_1_109' title='bbox 1497 1436 1623 1494; x_wconf 80' lang='lat' dir='ltr'><strong>vitia</strong></span> <span class='ocrx_word' id='word_1_110' title='bbox 1653 1445 1705 1490; x_wconf 90' lang='lat' dir='ltr'><strong>et</strong></span> <span class='ocrx_word' id='word_1_111' title='bbox 1731 1434 1990 1498; x_wconf 80' lang='lat' dir='ltr'><strong>defectus,</strong></span> <span class='ocrx_word' id='word_1_112' title='bbox 2015 1446 2078 1486; x_wconf 87' lang='lat' dir='ltr'><strong>ea</strong></span> 
     </span>
    </p>
   </div>
   <div class='ocr_carea' id='block_1_15' title="bbox 498 1525 2079 1608">
    <p class='ocr_par' dir='ltr' id='par_1_15' title="bbox 498 1525 2079 1608">
     <span class='ocr_line' id='line_1_15' title="bbox 498 1525 2079 1608; baseline -0.005 -24"><span class='ocrx_word' id='word_1_113' title='bbox 498 1532 584 1585; x_wconf 82' lang='lat' dir='ltr'><strong>ltie</strong></span> <span class='ocrx_word' id='word_1_114' title='bbox 613 1531 821 1608; x_wconf 82' lang='lat' dir='ltr'><strong>depone</strong></span> <span class='ocrx_word' id='word_1_115' title='bbox 848 1547 862 1598; x_wconf 89' lang='lat'><strong>;</strong></span> <span class='ocrx_word' id='word_1_116' title='bbox 913 1533 956 1595; x_wconf 92' lang='lat' dir='ltr'><strong>si</strong></span> <span class='ocrx_word' id='word_1_117' title='bbox 1004 1545 1108 1590; x_wconf 86' lang='lat' dir='ltr'><strong>non</strong></span> <span class='ocrx_word' id='word_1_118' title='bbox 1139 1538 1290 1602; x_wconf 87' lang='lat' dir='ltr'><strong>potes</strong></span> <span class='ocrx_word' id='word_1_119' title='bbox 1317 1543 1378 1582; x_wconf 89' lang='lat' dir='ltr'><strong>ea</strong></span> <span class='ocrx_word' id='word_1_120' title='bbox 1407 1528 1700 1596; x_wconf 81' lang='lat' dir='ltr'><strong>deponere,</strong></span> <span class='ocrx_word' id='word_1_121' title='bbox 1739 1525 1930 1585; x_wconf 87' lang='lat' dir='ltr'><strong>saltem</strong></span> <span class='ocrx_word' id='word_1_122' title='bbox 1957 1538 2079 1578; x_wconf 89' lang='lat' dir='ltr'><strong>cum</strong></span> 
     </span>
    </p>
   </div>
   <div class='ocr_carea' id='block_1_16' title="bbox 498 1615 2082 1692">
    <p class='ocr_par' dir='ltr' id='par_1_16' title="bbox 498 1615 2082 1692">
     <span class='ocr_line' id='line_1_16' title="bbox 498 1615 2082 1692; baseline -0.006 -15"><span class='ocrx_word' id='word_1_123' title='bbox 498 1624 756 1686; x_wconf 84' lang='lat' dir='ltr'><strong>membris</strong></span> <span class='ocrx_word' id='word_1_124' title='bbox 785 1624 888 1690; x_wconf 86' lang='lat' dir='ltr'><strong>luis</strong></span> <span class='ocrx_word' id='word_1_125' title='bbox 918 1622 1148 1692; x_wconf 82' lang='lat' dir='ltr'><strong>depone.</strong></span> <span class='ocrx_word' id='word_1_126' title='bbox 1197 1620 1468 1683; x_wconf 76' lang='lat' dir='ltr'><strong>Percussit</strong></span> <span class='ocrx_word' id='word_1_127' title='bbox 1493 1617 1728 1688; x_wconf 81' lang='lat' dir='ltr'><strong>aliquis?</strong></span> <span class='ocrx_word' id='word_1_128' title='bbox 1757 1617 1846 1671; x_wconf 87' lang='lat' dir='ltr'><strong>Sis</strong></span> <span class='ocrx_word' id='word_1_129' title='bbox 1871 1615 2082 1686; x_wconf 67' lang='lat' dir='ltr'><strong>injuria:</strong></span> 
     </span>
    </p>
   </div>
   <div class='ocr_carea' id='block_1_17' title="bbox 496 1707 2082 1782">
    <p class='ocr_par' dir='ltr' id='par_1_17' title="bbox 496 1707 2082 1782">
     <span class='ocr_line' id='line_1_17' title="bbox 496 1707 2082 1782; baseline -0.007 -13"><span class='ocrx_word' id='word_1_130' title='bbox 496 1731 528 1769; x_wconf 87' lang='lat' dir='ltr'><strong>a</strong></span> <span class='ocrx_word' id='word_1_131' title='bbox 574 1714 788 1781; x_wconf 78' lang='lat' dir='ltr'><strong>diabolo</strong></span> <span class='ocrx_word' id='word_1_132' title='bbox 826 1723 1062 1782; x_wconf 76' lang='lat' dir='ltr'><strong>accepta:</strong></span> <span class='ocrx_word' id='word_1_133' title='bbox 1112 1728 1340 1775; x_wconf 89' lang='lat' dir='ltr'><strong>memor,</strong></span> <span class='ocrx_word' id='word_1_134' title='bbox 1386 1719 1442 1774; x_wconf 83' lang='lat' dir='ltr'><strong>et</strong></span> <span class='ocrx_word' id='word_1_135' title='bbox 1487 1723 1775 1778; x_wconf 80' lang='lat' dir='ltr'><strong>numquam</strong></span> <span class='ocrx_word' id='word_1_136' title='bbox 1821 1707 2082 1761; x_wconf 89' lang='lat' dir='ltr'><strong>adversus</strong></span> 
     </span>
    </p>
   </div>
   <div class='ocr_carea' id='block_1_18' title="bbox 495 1795 2084 1878">
    <p class='ocr_par' dir='ltr' id='par_1_18' title="bbox 495 1795 2084 1878">
     <span class='ocr_line' id='line_1_18' title="bbox 495 1795 2084 1878; baseline -0.008 -17"><span class='ocrx_word' id='word_1_137' title='bbox 495 1821 617 1861; x_wconf 90' lang='lat' dir='ltr'><strong>eum</strong></span> <span class='ocrx_word' id='word_1_138' title='bbox 641 1816 917 1875; x_wconf 80' lang='lat' dir='ltr'><strong>susceptas</strong></span> <span class='ocrx_word' id='word_1_139' title='bbox 936 1819 1198 1878; x_wconf 89' lang='lat' dir='ltr'><strong>compone</strong></span> <span class='ocrx_word' id='word_1_140' title='bbox 1225 1803 1548 1866; x_wconf 70' lang='lat' dir='ltr'><strong>inimicitias.</strong></span> <span class='ocrx_word' id='word_1_141' title='bbox 1573 1803 1642 1856; x_wconf 81' lang='lat' dir='ltr'><strong>At</strong></span> <span class='ocrx_word' id='word_1_142' title='bbox 1661 1816 1765 1854; x_wconf 88' lang='lat' dir='ltr'><strong>non</strong></span> <span class='ocrx_word' id='word_1_143' title='bbox 1789 1795 2084 1868; x_wconf 85' lang='lat' dir='ltr'><strong>percussit?</strong></span> 
     </span>
    </p>
   </div>
   <div class='ocr_carea' id='block_1_19' title="bbox 497 1887 2083 1968">
    <p class='ocr_par' dir='ltr' id='par_1_19' title="bbox 497 1887 2083 1968">
     <span class='ocr_line' id='line_1_19' title="bbox 497 1887 2083 1968; baseline -0.009 -14"><span class='ocrx_word' id='word_1_144' title='bbox 497 1899 588 1954; x_wconf 89' lang='lat' dir='ltr'><strong>Sic</strong></span> <span class='ocrx_word' id='word_1_145' title='bbox 617 1913 826 1968; x_wconf 87' lang='lat' dir='ltr'><strong>quoque</strong></span> <span class='ocrx_word' id='word_1_146' title='bbox 853 1898 927 1961; x_wconf 86' lang='lat' dir='ltr'><strong>sis</strong></span> <span class='ocrx_word' id='word_1_147' title='bbox 952 1912 1159 1951; x_wconf 89' lang='lat' dir='ltr'><strong>memor</strong></span> <span class='ocrx_word' id='word_1_148' title='bbox 1184 1904 1416 1968; x_wconf 75' lang='lat' dir='ltr'><strong>accepta:</strong></span> <span class='ocrx_word' id='word_1_149' title='bbox 1443 1892 1680 1962; x_wconf 80' lang='lat' dir='ltr'><strong>injuriae;</strong></span> <span class='ocrx_word' id='word_1_150' title='bbox 1713 1889 1856 1960; x_wconf 86' lang='lat' dir='ltr'><strong>quod</strong></span> <span class='ocrx_word' id='word_1_151' title='bbox 1899 1887 2083 1953; x_wconf 87' lang='lat' dir='ltr'><strong>Domi-</strong></span> 
     </span>
    </p>
   </div>
   <div class='ocr_carea' id='block_1_20' title="bbox 1241 226 3033 288">
    <p class='ocr_par' dir='ltr' id='par_1_20' title="bbox 1241 226 3033 288">
     <span class='ocr_line' id='line_1_20' title="bbox 1241 226 3033 288; baseline -0.002 0"><span class='ocrx_word' id='word_1_152' title='bbox 1241 232 1296 288; x_wconf 85' lang='lat' dir='ltr'><strong>S.</strong></span> <span class='ocrx_word' id='word_1_153' title='bbox 1327 228 1603 287; x_wconf 72' lang='lat' dir='ltr'><strong>JOANNIS</strong></span> <span class='ocrx_word' id='word_1_154' title='bbox 1641 227 2112 283; x_wconf 67' lang='lat' dir='ltr'><strong>CllliYSUSTOMI</strong></span> <span class='ocrx_word' id='word_1_155' title='bbox 2152 227 2463 282; x_wconf 74' lang='lat' dir='ltr'><strong>ARCIIIEP.</strong></span> <span class='ocrx_word' id='word_1_156' title='bbox 2502 226 3033 285; x_wconf 82' lang='lat' dir='ltr'><strong>CONSTANTINOP.</strong></span> 
     </span>
    </p>
   </div>
   <div class='ocr_carea' id='block_1_21' title="bbox 3649 235 3750 291">
    <p class='ocr_par' dir='ltr' id='par_1_21' title="bbox 3649 235 3750 291">
     <span class='ocr_line' id='line_1_21' title="bbox 3649 235 3750 291; baseline 0.03 -3"><span class='ocrx_word' id='word_1_157' title='bbox 3649 235 3750 291; x_wconf 64' lang='lat'><strong>{85</strong></span> 
     </span>
    </p>
   </div>
   <div class='ocr_carea' id='block_1_22' title="bbox 2174 341 3749 420">
    <p class='ocr_par' dir='ltr' id='par_1_22' title="bbox 2174 341 3749 420">
     <span class='ocr_line' id='line_1_22' title="bbox 2174 341 3749 420; baseline 0.008 -26"><span class='ocrx_word' id='word_1_158' title='bbox 2174 355 2300 395; x_wconf 89' lang='lat' dir='ltr'><strong>num</strong></span> <span class='ocrx_word' id='word_1_159' title='bbox 2327 351 2472 396; x_wconf 89' lang='lat' dir='ltr'><strong>tuum</strong></span> <span class='ocrx_word' id='word_1_160' title='bbox 2500 341 2737 396; x_wconf 76' lang='lat' dir='ltr'><strong>olfecerit</strong></span> <span class='ocrx_word' id='word_1_161' title='bbox 2755 343 3104 410; x_wconf 86' lang='lat' dir='ltr'><strong>contumelia,</strong></span> <span class='ocrx_word' id='word_1_162' title='bbox 3127 343 3270 414; x_wconf 89' lang='lat' dir='ltr'><strong>quod</strong></span> <span class='ocrx_word' id='word_1_163' title='bbox 3285 343 3587 413; x_wconf 87' lang='lat' dir='ltr'><strong>offenderit,</strong></span> <span class='ocrx_word' id='word_1_164' title='bbox 3611 351 3749 420; x_wconf 85' lang='lat' dir='ltr'><strong>quod</strong></span> 
     </span>
    </p>
   </div>
   <div class='ocr_carea' id='block_1_23' title="bbox 2174 433 3750 505">
    <p class='ocr_par' dir='ltr' id='par_1_23' title="bbox 2174 433 3750 505">
     <span class='ocr_line' id='line_1_23' title="bbox 2174 433 3750 505; baseline 0.008 -21"><span class='ocrx_word' id='word_1_165' title='bbox 2174 433 2424 487; x_wconf 80' lang='lat' dir='ltr'><strong>fratribus</strong></span> <span class='ocrx_word' id='word_1_166' title='bbox 2452 441 2642 487; x_wconf 90' lang='lat' dir='ltr'><strong>noceat</strong></span> <span class='ocrx_word' id='word_1_167' title='bbox 2664 471 2678 495; x_wconf 88' lang='lat'><strong>,</strong></span> <span class='ocrx_word' id='word_1_168' title='bbox 2709 442 2766 486; x_wconf 88' lang='lat' dir='ltr'><strong>et</strong></span> <span class='ocrx_word' id='word_1_169' title='bbox 2794 447 2915 488; x_wconf 91' lang='lat' dir='ltr'><strong>cum</strong></span> <span class='ocrx_word' id='word_1_170' title='bbox 2946 434 3025 488; x_wconf 90' lang='lat' dir='ltr'><strong>eis</strong></span> <span class='ocrx_word' id='word_1_171' title='bbox 3055 433 3253 489; x_wconf 83' lang='lat' dir='ltr'><strong>bellum</strong></span> <span class='ocrx_word' id='word_1_172' title='bbox 3284 445 3454 505; x_wconf 86' lang='lat' dir='ltr'><strong>gerat.</strong></span> <span class='ocrx_word' id='word_1_173' title='bbox 3486 437 3572 493; x_wconf 88' lang='lat' dir='ltr'><strong>Sis</strong></span> <span class='ocrx_word' id='word_1_174' title='bbox 3611 454 3750 495; x_wconf 85' lang='lat' dir='ltr'><strong>sem-</strong></span> 
     </span>
    </p>
   </div>
   <div class='ocr_carea' id='block_1_24' title="bbox 2174 521 3754 596">
    <p class='ocr_par' dir='ltr' id='par_1_24' title="bbox 2174 521 3754 596">
     <span class='ocr_line' id='line_1_24' title="bbox 2174 521 3754 596; baseline 0.006 -20"><span class='ocrx_word' id='word_1_175' title='bbox 2174 535 2271 589; x_wconf 87' lang='lat' dir='ltr'><strong>per</strong></span> <span class='ocrx_word' id='word_1_176' title='bbox 2299 521 2569 590; x_wconf 88' lang='lat' dir='ltr'><strong>inimicus,</strong></span> <span class='ocrx_word' id='word_1_177' title='bbox 2603 538 2818 591; x_wconf 90' lang='lat' dir='ltr'><strong>semper</strong></span> <span class='ocrx_word' id='word_1_178' title='bbox 2843 523 3087 588; x_wconf 89' lang='lat' dir='ltr'><strong>acerbus,</strong></span> <span class='ocrx_word' id='word_1_179' title='bbox 3115 540 3330 596; x_wconf 88' lang='lat' dir='ltr'><strong>semper</strong></span> <span class='ocrx_word' id='word_1_180' title='bbox 3350 528 3570 583; x_wconf 90' lang='lat' dir='ltr'><strong>immitis</strong></span> <span class='ocrx_word' id='word_1_181' title='bbox 3590 539 3642 585; x_wconf 90' lang='lat' dir='ltr'><strong>et</strong></span> <span class='ocrx_word' id='word_1_182' title='bbox 3669 530 3754 586; x_wconf 87' lang='lat' dir='ltr'><strong>fe-</strong></span> 
     </span>
    </p>
   </div>
   <div class='ocr_carea' id='block_1_25' title="bbox 2175 611 3759 687">
    <p class='ocr_par' dir='ltr' id='par_1_25' title="bbox 2175 611 3759 687">
     <span class='ocr_line' id='line_1_25' title="bbox 2175 611 3759 687; baseline 0.006 -21"><span class='ocrx_word' id='word_1_183' title='bbox 2175 627 2284 666; x_wconf 92' lang='lat' dir='ltr'><strong>rus.</strong></span> <span class='ocrx_word' id='word_1_184' title='bbox 2326 612 2401 668; x_wconf 87' lang='lat' dir='ltr'><strong>lta</strong></span> <span class='ocrx_word' id='word_1_185' title='bbox 2447 611 2538 669; x_wconf 89' lang='lat' dir='ltr'><strong>ille</strong></span> <span class='ocrx_word' id='word_1_186' title='bbox 2579 614 2684 668; x_wconf 87' lang='lat' dir='ltr'><strong>erit</strong></span> <span class='ocrx_word' id='word_1_187' title='bbox 2726 612 2962 680; x_wconf 85' lang='lat' dir='ltr'><strong>humilis,</strong></span> <span class='ocrx_word' id='word_1_188' title='bbox 3011 615 3089 670; x_wconf 90' lang='lat' dir='ltr'><strong>sic</strong></span> <span class='ocrx_word' id='word_1_189' title='bbox 3129 616 3231 670; x_wconf 89' lang='lat' dir='ltr'><strong>erit</strong></span> <span class='ocrx_word' id='word_1_190' title='bbox 3275 615 3636 687; x_wconf 85' lang='lat' dir='ltr'><strong>despicabilis,</strong></span> <span class='ocrx_word' id='word_1_191' title='bbox 3677 621 3759 676; x_wconf 91' lang='lat' dir='ltr'><strong>sic</strong></span> 
     </span>
    </p>
   </div>
   <div class='ocr_carea' id='block_1_26' title="bbox 2175 702 3759 773">
    <p class='ocr_par' dir='ltr' id='par_1_26' title="bbox 2175 702 3759 773">
     <span class='ocr_line' id='line_1_26' title="bbox 2175 702 3759 773; baseline 0.006 -17"><span class='ocrx_word' id='word_1_192' title='bbox 2175 711 2332 770; x_wconf 84' lang='lat' dir='ltr'><strong>captu</strong></span> <span class='ocrx_word' id='word_1_193' title='bbox 2364 702 2554 758; x_wconf 87' lang='lat' dir='ltr'><strong>facilis.</strong></span> <span class='ocrx_word' id='word_1_194' title='bbox 2582 703 2641 759; x_wconf 91' lang='lat' dir='ltr'><strong>Si</strong></span> <span class='ocrx_word' id='word_1_195' title='bbox 2669 718 2768 760; x_wconf 90' lang='lat' dir='ltr'><strong>nos</strong></span> <span class='ocrx_word' id='word_1_196' title='bbox 2788 705 2956 760; x_wconf 90' lang='lat' dir='ltr'><strong>simus</strong></span> <span class='ocrx_word' id='word_1_197' title='bbox 2982 704 3034 758; x_wconf 92' lang='lat' dir='ltr'><strong>iu</strong></span> <span class='ocrx_word' id='word_1_198' title='bbox 3061 721 3183 760; x_wconf 89' lang='lat' dir='ltr'><strong>eum</strong></span> <span class='ocrx_word' id='word_1_199' title='bbox 3214 705 3439 773; x_wconf 81' lang='lat' dir='ltr'><strong>feroces,</strong></span> <span class='ocrx_word' id='word_1_200' title='bbox 3473 709 3561 763; x_wconf 90' lang='lat' dir='ltr'><strong>ille</strong></span> <span class='ocrx_word' id='word_1_201' title='bbox 3584 709 3634 764; x_wconf 91' lang='lat' dir='ltr'><strong>in</strong></span> <span class='ocrx_word' id='word_1_202' title='bbox 3657 727 3759 766; x_wconf 91' lang='lat' dir='ltr'><strong>nos</strong></span> 
     </span>
    </p>
   </div>
   <div class='ocr_carea' id='block_1_27' title="bbox 2177 793 3758 870">
    <p class='ocr_par' dir='ltr' id='par_1_27' title="bbox 2177 793 3758 870">
     <span class='ocr_line' id='line_1_27' title="bbox 2177 793 3758 870; baseline 0.007 -24"><span class='ocrx_word' id='word_1_203' title='bbox 2177 807 2282 846; x_wconf 90' lang='lat' dir='ltr'><strong>non</strong></span> <span class='ocrx_word' id='word_1_204' title='bbox 2324 793 2426 848; x_wconf 90' lang='lat' dir='ltr'><strong>erit</strong></span> <span class='ocrx_word' id='word_1_205' title='bbox 2465 793 2641 859; x_wconf 83' lang='lat' dir='ltr'><strong>ferus;</strong></span> <span class='ocrx_word' id='word_1_206' title='bbox 2691 797 2739 849; x_wconf 89' lang='lat' dir='ltr'><strong>si</strong></span> <span class='ocrx_word' id='word_1_207' title='bbox 2788 809 2887 850; x_wconf 91' lang='lat' dir='ltr'><strong>nos</strong></span> <span class='ocrx_word' id='word_1_208' title='bbox 2916 797 3083 854; x_wconf 88' lang='lat' dir='ltr'><strong>simus</strong></span> <span class='ocrx_word' id='word_1_209' title='bbox 3111 797 3400 853; x_wconf 90' lang='lat' dir='ltr'><strong>clementes</strong></span> <span class='ocrx_word' id='word_1_210' title='bbox 3428 801 3758 870; x_wconf 85' lang='lat' dir='ltr'><strong>etbenigui,</strong></span> 
     </span>
    </p>
   </div>
   <div class='ocr_carea' id='block_1_28' title="bbox 2179 883 3758 958">
    <p class='ocr_par' dir='ltr' id='par_1_28' title="bbox 2179 883 3758 958">
     <span class='ocr_line' id='line_1_28' title="bbox 2179 883 3758 958; baseline 0.008 -23"><span class='ocrx_word' id='word_1_211' title='bbox 2179 891 2304 937; x_wconf 87' lang='lat' dir='ltr'><strong>tunc</strong></span> <span class='ocrx_word' id='word_1_212' title='bbox 2345 883 2432 938; x_wconf 88' lang='lat' dir='ltr'><strong>ille</strong></span> <span class='ocrx_word' id='word_1_213' title='bbox 2461 884 2556 938; x_wconf 87' lang='lat' dir='ltr'><strong>erit</strong></span> <span class='ocrx_word' id='word_1_214' title='bbox 2593 883 2737 938; x_wconf 83' lang='lat' dir='ltr'><strong>ferox</strong></span> <span class='ocrx_word' id='word_1_215' title='bbox 2772 909 2786 938; x_wconf 84' lang='lat'><strong>:</strong></span> <span class='ocrx_word' id='word_1_216' title='bbox 2822 901 2926 938; x_wconf 91' lang='lat' dir='ltr'><strong>non</strong></span> <span class='ocrx_word' id='word_1_217' title='bbox 2963 886 3102 940; x_wconf 89' lang='lat' dir='ltr'><strong>sicut</strong></span> <span class='ocrx_word' id='word_1_218' title='bbox 3129 902 3255 958; x_wconf 85' lang='lat' dir='ltr'><strong>erga</strong></span> <span class='ocrx_word' id='word_1_219' title='bbox 3303 887 3495 945; x_wconf 82' lang='lat' dir='ltr'><strong>fratres</strong></span> <span class='ocrx_word' id='word_1_220' title='bbox 3542 901 3758 947; x_wconf 81' lang='lat' dir='ltr'><strong>nostros</strong></span> 
     </span>
    </p>
   </div>
   <div class='ocr_carea' id='block_1_29' title="bbox 2179 973 3764 1043">
    <p class='ocr_par' dir='ltr' id='par_1_29' title="bbox 2179 973 3764 1043">
     <span class='ocr_line' id='line_1_29' title="bbox 2179 973 3764 1043; baseline 0.009 -16"><span class='ocrx_word' id='word_1_221' title='bbox 2179 988 2303 1043; x_wconf 85' lang='lat' dir='ltr'><strong>erga</strong></span> <span class='ocrx_word' id='word_1_222' title='bbox 2347 973 2498 1028; x_wconf 90' lang='lat' dir='ltr'><strong>illum</strong></span> <span class='ocrx_word' id='word_1_223' title='bbox 2541 973 2715 1030; x_wconf 79' lang='lat' dir='ltr'><strong>aﬂ‘ecti</strong></span> <span class='ocrx_word' id='word_1_224' title='bbox 2745 976 2932 1032; x_wconf 88' lang='lat' dir='ltr'><strong>simus.</strong></span> <span class='ocrx_word' id='word_1_225' title='bbox 2967 977 3060 1033; x_wconf 89' lang='lat' dir='ltr'><strong>Ille</strong></span> <span class='ocrx_word' id='word_1_226' title='bbox 3088 987 3173 1033; x_wconf 90' lang='lat' dir='ltr'><strong>est</strong></span> <span class='ocrx_word' id='word_1_227' title='bbox 3211 979 3456 1036; x_wconf 91' lang='lat' dir='ltr'><strong>inimicus</strong></span> <span class='ocrx_word' id='word_1_228' title='bbox 3494 991 3548 1036; x_wconf 91' lang='lat' dir='ltr'><strong>et</strong></span> <span class='ocrx_word' id='word_1_229' title='bbox 3592 982 3764 1042; x_wconf 86' lang='lat' dir='ltr'><strong>hostis</strong></span> 
     </span>
    </p>
   </div>
   <div class='ocr_carea' id='block_1_30' title="bbox 2179 1063 3764 1140">
    <p class='ocr_par' dir='ltr' id='par_1_30' title="bbox 2179 1063 3764 1140">
     <span class='ocr_line' id='line_1_30' title="bbox 2179 1063 3764 1140; baseline 0.007 -23"><span class='ocrx_word' id='word_1_230' title='bbox 2179 1064 2302 1118; x_wconf 84' lang='lat' dir='ltr'><strong>vitae</strong></span> <span class='ocrx_word' id='word_1_231' title='bbox 2330 1070 2386 1118; x_wconf 89' lang='lat' dir='ltr'><strong>et</strong></span> <span class='ocrx_word' id='word_1_232' title='bbox 2411 1063 2618 1130; x_wconf 88' lang='lat' dir='ltr'><strong>salutis,</strong></span> <span class='ocrx_word' id='word_1_233' title='bbox 2647 1075 2702 1120; x_wconf 91' lang='lat' dir='ltr'><strong>et</strong></span> <span class='ocrx_word' id='word_1_234' title='bbox 2729 1076 2928 1122; x_wconf 72' lang='lat' dir='ltr'><strong>nostra:</strong></span> <span class='ocrx_word' id='word_1_235' title='bbox 2953 1078 3006 1123; x_wconf 92' lang='lat' dir='ltr'><strong>et</strong></span> <span class='ocrx_word' id='word_1_236' title='bbox 3033 1082 3166 1122; x_wconf 84' lang='lat' dir='ltr'><strong>suae.</strong></span> <span class='ocrx_word' id='word_1_237' title='bbox 3197 1069 3252 1124; x_wconf 93' lang='lat' dir='ltr'><strong>Si</strong></span> <span class='ocrx_word' id='word_1_238' title='bbox 3278 1071 3513 1140; x_wconf 89' lang='lat' dir='ltr'><strong>seipsum</strong></span> <span class='ocrx_word' id='word_1_239' title='bbox 3545 1087 3651 1127; x_wconf 89' lang='lat' dir='ltr'><strong>non</strong></span> <span class='ocrx_word' id='word_1_240' title='bbox 3681 1073 3764 1128; x_wconf 57' lang='lat' dir='ltr'><strong>dio</strong></span> 
     </span>
    </p>
   </div>
   <div class='ocr_carea' id='block_1_31' title="bbox 2181 1155 3765 1234">
    <p class='ocr_par' dir='ltr' id='par_1_31' title="bbox 2181 1155 3765 1234">
     <span class='ocr_line' id='line_1_31' title="bbox 2181 1155 3765 1234; baseline 0.007 -25"><span class='ocrx_word' id='word_1_241' title='bbox 2181 1155 2331 1224; x_wconf 83' lang='lat' dir='ltr'><strong>ligit,</strong></span> <span class='ocrx_word' id='word_1_242' title='bbox 2361 1155 2632 1226; x_wconf 87' lang='lat' dir='ltr'><strong>quomodo</strong></span> <span class='ocrx_word' id='word_1_243' title='bbox 2675 1157 2867 1226; x_wconf 89' lang='lat' dir='ltr'><strong>poterit</strong></span> <span class='ocrx_word' id='word_1_244' title='bbox 2910 1174 3006 1213; x_wconf 88' lang='lat' dir='ltr'><strong>nos</strong></span> <span class='ocrx_word' id='word_1_245' title='bbox 3036 1158 3300 1228; x_wconf 80' lang='lat' dir='ltr'><strong>diligere?</strong></span> <span class='ocrx_word' id='word_1_246' title='bbox 3325 1161 3606 1218; x_wconf 91' lang='lat' dir='ltr'><strong>Struamus</strong></span> <span class='ocrx_word' id='word_1_247' title='bbox 3635 1180 3765 1234; x_wconf 87' lang='lat' dir='ltr'><strong>ergo</strong></span> 
     </span>
    </p>
   </div>
   <div class='ocr_carea' id='block_1_32' title="bbox 2169 1247 3766 1321">
    <p class='ocr_par' dir='ltr' id='par_1_32' title="bbox 2169 1247 3766 1321">
     <span class='ocr_line' id='line_1_32' title="bbox 2169 1247 3766 1321; baseline 0.007 -22"><span class='ocrx_word' id='word_1_248' title='bbox 2169 1247 2387 1312; x_wconf 88' lang='lat' dir='ltr'><strong>.aciem,</strong></span> <span class='ocrx_word' id='word_1_249' title='bbox 2437 1256 2492 1301; x_wconf 90' lang='lat' dir='ltr'><strong>et</strong></span> <span class='ocrx_word' id='word_1_250' title='bbox 2533 1263 2652 1308; x_wconf 88' lang='lat' dir='ltr'><strong>eum</strong></span> <span class='ocrx_word' id='word_1_251' title='bbox 2701 1247 2976 1314; x_wconf 85' lang='lat' dir='ltr'><strong>feriamus,</strong></span> <span class='ocrx_word' id='word_1_252' title='bbox 3020 1264 3141 1303; x_wconf 93' lang='lat' dir='ltr'><strong>eum</strong></span> <span class='ocrx_word' id='word_1_253' title='bbox 3185 1266 3432 1321; x_wconf 86' lang='lat' dir='ltr'><strong>magnum</strong></span> <span class='ocrx_word' id='word_1_254' title='bbox 3475 1252 3766 1310; x_wconf 84' lang='lat' dir='ltr'><strong>habeamus</strong></span> 
     </span>
    </p>
   </div>
   <div class='ocr_carea' id='block_1_33' title="bbox 2189 1339 3758 1409">
    <p class='ocr_par' dir='ltr' id='par_1_33' title="bbox 2189 1339 3758 1409">
     <span class='ocr_line' id='line_1_33' title="bbox 2189 1339 3758 1409; baseline 0.005 -15"><span class='ocrx_word' id='word_1_255' title='bbox 2189 1339 2316 1394; x_wconf 86' lang='lat' dir='ltr'><strong>belli</strong></span> <span class='ocrx_word' id='word_1_256' title='bbox 2353 1341 2554 1396; x_wconf 88' lang='lat' dir='ltr'><strong>socium</strong></span> <span class='ocrx_word' id='word_1_257' title='bbox 2583 1350 2636 1394; x_wconf 93' lang='lat' dir='ltr'><strong>et</strong></span> <span class='ocrx_word' id='word_1_258' title='bbox 2659 1340 2955 1409; x_wconf 85' lang='lat' dir='ltr'><strong>adiutorem</strong></span> <span class='ocrx_word' id='word_1_259' title='bbox 2986 1342 3265 1397; x_wconf 90' lang='lat' dir='ltr'><strong>Dominum</strong></span> <span class='ocrx_word' id='word_1_260' title='bbox 3292 1355 3530 1399; x_wconf 89' lang='lat' dir='ltr'><strong>nostrum</strong></span> <span class='ocrx_word' id='word_1_261' title='bbox 3574 1346 3758 1403; x_wconf 86' lang='lat' dir='ltr'><strong>Jesum</strong></span> 
     </span>
    </p>
   </div>
   <div class='ocr_carea' id='block_1_34' title="bbox 2182 1429 3767 1505">
    <p class='ocr_par' dir='ltr' id='par_1_34' title="bbox 2182 1429 3767 1505">
     <span class='ocr_line' id='line_1_34' title="bbox 2182 1429 3767 1505; baseline 0.006 -23"><span class='ocrx_word' id='word_1_262' title='bbox 2182 1429 2453 1486; x_wconf 86' lang='lat' dir='ltr'><strong>Christum</strong></span> <span class='ocrx_word' id='word_1_263' title='bbox 2481 1471 2494 1494; x_wconf 93' lang='lat'><strong>,</strong></span> <span class='ocrx_word' id='word_1_264' title='bbox 2539 1431 2628 1500; x_wconf 88' lang='lat' dir='ltr'><strong>qui</strong></span> <span class='ocrx_word' id='word_1_265' title='bbox 2672 1431 2866 1500; x_wconf 89' lang='lat' dir='ltr'><strong>poterit</strong></span> <span class='ocrx_word' id='word_1_266' title='bbox 2891 1431 3108 1490; x_wconf 83' lang='lat' dir='ltr'><strong>efﬁcere</strong></span> <span class='ocrx_word' id='word_1_267' title='bbox 3150 1443 3208 1486; x_wconf 92' lang='lat' dir='ltr'><strong>ut</strong></span> <span class='ocrx_word' id='word_1_268' title='bbox 3236 1434 3454 1493; x_wconf 87' lang='lat' dir='ltr'><strong>minime</strong></span> <span class='ocrx_word' id='word_1_269' title='bbox 3495 1438 3767 1505; x_wconf 83' lang='lat' dir='ltr'><strong>capiamur</strong></span> 
     </span>
    </p>
   </div>
   <div class='ocr_carea' id='block_1_35' title="bbox 2185 1522 3767 1598">
    <p class='ocr_par' dir='ltr' id='par_1_35' title="bbox 2185 1522 3767 1598">
     <span class='ocr_line' id='line_1_35' title="bbox 2185 1522 3767 1598; baseline 0.005 -22"><span class='ocrx_word' id='word_1_270' title='bbox 2185 1522 2301 1592; x_wconf 89' lang='lat' dir='ltr'><strong>ejus</strong></span> <span class='ocrx_word' id='word_1_271' title='bbox 2343 1523 2578 1592; x_wconf 82' lang='lat' dir='ltr'><strong>laqueis,</strong></span> <span class='ocrx_word' id='word_1_272' title='bbox 2623 1532 2677 1582; x_wconf 89' lang='lat' dir='ltr'><strong>et</strong></span> <span class='ocrx_word' id='word_1_273' title='bbox 2720 1538 2818 1578; x_wconf 90' lang='lat' dir='ltr'><strong>nos</strong></span> <span class='ocrx_word' id='word_1_274' title='bbox 2864 1524 3017 1580; x_wconf 89' lang='lat' dir='ltr'><strong>bonis</strong></span> <span class='ocrx_word' id='word_1_275' title='bbox 3048 1524 3242 1582; x_wconf 87' lang='lat' dir='ltr'><strong>futuris</strong></span> <span class='ocrx_word' id='word_1_276' title='bbox 3265 1526 3572 1596; x_wconf 80' lang='lat' dir='ltr'><strong>dignabitur</strong></span> <span class='ocrx_word' id='word_1_277' title='bbox 3601 1548 3615 1585; x_wconf 91' lang='lat'>:</span> <span class='ocrx_word' id='word_1_278' title='bbox 3644 1545 3767 1598; x_wconf 77' lang='lat' dir='ltr'><strong>qua:</strong></span> 
     </span>
    </p>
   </div>
   <div class='ocr_carea' id='block_1_36' title="bbox 2186 1613 3770 1688">
    <p class='ocr_par' dir='ltr' id='par_1_36' title="bbox 2186 1613 3770 1688">
     <span class='ocr_line' id='line_1_36' title="bbox 2186 1613 3770 1688; baseline 0.005 -22"><span class='ocrx_word' id='word_1_279' title='bbox 2186 1613 2340 1666; x_wconf 92' lang='lat' dir='ltr'><strong>nobis</strong></span> <span class='ocrx_word' id='word_1_280' title='bbox 2367 1613 2617 1671; x_wconf 80' lang='lat' dir='ltr'><strong>oinuibus</strong></span> <span class='ocrx_word' id='word_1_281' title='bbox 2661 1613 2818 1674; x_wconf 86' lang='lat' dir='ltr'><strong>detur</strong></span> <span class='ocrx_word' id='word_1_282' title='bbox 2855 1617 3108 1686; x_wconf 86' lang='lat' dir='ltr'><strong>consequi</strong></span> <span class='ocrx_word' id='word_1_283' title='bbox 3147 1621 3315 1686; x_wconf 85' lang='lat' dir='ltr'><strong>gratia</strong></span> <span class='ocrx_word' id='word_1_284' title='bbox 3346 1627 3401 1673; x_wconf 88' lang='lat' dir='ltr'><strong>et</strong></span> <span class='ocrx_word' id='word_1_285' title='bbox 3445 1619 3770 1688; x_wconf 89' lang='lat' dir='ltr'><strong>benignitate</strong></span> 
     </span>
    </p>
   </div>
   <div class='ocr_carea' id='block_1_37' title="bbox 2191 1704 3769 1779">
    <p class='ocr_par' dir='ltr' id='par_1_37' title="bbox 2191 1704 3769 1779">
     <span class='ocr_line' id='line_1_37' title="bbox 2191 1704 3769 1779; baseline 0.005 -22"><span class='ocrx_word' id='word_1_286' title='bbox 2191 1705 2396 1768; x_wconf 83' lang='lat' dir='ltr'><strong>Domini</strong></span> <span class='ocrx_word' id='word_1_287' title='bbox 2427 1705 2593 1760; x_wconf 89' lang='lat' dir='ltr'><strong>nostri</strong></span> <span class='ocrx_word' id='word_1_288' title='bbox 2627 1704 2756 1760; x_wconf 87' lang='lat' dir='ltr'><strong>Jesu</strong></span> <span class='ocrx_word' id='word_1_289' title='bbox 2784 1704 3004 1770; x_wconf 78' lang='lat' dir='ltr'><strong>Christi,</strong></span> <span class='ocrx_word' id='word_1_290' title='bbox 3034 1708 3119 1760; x_wconf 92' lang='lat' dir='ltr'><strong>cui</strong></span> <span class='ocrx_word' id='word_1_291' title='bbox 3149 1723 3268 1761; x_wconf 82' lang='lat' dir='ltr'><strong>eum</strong></span> <span class='ocrx_word' id='word_1_292' title='bbox 3304 1708 3459 1763; x_wconf 86' lang='lat' dir='ltr'><strong>Patre</strong></span> <span class='ocrx_word' id='word_1_293' title='bbox 3486 1719 3541 1764; x_wconf 89' lang='lat' dir='ltr'><strong>et</strong></span> <span class='ocrx_word' id='word_1_294' title='bbox 3567 1708 3769 1779; x_wconf 89' lang='lat' dir='ltr'><strong>Spiritu</strong></span> 
     </span>
    </p>
   </div>
   <div class='ocr_carea' id='block_1_38' title="bbox 2189 1794 3770 1871">
    <p class='ocr_par' dir='ltr' id='par_1_38' title="bbox 2189 1794 3770 1871">
     <span class='ocr_line' id='line_1_38' title="bbox 2189 1794 3770 1871; baseline 0.003 -20"><span class='ocrx_word' id='word_1_295' title='bbox 2189 1804 2373 1852; x_wconf 87' lang='lat' dir='ltr'><strong>sancto</strong></span> <span class='ocrx_word' id='word_1_296' title='bbox 2401 1794 2592 1864; x_wconf 81' lang='lat' dir='ltr'><strong>gloria,</strong></span> <span class='ocrx_word' id='word_1_297' title='bbox 2627 1795 2908 1864; x_wconf 86' lang='lat' dir='ltr'><strong>imperium</strong></span> <span class='ocrx_word' id='word_1_298' title='bbox 2927 1838 2942 1862; x_wconf 96' lang='lat'><strong>,</strong></span> <span class='ocrx_word' id='word_1_299' title='bbox 2971 1797 3145 1851; x_wconf 86' lang='lat' dir='ltr'><strong>honor</strong></span> <span class='ocrx_word' id='word_1_300' title='bbox 3166 1839 3181 1862; x_wconf 92' lang='lat'><strong>,</strong></span> <span class='ocrx_word' id='word_1_301' title='bbox 3211 1813 3352 1854; x_wconf 87' lang='lat' dir='ltr'><strong>nunc</strong></span> <span class='ocrx_word' id='word_1_302' title='bbox 3376 1808 3430 1853; x_wconf 89' lang='lat' dir='ltr'><strong>et</strong></span> <span class='ocrx_word' id='word_1_303' title='bbox 3451 1815 3691 1871; x_wconf 88' lang='lat' dir='ltr'><strong>semper,</strong></span> <span class='ocrx_word' id='word_1_304' title='bbox 3719 1811 3770 1857; x_wconf 91' lang='lat' dir='ltr'><strong>et</strong></span> 
     </span>
    </p>
   </div>
   <div class='ocr_carea' id='block_1_39' title="bbox 2190 1885 3059 1946">
    <p class='ocr_par' dir='ltr' id='par_1_39' title="bbox 2190 1885 3059 1946">
     <span class='ocr_line' id='line_1_39' title="bbox 2190 1885 3059 1946; baseline 0.005 -8"><span class='ocrx_word' id='word_1_305' title='bbox 2190 1885 2244 1939; x_wconf 91' lang='lat' dir='ltr'><strong>in</strong></span> <span class='ocrx_word' id='word_1_306' title='bbox 2269 1886 2464 1940; x_wconf 81' lang='lat' dir='ltr'><strong>saecula</strong></span> <span class='ocrx_word' id='word_1_307' title='bbox 2495 1886 2838 1946; x_wconf 63' lang='lat' dir='ltr'><strong>saeculorum.</strong></span> <span class='ocrx_word' id='word_1_308' title='bbox 2868 1889 3059 1942; x_wconf 84' lang='lat' dir='ltr'><strong>Amen.</strong></span> 
     </span>
    </p>
   </div>
   <div class='ocr_carea' id='block_1_40' title="bbox 1709 2045 2462 2160">
    <p class='ocr_par' dir='ltr' id='par_1_40' title="bbox 1709 2045 2462 2160">
     <span class='ocr_line' id='line_1_40' title="bbox 1709 2045 2462 2160; baseline -0.001 -2"><span class='ocrx_word' id='word_1_309' title='bbox 1709 2045 1718 2049; x_wconf 32' lang='lat'><strong><em>-</em></strong></span> <span class='ocrx_word' id='word_1_310' title='bbox 1764 2137 1774 2147; x_wconf 81' lang='grc'><strong><em>-</em></strong></span> <span class='ocrx_word' id='word_1_311' title='bbox 1830 2097 2176 2160; x_wconf 83' lang='lat' dir='ltr'><strong>HOMILIA</strong></span> <span class='ocrx_word' id='word_1_312' title='bbox 2221 2097 2462 2158; x_wconf 80' lang='lat' dir='ltr'><strong>XXIII.</strong></span> 
     </span>
    </p>
   </div>
   <div class='ocr_carea' id='block_1_41' title="bbox 499 2241 2081 2322">
    <p class='ocr_par' dir='ltr' id='par_1_41' title="bbox 499 2241 2081 2322">
     <span class='ocr_line' id='line_1_41' title="bbox 499 2241 2081 2322; baseline -0.008 -16"><span class='ocrx_word' id='word_1_313' title='bbox 499 2252 629 2316; x_wconf 72' lang='lat' dir='ltr'><strong>Car.</strong></span> <span class='ocrx_word' id='word_1_314' title='bbox 671 2251 724 2320; x_wconf 76' lang='lat'><strong>6.</strong></span> <span class='ocrx_word' id='word_1_315' title='bbox 767 2267 818 2306; x_wconf 90' lang='lat' dir='ltr'><strong>v.</strong></span> <span class='ocrx_word' id='word_1_316' title='bbox 854 2251 940 2313; x_wconf 73' lang='lat' dir='ltr'><strong>M.</strong></span> <span class='ocrx_word' id='word_1_317' title='bbox 981 2250 1124 2305; x_wconf 87' lang='lat' dir='ltr'><strong>State</strong></span> <span class='ocrx_word' id='word_1_318' title='bbox 1168 2266 1284 2322; x_wconf 84' lang='lat' dir='ltr'><strong>ergo</strong></span> <span class='ocrx_word' id='word_1_319' title='bbox 1312 2247 1548 2307; x_wconf 81' lang='lat' dir='ltr'><strong>succincti</strong></span> <span class='ocrx_word' id='word_1_320' title='bbox 1572 2245 1765 2301; x_wconf 79' lang='lat' dir='ltr'><strong>lumbos</strong></span> <span class='ocrx_word' id='word_1_321' title='bbox 1805 2253 1990 2299; x_wconf 82' lang='lat' dir='ltr'><strong>vestros</strong></span> <span class='ocrx_word' id='word_1_322' title='bbox 2028 2241 2081 2294; x_wconf 85' lang='lat' dir='ltr'><strong>in</strong></span> 
     </span>
    </p>
   </div>
   <div class='ocr_carea' id='block_1_42' title="bbox 1185 2340 1407 2393">
    <p class='ocr_par' dir='ltr' id='par_1_42' title="bbox 1185 2340 1407 2393">
     <span class='ocr_line' id='line_1_42' title="bbox 1185 2340 1407 2393; baseline 0.005 -2"><span class='ocrx_word' id='word_1_323' title='bbox 1185 2340 1407 2393; x_wconf 81' lang='lat' dir='ltr'><strong>veritate.</strong></span> 
     </span>
    </p>
   </div>
   <div class='ocr_carea' id='block_1_43' title="bbox 577 2431 2076 2502">
    <p class='ocr_par' dir='ltr' id='par_1_43' title="bbox 577 2431 2076 2502">
     <span class='ocr_line' id='line_1_43' title="bbox 577 2431 2076 2502; baseline -0.009 -11"><span class='ocrx_word' id='word_1_324' title='bbox 577 2437 624 2502; x_wconf 76' lang='lat'><strong>1.</strong></span> <span class='ocrx_word' id='word_1_325' title='bbox 660 2435 789 2501; x_wconf 72' lang='lat' dir='ltr'><strong>Cum</strong></span> <span class='ocrx_word' id='word_1_326' title='bbox 825 2434 1118 2488; x_wconf 79' lang='lat' dir='ltr'><strong>exercitum</strong></span> <span class='ocrx_word' id='word_1_327' title='bbox 1153 2432 1292 2486; x_wconf 91' lang='lat' dir='ltr'><strong>hunc</strong></span> <span class='ocrx_word' id='word_1_328' title='bbox 1319 2431 1620 2493; x_wconf 87' lang='lat' dir='ltr'><strong>ordiuasset</strong></span> <span class='ocrx_word' id='word_1_329' title='bbox 1642 2469 1657 2494; x_wconf 89' lang='lat'><strong>,</strong></span> <span class='ocrx_word' id='word_1_330' title='bbox 1686 2438 1740 2483; x_wconf 89' lang='lat' dir='ltr'><strong>et</strong></span> <span class='ocrx_word' id='word_1_331' title='bbox 1768 2440 1952 2485; x_wconf 88' lang='lat' dir='ltr'><strong>eorum</strong></span> <span class='ocrx_word' id='word_1_332' title='bbox 1982 2439 2076 2478; x_wconf 86' lang='lat' dir='ltr'><strong>ex-</strong></span> 
     </span>
    </p>
   </div>
   <div class='ocr_carea' id='block_1_44' title="bbox 502 2519 2079 2595">
    <p class='ocr_par' dir='ltr' id='par_1_44' title="bbox 502 2519 2079 2595">
     <span class='ocr_line' id='line_1_44' title="bbox 502 2519 2079 2595; baseline -0.008 -15"><span class='ocrx_word' id='word_1_333' title='bbox 502 2528 717 2583; x_wconf 86' lang='lat' dir='ltr'><strong>citasset</strong></span> <span class='ocrx_word' id='word_1_334' title='bbox 741 2525 902 2578; x_wconf 90' lang='lat' dir='ltr'><strong>animi</strong></span> <span class='ocrx_word' id='word_1_335' title='bbox 929 2523 1253 2585; x_wconf 86' lang='lat' dir='ltr'><strong>alacritatem</strong></span> <span class='ocrx_word' id='word_1_336' title='bbox 1282 2524 1299 2595; x_wconf 86' lang='lat'><strong>(</strong></span> <span class='ocrx_word' id='word_1_337' title='bbox 1327 2522 1602 2591; x_wconf 88' lang='lat' dir='ltr'><strong>utriusque</strong></span> <span class='ocrx_word' id='word_1_338' title='bbox 1626 2519 1768 2574; x_wconf 91' lang='lat' dir='ltr'><strong>enim</strong></span> <span class='ocrx_word' id='word_1_339' title='bbox 1789 2527 1904 2573; x_wconf 88' lang='lat' dir='ltr'><strong>erat</strong></span> <span class='ocrx_word' id='word_1_340' title='bbox 1925 2529 2079 2595; x_wconf 88' lang='lat' dir='ltr'><strong>opus,</strong></span> 
     </span>
    </p>
   </div>
   <div class='ocr_carea' id='block_1_45' title="bbox 502 2606 2083 2682">
    <p class='ocr_par' dir='ltr' id='par_1_45' title="bbox 502 2606 2083 2682">
     <span class='ocr_line' id='line_1_45' title="bbox 502 2606 2083 2682; baseline -0.007 -12"><span class='ocrx_word' id='word_1_341' title='bbox 502 2627 556 2670; x_wconf 79' lang='lat' dir='ltr'><strong>et</strong></span> <span class='ocrx_word' id='word_1_342' title='bbox 587 2627 642 2670; x_wconf 87' lang='grc' dir='ltr'><strong>ιιι</strong></span> <span class='ocrx_word' id='word_1_343' title='bbox 681 2626 859 2682; x_wconf 73' lang='lat' dir='ltr'><strong>essent</strong></span> <span class='ocrx_word' id='word_1_344' title='bbox 888 2613 1118 2668; x_wconf 90' lang='lat' dir='ltr'><strong>ordinati</strong></span> <span class='ocrx_word' id='word_1_345' title='bbox 1144 2655 1158 2679; x_wconf 96' lang='lat'><strong>,</strong></span> <span class='ocrx_word' id='word_1_346' title='bbox 1203 2622 1257 2676; x_wconf 90' lang='lat' dir='ltr'><strong>et</strong></span> <span class='ocrx_word' id='word_1_347' title='bbox 1287 2621 1344 2666; x_wconf 95' lang='lat' dir='ltr'><strong>ut</strong></span> <span class='ocrx_word' id='word_1_348' title='bbox 1379 2613 1701 2678; x_wconf 77' lang='lat' dir='ltr'><strong>excitaretur</strong></span> <span class='ocrx_word' id='word_1_349' title='bbox 1735 2624 1922 2674; x_wconf 79' lang='lat' dir='ltr'><strong>eorum</strong></span> <span class='ocrx_word' id='word_1_350' title='bbox 1965 2606 2083 2660; x_wconf 85' lang='lat' dir='ltr'><strong>ani-</strong></span> 
     </span>
    </p>
   </div>
   <div class='ocr_carea' id='block_1_46' title="bbox 507 2702 2084 2778">
    <p class='ocr_par' dir='ltr' id='par_1_46' title="bbox 507 2702 2084 2778">
     <span class='ocr_line' id='line_1_46' title="bbox 507 2702 2084 2778; baseline -0.006 -17"><span class='ocrx_word' id='word_1_351' title='bbox 507 2724 626 2762; x_wconf 89' lang='lat' dir='ltr'><strong>mus</strong></span> <span class='ocrx_word' id='word_1_352' title='bbox 648 2706 667 2778; x_wconf 95' lang='lat'>)</span> <span class='ocrx_word' id='word_1_353' title='bbox 693 2725 706 2775; x_wconf 90' lang='lat'><strong>;</strong></span> <span class='ocrx_word' id='word_1_354' title='bbox 737 2722 858 2761; x_wconf 89' lang='lat' dir='ltr'><strong>cum</strong></span> <span class='ocrx_word' id='word_1_355' title='bbox 889 2706 968 2760; x_wconf 92' lang='lat' dir='ltr'><strong>eis</strong></span> <span class='ocrx_word' id='word_1_356' title='bbox 996 2706 1232 2758; x_wconf 91' lang='lat' dir='ltr'><strong>animum</strong></span> <span class='ocrx_word' id='word_1_357' title='bbox 1259 2704 1552 2762; x_wconf 89' lang='lat' dir='ltr'><strong>addidisset</strong></span> <span class='ocrx_word' id='word_1_358' title='bbox 1579 2702 1598 2772; x_wconf 98' lang='lat'><strong>(</strong></span> <span class='ocrx_word' id='word_1_359' title='bbox 1626 2717 1748 2760; x_wconf 87' lang='lat' dir='ltr'><strong>nam</strong></span> <span class='ocrx_word' id='word_1_360' title='bbox 1779 2714 1844 2756; x_wconf 92' lang='lat' dir='ltr'><strong>eo</strong></span> <span class='ocrx_word' id='word_1_361' title='bbox 1871 2712 2084 2770; x_wconf 88' lang='lat' dir='ltr'><strong>quoque</strong></span> 
     </span>
    </p>
   </div>
   <div class='ocr_carea' id='block_1_47' title="bbox 505 2791 2085 2876">
    <p class='ocr_par' dir='ltr' id='par_1_47' title="bbox 505 2791 2085 2876">
     <span class='ocr_line' id='line_1_47' title="bbox 505 2791 2085 2876; baseline -0.006 -23"><span class='ocrx_word' id='word_1_362' title='bbox 505 2808 621 2864; x_wconf 88' lang='lat' dir='ltr'><strong>erat</strong></span> <span class='ocrx_word' id='word_1_363' title='bbox 645 2797 856 2876; x_wconf 87' lang='lat' dir='ltr'><strong>opus),</strong></span> <span class='ocrx_word' id='word_1_364' title='bbox 891 2795 1143 2868; x_wconf 90' lang='lat' dir='ltr'><strong>deinceps</strong></span> <span class='ocrx_word' id='word_1_365' title='bbox 1167 2811 1259 2850; x_wconf 89' lang='lat' dir='ltr'><strong>eos</strong></span> <span class='ocrx_word' id='word_1_366' title='bbox 1285 2803 1475 2848; x_wconf 86' lang='lat' dir='ltr'><strong>armat.</strong></span> <span class='ocrx_word' id='word_1_367' title='bbox 1505 2793 1643 2855; x_wconf 86' lang='lat' dir='ltr'><strong>Nihil</strong></span> <span class='ocrx_word' id='word_1_368' title='bbox 1673 2791 1816 2854; x_wconf 85' lang='lat' dir='ltr'><strong>enim</strong></span> <span class='ocrx_word' id='word_1_369' title='bbox 1837 2793 2085 2862; x_wconf 87' lang='lat' dir='ltr'><strong>juvarcnt</strong></span> 
     </span>
    </p>
   </div>
   <div class='ocr_carea' id='block_1_48' title="bbox 505 2879 2087 2958">
    <p class='ocr_par' dir='ltr' id='par_1_48' title="bbox 505 2879 2087 2958">
     <span class='ocr_line' id='line_1_48' title="bbox 505 2879 2087 2958; baseline -0.004 -15"><span class='ocrx_word' id='word_1_370' title='bbox 505 2879 652 2948; x_wconf 76' lang='lat' dir='ltr'><strong>arma</strong></span> <span class='ocrx_word' id='word_1_371' title='bbox 673 2931 689 2954; x_wconf 91' lang='lat'><strong>,</strong></span> <span class='ocrx_word' id='word_1_372' title='bbox 721 2889 764 2943; x_wconf 89' lang='lat' dir='ltr'><strong>si</strong></span> <span class='ocrx_word' id='word_1_373' title='bbox 793 2888 866 2953; x_wconf 88' lang='lat' dir='ltr'><strong>illi</strong></span> <span class='ocrx_word' id='word_1_374' title='bbox 897 2888 1042 2958; x_wconf 89' lang='lat' dir='ltr'><strong>prius</strong></span> <span class='ocrx_word' id='word_1_375' title='bbox 1073 2901 1178 2953; x_wconf 84' lang='lat' dir='ltr'><strong>non</strong></span> <span class='ocrx_word' id='word_1_376' title='bbox 1204 2893 1387 2949; x_wconf 88' lang='lat' dir='ltr'><strong>essent</strong></span> <span class='ocrx_word' id='word_1_377' title='bbox 1413 2883 1673 2950; x_wconf 85' lang='lat' dir='ltr'><strong>ordinati,</strong></span> <span class='ocrx_word' id='word_1_378' title='bbox 1705 2897 1879 2952; x_wconf 80' lang='lat' dir='ltr'><strong>neque</strong></span> <span class='ocrx_word' id='word_1_379' title='bbox 1905 2879 2087 2945; x_wconf 73' lang='lat' dir='ltr'><strong>militis</strong></span> 
     </span>
    </p>
   </div>
   <div class='ocr_carea' id='block_1_49' title="bbox 506 2978 2088 3048">
    <p class='ocr_par' dir='ltr' id='par_1_49' title="bbox 506 2978 2088 3048">
     <span class='ocr_line' id='line_1_49' title="bbox 506 2978 2088 3048; baseline -0.004 -12"><span class='ocrx_word' id='word_1_380' title='bbox 506 2983 714 3044; x_wconf 88' lang='lat' dir='ltr'><strong>animus</strong></span> <span class='ocrx_word' id='word_1_381' title='bbox 760 2989 903 3046; x_wconf 80' lang='lat' dir='ltr'><strong>esset</strong></span> <span class='ocrx_word' id='word_1_382' title='bbox 951 2980 1228 3035; x_wconf 85' lang='lat' dir='ltr'><strong>excitatus.</strong></span> <span class='ocrx_word' id='word_1_383' title='bbox 1291 2979 1516 3048; x_wconf 82' lang='lat' dir='ltr'><strong>Oportet</strong></span> <span class='ocrx_word' id='word_1_384' title='bbox 1567 2978 1712 3042; x_wconf 89' lang='lat' dir='ltr'><strong>enim</strong></span> <span class='ocrx_word' id='word_1_385' title='bbox 1768 2978 1917 3047; x_wconf 89' lang='lat' dir='ltr'><strong>prius</strong></span> <span class='ocrx_word' id='word_1_386' title='bbox 1964 2990 2088 3030; x_wconf 90' lang='lat' dir='ltr'><strong>eum</strong></span> 
     </span>
    </p>
   </div>
   <div class='ocr_carea' id='block_1_50' title="bbox 507 3067 2089 3136">
    <p class='ocr_par' dir='ltr' id='par_1_50' title="bbox 507 3067 2089 3136">
     <span class='ocr_line' id='line_1_50' title="bbox 507 3067 2089 3136; baseline -0.001 -10"><span class='ocrx_word' id='word_1_387' title='bbox 507 3087 716 3136; x_wconf 81' lang='lat' dir='ltr'><strong>armare</strong></span> <span class='ocrx_word' id='word_1_388' title='bbox 762 3071 1082 3134; x_wconf 86' lang='lat' dir='ltr'><strong>intrinsecus</strong></span> <span class='ocrx_word' id='word_1_389' title='bbox 1106 3111 1122 3135; x_wconf 91' lang='lat'><strong>,</strong></span> <span class='ocrx_word' id='word_1_390' title='bbox 1170 3079 1224 3125; x_wconf 92' lang='lat' dir='ltr'><strong>et</strong></span> <span class='ocrx_word' id='word_1_391' title='bbox 1261 3069 1454 3124; x_wconf 88' lang='lat' dir='ltr'><strong>deinde</strong></span> <span class='ocrx_word' id='word_1_392' title='bbox 1494 3068 1852 3129; x_wconf 70' lang='lat' dir='ltr'><strong>extrinsecus.</strong></span> <span class='ocrx_word' id='word_1_393' title='bbox 1903 3068 1957 3123; x_wconf 93' lang='lat' dir='ltr'><strong>Si</strong></span> <span class='ocrx_word' id='word_1_394' title='bbox 1987 3067 2089 3129; x_wconf 77' lang='lat' dir='ltr'><strong>hoc</strong></span> 
     </span>
    </p>
   </div>
   <div class='ocr_carea' id='block_1_51' title="bbox 508 3144 2090 3237">
    <p class='ocr_par' dir='ltr' id='par_1_51' title="bbox 508 3144 2090 3237">
     <span class='ocr_line' id='line_1_51' title="bbox 508 3144 2090 3237; baseline -0.005 -19"><span class='ocrx_word' id='word_1_395' title='bbox 508 3144 686 3223; x_wconf 77' lang='lat' dir='ltr'><strong>autem</strong></span> <span class='ocrx_word' id='word_1_396' title='bbox 731 3163 889 3237; x_wconf 79' lang='lat' dir='ltr'><strong>vulgo</strong></span> <span class='ocrx_word' id='word_1_397' title='bbox 935 3161 994 3229; x_wconf 84' lang='lat' dir='ltr'><strong>fit</strong></span> <span class='ocrx_word' id='word_1_398' title='bbox 1023 3162 1075 3216; x_wconf 90' lang='lat' dir='ltr'><strong>in</strong></span> <span class='ocrx_word' id='word_1_399' title='bbox 1125 3161 1422 3227; x_wconf 83' lang='lat' dir='ltr'><strong>militibus,</strong></span> <span class='ocrx_word' id='word_1_400' title='bbox 1473 3159 1640 3214; x_wconf 89' lang='lat' dir='ltr'><strong>multo</strong></span> <span class='ocrx_word' id='word_1_401' title='bbox 1688 3158 1857 3235; x_wconf 83' lang='lat' dir='ltr'><strong>magis</strong></span> <span class='ocrx_word' id='word_1_402' title='bbox 1907 3162 1960 3212; x_wconf 90' lang='lat' dir='ltr'><strong>in</strong></span> <span class='ocrx_word' id='word_1_403' title='bbox 2006 3157 2090 3216; x_wconf 90' lang='lat' dir='ltr'><strong>his</strong></span> 
     </span>
    </p>
   </div>
   <div class='ocr_carea' id='block_1_52' title="bbox 512 3251 2088 3324">
    <p class='ocr_par' dir='ltr' id='par_1_52' title="bbox 512 3251 2088 3324">
     <span class='ocr_line' id='line_1_52' title="bbox 512 3251 2088 3324; baseline -0.001 -17"><span class='ocrx_word' id='word_1_404' title='bbox 512 3254 763 3320; x_wconf 74' lang='lat' dir='ltr'><strong>militibus</strong></span> <span class='ocrx_word' id='word_1_405' title='bbox 793 3254 885 3324; x_wconf 89' lang='lat' dir='ltr'><strong>qui</strong></span> <span class='ocrx_word' id='word_1_406' title='bbox 912 3253 1111 3317; x_wconf 88' lang='lat' dir='ltr'><strong>cadunt</strong></span> <span class='ocrx_word' id='word_1_407' title='bbox 1139 3253 1236 3307; x_wconf 91' lang='lat' dir='ltr'><strong>sub</strong></span> <span class='ocrx_word' id='word_1_408' title='bbox 1263 3251 1668 3322; x_wconf 82' lang='lat' dir='ltr'><strong>intelligentiam</strong></span> <span class='ocrx_word' id='word_1_409' title='bbox 1694 3266 1710 3317; x_wconf 92' lang='lat'><strong>;</strong></span> <span class='ocrx_word' id='word_1_410' title='bbox 1739 3251 1847 3306; x_wconf 91' lang='lat' dir='ltr'><strong>imo</strong></span> <span class='ocrx_word' id='word_1_411' title='bbox 1880 3267 2007 3306; x_wconf 89' lang='lat' dir='ltr'><strong>vero</strong></span> <span class='ocrx_word' id='word_1_412' title='bbox 2035 3251 2088 3306; x_wconf 91' lang='lat' dir='ltr'><strong>in</strong></span> 
     </span>
    </p>
   </div>
   <div class='ocr_carea' id='block_1_53' title="bbox 518 3331 2094 3414">
    <p class='ocr_par' dir='ltr' id='par_1_53' title="bbox 518 3331 2094 3414">
     <span class='ocr_line' id='line_1_53' title="bbox 518 3331 2094 3414; baseline 0 -17"><span class='ocrx_word' id='word_1_413' title='bbox 518 3345 600 3398; x_wconf 87' lang='lat' dir='ltr'><strong>his</strong></span> <span class='ocrx_word' id='word_1_414' title='bbox 644 3359 711 3398; x_wconf 91' lang='lat' dir='ltr'><strong>ne</strong></span> <span class='ocrx_word' id='word_1_415' title='bbox 739 3331 865 3399; x_wconf 85' lang='lat' dir='ltr'><strong>licet</strong></span> <span class='ocrx_word' id='word_1_416' title='bbox 905 3342 1117 3414; x_wconf 90' lang='lat' dir='ltr'><strong>quidem</strong></span> <span class='ocrx_word' id='word_1_417' title='bbox 1153 3357 1362 3397; x_wconf 90' lang='lat' dir='ltr'><strong>armare</strong></span> <span class='ocrx_word' id='word_1_418' title='bbox 1400 3343 1764 3410; x_wconf 82' lang='lat' dir='ltr'><strong>extrinsecus,</strong></span> <span class='ocrx_word' id='word_1_419' title='bbox 1793 3341 1886 3398; x_wconf 90' lang='lat' dir='ltr'><strong>sed</strong></span> <span class='ocrx_word' id='word_1_420' title='bbox 1913 3343 2094 3410; x_wconf 79' lang='lat' dir='ltr'><strong>omnia</strong></span> 
     </span>
    </p>
   </div>
   <div class='ocr_carea' id='block_1_54' title="bbox 517 3433 2096 3506">
    <p class='ocr_par' dir='ltr' id='par_1_54' title="bbox 517 3433 2096 3506">
     <span class='ocr_line' id='line_1_54' title="bbox 517 3433 2096 3506; baseline -0.003 -16"><span class='ocrx_word' id='word_1_421' title='bbox 517 3436 862 3506; x_wconf 84' lang='lat' dir='ltr'><strong>intrinsecus,</strong></span> <span class='ocrx_word' id='word_1_422' title='bbox 893 3434 1128 3492; x_wconf 80' lang='lat' dir='ltr'><strong>animum</strong></span> <span class='ocrx_word' id='word_1_423' title='bbox 1159 3433 1411 3489; x_wconf 88' lang='lat' dir='ltr'><strong>excitavit</strong></span> <span class='ocrx_word' id='word_1_424' title='bbox 1438 3443 1492 3489; x_wconf 91' lang='lat' dir='ltr'><strong>et</strong></span> <span class='ocrx_word' id='word_1_425' title='bbox 1519 3433 1866 3498; x_wconf 82' lang='lat' dir='ltr'><strong>inflammavit</strong></span> <span class='ocrx_word' id='word_1_426' title='bbox 1886 3474 1901 3498; x_wconf 92' lang='lat'><strong>,</strong></span> <span class='ocrx_word' id='word_1_427' title='bbox 1929 3433 2096 3490; x_wconf 87' lang='lat' dir='ltr'><strong>auda-</strong></span> 
     </span>
    </p>
   </div>
   <div class='ocr_carea' id='block_1_55' title="bbox 514 3523 2098 3593">
    <p class='ocr_par' dir='ltr' id='par_1_55' title="bbox 514 3523 2098 3593">
     <span class='ocr_line' id='line_1_55' title="bbox 514 3523 2098 3593; baseline -0.001 -13"><span class='ocrx_word' id='word_1_428' title='bbox 514 3528 652 3581; x_wconf 87' lang='lat' dir='ltr'><strong>ciam</strong></span> <span class='ocrx_word' id='word_1_429' title='bbox 699 3525 885 3593; x_wconf 82' lang='lat' dir='ltr'><strong>iudidit</strong></span> <span class='ocrx_word' id='word_1_430' title='bbox 907 3565 922 3591; x_wconf 93' lang='lat'><strong>,</strong></span> <span class='ocrx_word' id='word_1_431' title='bbox 955 3525 1260 3591; x_wconf 86' lang='lat' dir='ltr'><strong>ordinavit;</strong></span> <span class='ocrx_word' id='word_1_432' title='bbox 1288 3523 1506 3578; x_wconf 88' lang='lat' dir='ltr'><strong>demum</strong></span> <span class='ocrx_word' id='word_1_433' title='bbox 1531 3534 1721 3590; x_wconf 82' lang='lat' dir='ltr'><strong>armat.</strong></span> <span class='ocrx_word' id='word_1_434' title='bbox 1761 3523 1866 3579; x_wconf 84' lang='lat' dir='ltr'><strong>Sed</strong></span> <span class='ocrx_word' id='word_1_435' title='bbox 1891 3525 2011 3580; x_wconf 88' lang='lat' dir='ltr'><strong>vide</strong></span> <span class='ocrx_word' id='word_1_436' title='bbox 2039 3532 2098 3587; x_wconf 88' lang='lat' dir='ltr'><strong>ut</strong></span> 
     </span>
    </p>
   </div>
   <div class='ocr_carea' id='block_1_56' title="bbox 515 3617 2095 3686">
    <p class='ocr_par' dir='ltr' id='par_1_56' title="bbox 515 3617 2095 3686">
     <span class='ocr_line' id='line_1_56' title="bbox 515 3617 2095 3686; baseline -0.001 -13"><span class='ocrx_word' id='word_1_437' title='bbox 515 3635 610 3674; x_wconf 89' lang='lat' dir='ltr'><strong>eos</strong></span> <span class='ocrx_word' id='word_1_438' title='bbox 653 3619 816 3684; x_wconf 85' lang='lat' dir='ltr'><strong>armis</strong></span> <span class='ocrx_word' id='word_1_439' title='bbox 856 3617 1061 3672; x_wconf 88' lang='lat' dir='ltr'><strong>induat.</strong></span> <span class='ocrx_word' id='word_1_440' title='bbox 1108 3617 1252 3672; x_wconf 82' lang='lat' dir='ltr'><strong>State</strong></span> <span class='ocrx_word' id='word_1_441' title='bbox 1297 3633 1449 3686; x_wconf 87' lang='lat' dir='ltr'><strong>ergo,</strong></span> <span class='ocrx_word' id='word_1_442' title='bbox 1483 3617 1674 3686; x_wconf 86' lang='lat' dir='ltr'><strong>inquit.</strong></span> <span class='ocrx_word' id='word_1_443' title='bbox 1710 3618 1946 3683; x_wconf 78' lang='lat' dir='ltr'><strong>Primum</strong></span> <span class='ocrx_word' id='word_1_444' title='bbox 1974 3618 2095 3671; x_wconf 86' lang='lat' dir='ltr'><strong>offi-</strong></span> 
     </span>
    </p>
   </div>
   <div class='ocr_carea' id='block_1_57' title="bbox 517 3707 2100 3786">
    <p class='ocr_par' dir='ltr' id='par_1_57' title="bbox 517 3707 2100 3786">
     <span class='ocr_line' id='line_1_57' title="bbox 517 3707 2100 3786; baseline 0 -24"><span class='ocrx_word' id='word_1_445' title='bbox 517 3711 657 3774; x_wconf 88' lang='lat' dir='ltr'><strong>cium</strong></span> <span class='ocrx_word' id='word_1_446' title='bbox 697 3725 881 3766; x_wconf 86' lang='lat' dir='ltr'><strong>eorum</strong></span> <span class='ocrx_word' id='word_1_447' title='bbox 911 3709 1000 3786; x_wconf 87' lang='lat' dir='ltr'><strong>qui</strong></span> <span class='ocrx_word' id='word_1_448' title='bbox 1045 3709 1097 3762; x_wconf 92' lang='lat' dir='ltr'><strong>in</strong></span> <span class='ocrx_word' id='word_1_449' title='bbox 1128 3708 1369 3762; x_wconf 90' lang='lat' dir='ltr'><strong>ordinata</strong></span> <span class='ocrx_word' id='word_1_450' title='bbox 1398 3716 1522 3764; x_wconf 89' lang='lat' dir='ltr'><strong>sunt</strong></span> <span class='ocrx_word' id='word_1_451' title='bbox 1544 3707 1661 3762; x_wconf 89' lang='lat' dir='ltr'><strong>acie</strong></span> <span class='ocrx_word' id='word_1_452' title='bbox 1685 3748 1699 3771; x_wconf 84' lang='lat'><strong>,</strong></span> <span class='ocrx_word' id='word_1_453' title='bbox 1731 3716 1814 3762; x_wconf 87' lang='lat' dir='ltr'><strong>est</strong></span> <span class='ocrx_word' id='word_1_454' title='bbox 1843 3718 1902 3770; x_wconf 89' lang='lat' dir='ltr'><strong>ut</strong></span> <span class='ocrx_word' id='word_1_455' title='bbox 1927 3709 2100 3773; x_wconf 83' lang='lat' dir='ltr'><strong>sciant</strong></span> 
     </span>
    </p>
   </div>
   <div class='ocr_carea' id='block_1_58' title="bbox 522 3800 2098 3869">
    <p class='ocr_par' dir='ltr' id='par_1_58' title="bbox 522 3800 2098 3869">
     <span class='ocr_line' id='line_1_58' title="bbox 522 3800 2098 3869; baseline 0.003 -17"><span class='ocrx_word' id='word_1_456' title='bbox 522 3809 665 3855; x_wconf 89' lang='lat' dir='ltr'><strong>recte</strong></span> <span class='ocrx_word' id='word_1_457' title='bbox 706 3809 887 3869; x_wconf 80' lang='lat' dir='ltr'><strong>stare;</strong></span> <span class='ocrx_word' id='word_1_458' title='bbox 924 3808 972 3854; x_wconf 91' lang='lat' dir='ltr'><strong>et</strong></span> <span class='ocrx_word' id='word_1_459' title='bbox 1024 3813 1089 3864; x_wconf 81' lang='lat' dir='ltr'><strong>ex</strong></span> <span class='ocrx_word' id='word_1_460' title='bbox 1138 3815 1204 3860; x_wconf 91' lang='lat' dir='ltr'><strong>eo</strong></span> <span class='ocrx_word' id='word_1_461' title='bbox 1249 3800 1415 3854; x_wconf 86' lang='lat' dir='ltr'><strong>multa</strong></span> <span class='ocrx_word' id='word_1_462' title='bbox 1462 3801 1761 3862; x_wconf 86' lang='lat' dir='ltr'><strong>evenerint.</strong></span> <span class='ocrx_word' id='word_1_463' title='bbox 1809 3800 2098 3868; x_wconf 84' lang='lat' dir='ltr'><strong>Propterea</strong></span> 
     </span>
    </p>
   </div>
   <div class='ocr_carea' id='block_1_59' title="bbox 522 3890 2097 3961">
    <p class='ocr_par' dir='ltr' id='par_1_59' title="bbox 522 3890 2097 3961">
     <span class='ocr_line' id='line_1_59' title="bbox 522 3890 2097 3961; baseline 0.003 -18"><span class='ocrx_word' id='word_1_464' title='bbox 522 3891 686 3958; x_wconf 81' lang='lat' dir='ltr'><strong>multa</strong></span> <span class='ocrx_word' id='word_1_465' title='bbox 719 3891 847 3951; x_wconf 83' lang='lat' dir='ltr'><strong>dicit</strong></span> <span class='ocrx_word' id='word_1_466' title='bbox 879 3890 947 3946; x_wconf 91' lang='lat' dir='ltr'><strong>de</strong></span> <span class='ocrx_word' id='word_1_467' title='bbox 986 3891 1214 3958; x_wconf 78' lang='lat' dir='ltr'><strong>statione</strong></span> <span class='ocrx_word' id='word_1_468' title='bbox 1241 3933 1255 3960; x_wconf 91' lang='lat'><strong>,</strong></span> <span class='ocrx_word' id='word_1_469' title='bbox 1302 3893 1429 3947; x_wconf 88' lang='lat' dir='ltr'><strong>alibi</strong></span> <span class='ocrx_word' id='word_1_470' title='bbox 1459 3894 1618 3948; x_wconf 87' lang='lat' dir='ltr'><strong>etiam</strong></span> <span class='ocrx_word' id='word_1_471' title='bbox 1657 3893 1841 3952; x_wconf 88' lang='lat' dir='ltr'><strong>dicens</strong></span> <span class='ocrx_word' id='word_1_472' title='bbox 1871 3912 1882 3946; x_wconf 93' lang='lat'>:</span> <span class='ocrx_word' id='word_1_473' title='bbox 1918 3895 2097 3961; x_wconf 77' lang='lat' dir='ltr'><strong>State,</strong></span> 
     </span>
    </p>
   </div>
   <div class='ocr_carea' id='block_1_60' title="bbox 521 3982 2099 4057">
    <p class='ocr_par' dir='ltr' id='par_1_60' title="bbox 521 3982 2099 4057">
     <span class='ocr_line' id='line_1_60' title="bbox 521 3982 2099 4057; baseline 0.004 -23"><span class='ocrx_word' id='word_1_474' title='bbox 521 3982 759 4052; x_wconf 81' lang='lat' dir='ltr'><strong>vigilate;</strong></span> <span class='ocrx_word' id='word_1_475' title='bbox 788 3991 842 4036; x_wconf 91' lang='lat' dir='ltr'><strong>et</strong></span> <span class='ocrx_word' id='word_1_476' title='bbox 867 3997 1088 4048; x_wconf 84' lang='lat' dir='ltr'><strong>rursus,</strong></span> <span class='ocrx_word' id='word_1_477' title='bbox 1118 3982 1207 4048; x_wconf 87' lang='lat' dir='ltr'><strong>Sic</strong></span> <span class='ocrx_word' id='word_1_478' title='bbox 1235 3993 1362 4041; x_wconf 79' lang='lat' dir='ltr'><strong>state</strong></span> <span class='ocrx_word' id='word_1_479' title='bbox 1388 3984 1442 4036; x_wconf 85' lang='lat' dir='ltr'><strong>in</strong></span> <span class='ocrx_word' id='word_1_480' title='bbox 1484 3983 1702 4037; x_wconf 83' lang='lat' dir='ltr'><strong>Domino</strong></span> <span class='ocrx_word' id='word_1_481' title='bbox 1732 3983 1827 4057; x_wconf 84' lang='lat' dir='ltr'><strong>(l.</strong></span> <span class='ocrx_word' id='word_1_482' title='bbox 1858 3985 1978 4045; x_wconf 81' lang='lat' dir='ltr'><strong>Cor.</strong></span> <span class='ocrx_word' id='word_1_483' title='bbox 2011 3987 2099 4047; x_wconf 76' lang='lat' dir='ltr'><strong>lii.</strong></span> 
     </span>
    </p>
   </div>
   <div class='ocr_carea' id='block_1_61' title="bbox 525 4075 2106 4152">
    <p class='ocr_par' dir='ltr' id='par_1_61' title="bbox 525 4075 2106 4152">
     <span class='ocr_line' id='line_1_61' title="bbox 525 4075 2106 4152; baseline 0.002 -22"><span class='ocrx_word' id='word_1_484' title='bbox 525 4076 672 4142; x_wconf 78' lang='lat'><strong>15);</strong></span> <span class='ocrx_word' id='word_1_485' title='bbox 725 4083 778 4128; x_wconf 92' lang='lat' dir='ltr'><strong>et</strong></span> <span class='ocrx_word' id='word_1_486' title='bbox 820 4089 1039 4143; x_wconf 90' lang='lat' dir='ltr'><strong>rursus,</strong></span> <span class='ocrx_word' id='word_1_487' title='bbox 1091 4075 1191 4152; x_wconf 78' lang='lat' dir='ltr'><strong>Qui</strong></span> <span class='ocrx_word' id='word_1_488' title='bbox 1234 4092 1286 4134; x_wconf 81' lang='lat' dir='ltr'><strong>se</strong></span> <span class='ocrx_word' id='word_1_489' title='bbox 1333 4076 1585 4140; x_wconf 70' lang='lat' dir='ltr'><strong>existimat</strong></span> <span class='ocrx_word' id='word_1_490' title='bbox 1627 4086 1794 4139; x_wconf 88' lang='lat' dir='ltr'><strong>stare,</strong></span> <span class='ocrx_word' id='word_1_491' title='bbox 1841 4077 2005 4134; x_wconf 77' lang='lat' dir='ltr'><strong>videat</strong></span> <span class='ocrx_word' id='word_1_492' title='bbox 2042 4094 2106 4133; x_wconf 85' lang='lat' dir='ltr'><strong>ne</strong></span> 
     </span>
    </p>
   </div>
   <div class='ocr_carea' id='block_1_62' title="bbox 528 4162 2102 4242">
    <p class='ocr_par' dir='ltr' id='par_1_62' title="bbox 528 4162 2102 4242">
     <span class='ocr_line' id='line_1_62' title="bbox 528 4162 2102 4242; baseline 0.003 -27"><span class='ocrx_word' id='word_1_493' title='bbox 528 4164 670 4217; x_wconf 68' lang='lat' dir='ltr'><strong>cadat</strong></span> <span class='ocrx_word' id='word_1_494' title='bbox 703 4162 970 4242; x_wconf 77' lang='lat' dir='ltr'><strong>(Philipp.</strong></span> <span class='ocrx_word' id='word_1_495' title='bbox 1006 4167 1056 4219; x_wconf 78' lang='grc' dir='ltr'>ι.</span> <span class='ocrx_word' id='word_1_496' title='bbox 1089 4165 1110 4218; x_wconf 77' lang='grc'>1</span> <span class='ocrx_word' id='word_1_497' title='bbox 1189 4182 1202 4230; x_wconf 89' lang='grc'><strong>;</strong></span> <span class='ocrx_word' id='word_1_498' title='bbox 1236 4173 1290 4220; x_wconf 84' lang='lat' dir='ltr'><strong>cl.</strong></span> <span class='ocrx_word' id='word_1_499' title='bbox 1335 4179 1556 4231; x_wconf 86' lang='lat' dir='ltr'><strong>rursus,</strong></span> <span class='ocrx_word' id='word_1_500' title='bbox 1591 4164 1658 4230; x_wconf 80' lang='lat' dir='ltr'><strong>Ut</strong></span> <span class='ocrx_word' id='word_1_501' title='bbox 1697 4165 1898 4235; x_wconf 75' lang='lat' dir='ltr'><strong>possitis</strong></span> <span class='ocrx_word' id='word_1_502' title='bbox 1935 4168 2102 4221; x_wconf 82' lang='lat' dir='ltr'><strong>omni-</strong></span> 
     </span>
    </p>
   </div>
   <div class='ocr_carea' id='block_1_63' title="bbox 525 4256 2108 4329">
    <p class='ocr_par' dir='ltr' id='par_1_63' title="bbox 525 4256 2108 4329">
     <span class='ocr_line' id='line_1_63' title="bbox 525 4256 2108 4329; baseline 0.003 -20"><span class='ocrx_word' id='word_1_503' title='bbox 525 4258 614 4309; x_wconf 83' lang='lat' dir='ltr'><strong>bus</strong></span> <span class='ocrx_word' id='word_1_504' title='bbox 641 4257 879 4326; x_wconf 79' lang='lat' dir='ltr'><strong>confectis</strong></span> <span class='ocrx_word' id='word_1_505' title='bbox 903 4265 1037 4310; x_wconf 82' lang='lat' dir='ltr'><strong>stare</strong></span> <span class='ocrx_word' id='word_1_506' title='bbox 1069 4258 1163 4328; x_wconf 70' lang='lat' dir='ltr'><strong>ti.</strong></span> <span class='ocrx_word' id='word_1_507' title='bbox 1192 4256 1309 4313; x_wconf 90' lang='lat' dir='ltr'><strong>Cor.</strong></span> <span class='ocrx_word' id='word_1_508' title='bbox 1341 4257 1428 4318; x_wconf 85' lang='lat' dir='ltr'><strong>l0.</strong></span> <span class='ocrx_word' id='word_1_509' title='bbox 1465 4256 1589 4329; x_wconf 71' lang='lat'><strong>12).</strong></span> <span class='ocrx_word' id='word_1_510' title='bbox 1623 4257 1738 4312; x_wconf 85' lang='lat' dir='ltr'><strong>Non</strong></span> <span class='ocrx_word' id='word_1_511' title='bbox 1765 4273 1891 4329; x_wconf 90' lang='lat' dir='ltr'><strong>ergo</strong></span> <span class='ocrx_word' id='word_1_512' title='bbox 1921 4274 2108 4329; x_wconf 89' lang='lat' dir='ltr'><strong>quam-</strong></span> 
     </span>
    </p>
   </div>
   <div class='ocr_carea' id='block_1_64' title="bbox 525 4346 2106 4418">
    <p class='ocr_par' dir='ltr' id='par_1_64' title="bbox 525 4346 2106 4418">
     <span class='ocr_line' id='line_1_64' title="bbox 525 4346 2106 4418; baseline 0.003 -19"><span class='ocrx_word' id='word_1_513' title='bbox 525 4346 653 4401; x_wconf 88' lang='lat' dir='ltr'><strong>libet</strong></span> <span class='ocrx_word' id='word_1_514' title='bbox 696 4347 824 4403; x_wconf 90' lang='lat' dir='ltr'><strong>dicit</strong></span> <span class='ocrx_word' id='word_1_515' title='bbox 864 4347 1179 4415; x_wconf 81' lang='lat' dir='ltr'><strong>stationem,</strong></span> <span class='ocrx_word' id='word_1_516' title='bbox 1208 4347 1305 4404; x_wconf 88' lang='lat' dir='ltr'><strong>sed</strong></span> <span class='ocrx_word' id='word_1_517' title='bbox 1349 4364 1465 4412; x_wconf 87' lang='lat' dir='ltr'><strong>eam</strong></span> <span class='ocrx_word' id='word_1_518' title='bbox 1513 4365 1632 4418; x_wconf 80' lang='lat' dir='ltr'><strong>quze</strong></span> <span class='ocrx_word' id='word_1_519' title='bbox 1675 4359 1758 4405; x_wconf 90' lang='lat' dir='ltr'><strong>est</strong></span> <span class='ocrx_word' id='word_1_520' title='bbox 1784 4358 1928 4406; x_wconf 91' lang='lat' dir='ltr'><strong>recte</strong></span> <span class='ocrx_word' id='word_1_521' title='bbox 1957 4350 2106 4404; x_wconf 88' lang='lat' dir='ltr'><strong>ordi-</strong></span> 
     </span>
    </p>
   </div>
   <div class='ocr_carea' id='block_1_65' title="bbox 525 4437 2107 4514">
    <p class='ocr_par' dir='ltr' id='par_1_65' title="bbox 525 4437 2107 4514">
     <span class='ocr_line' id='line_1_65' title="bbox 525 4437 2107 4514; baseline 0.004 -23"><span class='ocrx_word' id='word_1_522' title='bbox 525 4449 646 4491; x_wconf 88' lang='lat' dir='ltr'><strong>nata</strong></span> <span class='ocrx_word' id='word_1_523' title='bbox 663 4455 690 4508; x_wconf 35' lang='lat' dir='ltr'><strong>I;</strong></span> <span class='ocrx_word' id='word_1_524' title='bbox 719 4447 768 4492; x_wconf 93' lang='lat' dir='ltr'><strong>et</strong></span> <span class='ocrx_word' id='word_1_525' title='bbox 806 4437 896 4514; x_wconf 89' lang='lat' dir='ltr'><strong>qui</strong></span> <span class='ocrx_word' id='word_1_526' title='bbox 936 4439 1010 4493; x_wconf 90' lang='lat' dir='ltr'><strong>rei</strong></span> <span class='ocrx_word' id='word_1_527' title='bbox 1043 4438 1438 4493; x_wconf 75' lang='lat' dir='ltr'><strong>militaris‘Sunt</strong></span> <span class='ocrx_word' id='word_1_528' title='bbox 1476 4441 1665 4508; x_wconf 91' lang='lat' dir='ltr'><strong>periti,</strong></span> <span class='ocrx_word' id='word_1_529' title='bbox 1694 4440 1871 4494; x_wconf 90' lang='lat' dir='ltr'><strong>sciunt</strong></span> <span class='ocrx_word' id='word_1_530' title='bbox 1912 4449 2107 4510; x_wconf 85' lang='lat' dir='ltr'><strong>quanta</strong></span> 
     </span>
    </p>
   </div>
   <div class='ocr_carea' id='block_1_66' title="bbox 525 4529 2108 4604">
    <p class='ocr_par' dir='ltr' id='par_1_66' title="bbox 525 4529 2108 4604">
     <span class='ocr_line' id='line_1_66' title="bbox 525 4529 2108 4604; baseline 0.004 -24"><span class='ocrx_word' id='word_1_531' title='bbox 525 4530 595 4581; x_wconf 89' lang='lat' dir='ltr'><strong>sit</strong></span> <span class='ocrx_word' id='word_1_532' title='bbox 631 4529 802 4582; x_wconf 89' lang='lat' dir='ltr'><strong>standi</strong></span> <span class='ocrx_word' id='word_1_533' title='bbox 831 4530 1041 4604; x_wconf 80' lang='lat' dir='ltr'><strong>peritia.</strong></span> <span class='ocrx_word' id='word_1_534' title='bbox 1075 4529 1205 4597; x_wconf 76' lang='lat' dir='ltr'><strong>Nam</strong></span> <span class='ocrx_word' id='word_1_535' title='bbox 1230 4530 1275 4584; x_wconf 88' lang='lat' dir='ltr'><strong>si</strong></span> <span class='ocrx_word' id='word_1_536' title='bbox 1303 4531 1356 4597; x_wconf 79' lang='lat' dir='ltr'><strong>ip</strong></span> <span class='ocrx_word' id='word_1_537' title='bbox 1389 4530 1688 4600; x_wconf 82' lang='lat' dir='ltr'><strong>pugilibus,</strong></span> <span class='ocrx_word' id='word_1_538' title='bbox 1717 4541 1772 4584; x_wconf 91' lang='lat' dir='ltr'><strong>et</strong></span> <span class='ocrx_word' id='word_1_539' title='bbox 1813 4530 1879 4584; x_wconf 91' lang='lat' dir='ltr'><strong>iis</strong></span> <span class='ocrx_word' id='word_1_540' title='bbox 1906 4532 1996 4601; x_wconf 86' lang='lat' dir='ltr'><strong>qui</strong></span> <span class='ocrx_word' id='word_1_541' title='bbox 2024 4532 2108 4586; x_wconf 69' lang='lat' dir='ltr'><strong>luo</strong></span> 
     </span>
    </p>
   </div>
   <div class='ocr_carea' id='block_1_67' title="bbox 525 4620 2109 4692">
    <p class='ocr_par' dir='ltr' id='par_1_67' title="bbox 525 4620 2109 4692">
     <span class='ocr_line' id='line_1_67' title="bbox 525 4620 2109 4692; baseline 0.006 -22"><span class='ocrx_word' id='word_1_542' title='bbox 525 4628 770 4685; x_wconf 90' lang='lat' dir='ltr'><strong>ctautnr,</strong></span> <span class='ocrx_word' id='word_1_543' title='bbox 805 4621 905 4673; x_wconf 90' lang='lat' dir='ltr'><strong>hoc</strong></span> <span class='ocrx_word' id='word_1_544' title='bbox 949 4632 1072 4684; x_wconf 82' lang='lat' dir='ltr'><strong>ante</strong></span> <span class='ocrx_word' id='word_1_545' title='bbox 1102 4621 1201 4676; x_wconf 87' lang='lat' dir='ltr'><strong>alia</strong></span> <span class='ocrx_word' id='word_1_546' title='bbox 1233 4620 1601 4690; x_wconf 87' lang='lat' dir='ltr'><strong>ludimagister</strong></span> <span class='ocrx_word' id='word_1_547' title='bbox 1627 4620 1882 4690; x_wconf 70' lang='lat' dir='ltr'><strong>praecipit.</strong></span> <span class='ocrx_word' id='word_1_548' title='bbox 1915 4637 2109 4692; x_wconf 89' lang='lat' dir='ltr'><strong>nempe</strong></span> 
     </span>
    </p>
   </div>
   <div class='ocr_carea' id='block_1_68' title="bbox 527 4709 2105 4780">
    <p class='ocr_par' dir='ltr' id='par_1_68' title="bbox 527 4709 2105 4780">
     <span class='ocr_line' id='line_1_68' title="bbox 527 4709 2105 4780; baseline 0.004 -19"><span class='ocrx_word' id='word_1_549' title='bbox 527 4719 700 4771; x_wconf 86' lang='lat' dir='ltr'><strong>stare,</strong></span> <span class='ocrx_word' id='word_1_550' title='bbox 727 4709 1089 4780; x_wconf 74' lang='lat' dir='ltr'><strong>multomagis</strong></span> <span class='ocrx_word' id='word_1_551' title='bbox 1129 4713 1181 4774; x_wconf 88' lang='lat' dir='ltr'><strong>in</strong></span> <span class='ocrx_word' id='word_1_552' title='bbox 1207 4711 1363 4766; x_wconf 91' lang='lat' dir='ltr'><strong>bellis</strong></span> <span class='ocrx_word' id='word_1_553' title='bbox 1401 4721 1457 4766; x_wconf 90' lang='lat' dir='ltr'><strong>et</strong></span> <span class='ocrx_word' id='word_1_554' title='bbox 1497 4712 1549 4765; x_wconf 93' lang='lat' dir='ltr'><strong>in</strong></span> <span class='ocrx_word' id='word_1_555' title='bbox 1580 4711 1742 4767; x_wconf 89' lang='lat' dir='ltr'><strong>rebus</strong></span> <span class='ocrx_word' id='word_1_556' title='bbox 1765 4711 2105 4779; x_wconf 87' lang='lat' dir='ltr'><strong>militaribus.</strong></span> 
     </span>
    </p>
   </div>
   <div class='ocr_carea' id='block_1_69' title="bbox 529 4798 2105 4869">
    <p class='ocr_par' dir='ltr' id='par_1_69' title="bbox 529 4798 2105 4869">
     <span class='ocr_line' id='line_1_69' title="bbox 529 4798 2105 4869; baseline 0.004 -18"><span class='ocrx_word' id='word_1_557' title='bbox 529 4798 629 4864; x_wconf 83' lang='lat' dir='ltr'><strong>Qui</strong></span> <span class='ocrx_word' id='word_1_558' title='bbox 664 4807 772 4854; x_wconf 89' lang='lat' dir='ltr'><strong>stat</strong></span> <span class='ocrx_word' id='word_1_559' title='bbox 809 4809 988 4856; x_wconf 90' lang='lat' dir='ltr'><strong>rectus</strong></span> <span class='ocrx_word' id='word_1_560' title='bbox 1009 4841 1024 4865; x_wconf 90' lang='lat'><strong>,</strong></span> <span class='ocrx_word' id='word_1_561' title='bbox 1057 4805 1164 4855; x_wconf 89' lang='lat' dir='ltr'><strong>stat</strong></span> <span class='ocrx_word' id='word_1_562' title='bbox 1211 4816 1316 4860; x_wconf 89' lang='lat' dir='ltr'><strong>non</strong></span> <span class='ocrx_word' id='word_1_563' title='bbox 1348 4801 1639 4857; x_wconf 89' lang='lat' dir='ltr'><strong>dissolutus</strong></span> <span class='ocrx_word' id='word_1_564' title='bbox 1662 4840 1678 4867; x_wconf 91' lang='lat'><strong>,</strong></span> <span class='ocrx_word' id='word_1_565' title='bbox 1711 4803 1840 4869; x_wconf 89' lang='lat' dir='ltr'><strong>nulli</strong></span> <span class='ocrx_word' id='word_1_566' title='bbox 1867 4803 2062 4868; x_wconf 85' lang='lat' dir='ltr'><strong>cedens</strong></span> <span class='ocrx_word' id='word_1_567' title='bbox 2090 4821 2105 4858; x_wconf 91' lang='lat'><strong>:</strong></span> 
     </span>
    </p>
   </div>
   <div class='ocr_carea' id='block_1_70' title="bbox 527 4890 2105 4965">
    <p class='ocr_par' dir='ltr' id='par_1_70' title="bbox 527 4890 2105 4965">
     <span class='ocr_line' id='line_1_70' title="bbox 527 4890 2105 4965; baseline 0.004 -22"><span class='ocrx_word' id='word_1_568' title='bbox 527 4899 776 4944; x_wconf 82' lang='lat' dir='ltr'><strong>accurata</strong></span> <span class='ocrx_word' id='word_1_569' title='bbox 825 4890 1088 4945; x_wconf 80' lang='lat' dir='ltr'><strong>rectitude</strong></span> <span class='ocrx_word' id='word_1_570' title='bbox 1133 4892 1373 4946; x_wconf 89' lang='lat' dir='ltr'><strong>cernitur</strong></span> <span class='ocrx_word' id='word_1_571' title='bbox 1419 4893 1470 4946; x_wconf 92' lang='lat' dir='ltr'><strong>in</strong></span> <span class='ocrx_word' id='word_1_572' title='bbox 1520 4894 1770 4965; x_wconf 75' lang='lat' dir='ltr'><strong>statione.</strong></span> <span class='ocrx_word' id='word_1_573' title='bbox 1813 4895 1988 4961; x_wconf 88' lang='lat' dir='ltr'><strong>Quare</strong></span> <span class='ocrx_word' id='word_1_574' title='bbox 2016 4897 2105 4965; x_wconf 89' lang='lat' dir='ltr'><strong>qui</strong></span> 
     </span>
    </p>
   </div>
   <div class='ocr_carea' id='block_1_71' title="bbox 527 4985 2107 5056">
    <p class='ocr_par' dir='ltr' id='par_1_71' title="bbox 527 4985 2107 5056">
     <span class='ocr_line' id='line_1_71' title="bbox 527 4985 2107 5056; baseline 0.006 -21"><span class='ocrx_word' id='word_1_575' title='bbox 527 5001 651 5039; x_wconf 86' lang='lat' dir='ltr'><strong>vere</strong></span> <span class='ocrx_word' id='word_1_576' title='bbox 691 4991 816 5038; x_wconf 89' lang='lat' dir='ltr'><strong>sunt</strong></span> <span class='ocrx_word' id='word_1_577' title='bbox 859 4985 1026 5050; x_wconf 91' lang='lat' dir='ltr'><strong>recti,</strong></span> <span class='ocrx_word' id='word_1_578' title='bbox 1059 4985 1090 5037; x_wconf 93' lang='lat' dir='ltr'><strong>ii</strong></span> <span class='ocrx_word' id='word_1_579' title='bbox 1120 4993 1260 5038; x_wconf 88' lang='lat' dir='ltr'><strong>stant</strong></span> <span class='ocrx_word' id='word_1_580' title='bbox 1290 5005 1302 5040; x_wconf 88' lang='lat'><strong>:</strong></span> <span class='ocrx_word' id='word_1_581' title='bbox 1329 4987 1417 5055; x_wconf 90' lang='lat' dir='ltr'><strong>qui</strong></span> <span class='ocrx_word' id='word_1_582' title='bbox 1445 4995 1622 5054; x_wconf 87' lang='lat' dir='ltr'><strong>autem</strong></span> <span class='ocrx_word' id='word_1_583' title='bbox 1655 4989 1758 5055; x_wconf 79' lang='lat' dir='ltr'><strong>non</strong></span> <span class='ocrx_word' id='word_1_584' title='bbox 1796 4997 1971 5051; x_wconf 84' lang='lat' dir='ltr'><strong>stant,</strong></span> <span class='ocrx_word' id='word_1_585' title='bbox 2001 5005 2107 5056; x_wconf 80' lang='lat' dir='ltr'><strong>non</strong></span> 
     </span>
    </p>
   </div>
   <div class='ocr_carea' id='block_1_72' title="bbox 528 5074 2107 5149">
    <p class='ocr_par' dir='ltr' id='par_1_72' title="bbox 528 5074 2107 5149">
     <span class='ocr_line' id='line_1_72' title="bbox 528 5074 2107 5149; baseline 0.004 -21"><span class='ocrx_word' id='word_1_586' title='bbox 528 5076 721 5129; x_wconf 76' lang='lat' dir='ltr'><strong>fuerint</strong></span> <span class='ocrx_word' id='word_1_587' title='bbox 751 5075 920 5138; x_wconf 92' lang='lat' dir='ltr'><strong>recti,</strong></span> <span class='ocrx_word' id='word_1_588' title='bbox 969 5074 1063 5128; x_wconf 89' lang='lat' dir='ltr'><strong>sed</strong></span> <span class='ocrx_word' id='word_1_589' title='bbox 1115 5074 1358 5143; x_wconf 87' lang='lat' dir='ltr'><strong>dissoluti</strong></span> <span class='ocrx_word' id='word_1_590' title='bbox 1402 5085 1456 5131; x_wconf 91' lang='lat' dir='ltr'><strong>et</strong></span> <span class='ocrx_word' id='word_1_591' title='bbox 1503 5077 1681 5132; x_wconf 78' lang='lat' dir='ltr'><strong>effusi.</strong></span> <span class='ocrx_word' id='word_1_592' title='bbox 1732 5077 1845 5132; x_wconf 86' lang='lat' dir='ltr'><strong>Non</strong></span> <span class='ocrx_word' id='word_1_593' title='bbox 1887 5087 1992 5144; x_wconf 87' lang='lat' dir='ltr'><strong>stat</strong></span> <span class='ocrx_word' id='word_1_594' title='bbox 2019 5080 2107 5149; x_wconf 92' lang='lat' dir='ltr'><strong>qui</strong></span> 
     </span>
    </p>
   </div>
   <div class='ocr_carea' id='block_1_73' title="bbox 526 5163 2106 5246">
    <p class='ocr_par' dir='ltr' id='par_1_73' title="bbox 526 5163 2106 5246">
     <span class='ocr_line' id='line_1_73' title="bbox 526 5163 2106 5246; baseline 0.005 -32"><span class='ocrx_word' id='word_1_595' title='bbox 526 5163 668 5232; x_wconf 80' lang='lat' dir='ltr'><strong>degit</strong></span> <span class='ocrx_word' id='word_1_596' title='bbox 698 5165 748 5218; x_wconf 88' lang='lat' dir='ltr'><strong>in</strong></span> <span class='ocrx_word' id='word_1_597' title='bbox 779 5163 984 5219; x_wconf 84' lang='lat' dir='ltr'><strong>deliciis</strong></span> <span class='ocrx_word' id='word_1_598' title='bbox 1008 5204 1020 5224; x_wconf 86' lang='lat'><strong>.</strong></span> <span class='ocrx_word' id='word_1_599' title='bbox 1063 5163 1154 5226; x_wconf 82' lang='lat' dir='ltr'><strong>sed</strong></span> <span class='ocrx_word' id='word_1_600' title='bbox 1185 5163 1456 5230; x_wconf 81' lang='lat' dir='ltr'><strong>declinat;</strong></span> <span class='ocrx_word' id='word_1_601' title='bbox 1490 5165 1616 5219; x_wconf 88' lang='lat' dir='ltr'><strong>item</strong></span> <span class='ocrx_word' id='word_1_602' title='bbox 1645 5167 1875 5229; x_wconf 82' lang='lat' dir='ltr'><strong>lascivus</strong></span> <span class='ocrx_word' id='word_1_603' title='bbox 1899 5211 1914 5234; x_wconf 96' lang='lat'><strong>,</strong></span> <span class='ocrx_word' id='word_1_604' title='bbox 1944 5184 2106 5246; x_wconf 83' lang='lat' dir='ltr'><strong>pecu-</strong></span> 
     </span>
    </p>
   </div>
   <div class='ocr_carea' id='block_1_74' title="bbox 527 5255 2107 5326">
    <p class='ocr_par' dir='ltr' id='par_1_74' title="bbox 527 5255 2107 5326">
     <span class='ocr_line' id='line_1_74' title="bbox 527 5255 2107 5326; baseline 0.006 -19"><span class='ocrx_word' id='word_1_605' title='bbox 527 5255 628 5307; x_wconf 68' lang='grc' dir='ltr'><strong>ιιίςυ</strong></span> <span class='ocrx_word' id='word_1_606' title='bbox 675 5255 917 5325; x_wconf 88' lang='lat' dir='ltr'><strong>cupidus.</strong></span> <span class='ocrx_word' id='word_1_607' title='bbox 974 5255 1072 5324; x_wconf 82' lang='lat' dir='ltr'><strong>Qui</strong></span> <span class='ocrx_word' id='word_1_608' title='bbox 1121 5255 1222 5310; x_wconf 91' lang='lat' dir='ltr'><strong>scit</strong></span> <span class='ocrx_word' id='word_1_609' title='bbox 1273 5263 1451 5319; x_wconf 86' lang='lat' dir='ltr'><strong>stare,</strong></span> <span class='ocrx_word' id='word_1_610' title='bbox 1502 5271 1567 5324; x_wconf 73' lang='lat' dir='ltr'><strong>ex</strong></span> <span class='ocrx_word' id='word_1_611' title='bbox 1612 5257 1800 5312; x_wconf 85' lang='lat' dir='ltr'><strong>eadem</strong></span> <span class='ocrx_word' id='word_1_612' title='bbox 1840 5261 2107 5326; x_wconf 89' lang='lat' dir='ltr'><strong>statione,</strong></span> 
     </span>
    </p>
   </div>
   <div class='ocr_carea' id='block_1_75' title="bbox 531 5348 2108 5431">
    <p class='ocr_par' dir='ltr' id='par_1_75' title="bbox 531 5348 2108 5431">
     <span class='ocr_line' id='line_1_75' title="bbox 531 5348 2108 5431; baseline 0.007 -34"><span class='ocrx_word' id='word_1_613' title='bbox 531 5357 795 5414; x_wconf 88' lang='lat' dir='ltr'><strong>tamquam</strong></span> <span class='ocrx_word' id='word_1_614' title='bbox 839 5365 905 5404; x_wconf 80' lang='lat' dir='ltr'><strong>ex</strong></span> <span class='ocrx_word' id='word_1_615' title='bbox 952 5349 1182 5418; x_wconf 79' lang='lat' dir='ltr'><strong>quodam</strong></span> <span class='ocrx_word' id='word_1_616' title='bbox 1223 5348 1604 5417; x_wconf 87' lang='lat' dir='ltr'><strong>fundamento,</strong></span> <span class='ocrx_word' id='word_1_617' title='bbox 1654 5366 1998 5431; x_wconf 60' lang='lat' dir='ltr'><strong>quotcumque</strong></span> <span class='ocrx_word' id='word_1_618' title='bbox 2041 5354 2108 5408; x_wconf 87' lang='lat' dir='ltr'><strong>ad</strong></span> 
     </span>
    </p>
   </div>
   <div class='ocr_carea' id='block_1_76' title="bbox 529 5439 2109 5517">
    <p class='ocr_par' dir='ltr' id='par_1_76' title="bbox 529 5439 2109 5517">
     <span class='ocr_line' id='line_1_76' title="bbox 529 5439 2109 5517; baseline 0.006 -29"><span class='ocrx_word' id='word_1_619' title='bbox 529 5439 723 5489; x_wconf 88' lang='lat' dir='ltr'><strong>luctam</strong></span> <span class='ocrx_word' id='word_1_620' title='bbox 769 5440 1041 5506; x_wconf 88' lang='lat' dir='ltr'><strong>pertinent</strong></span> <span class='ocrx_word' id='word_1_621' title='bbox 1088 5441 1302 5495; x_wconf 90' lang='lat' dir='ltr'><strong>habebit</strong></span> <span class='ocrx_word' id='word_1_622' title='bbox 1351 5441 1524 5495; x_wconf 87' lang='lat' dir='ltr'><strong>facilia</strong></span> <span class='ocrx_word' id='word_1_623' title='bbox 1569 5449 1624 5495; x_wconf 92' lang='lat' dir='ltr'><strong>et</strong></span> <span class='ocrx_word' id='word_1_624' title='bbox 1665 5442 1932 5517; x_wconf 80' lang='lat' dir='ltr'><strong>expedita.</strong></span> <span class='ocrx_word' id='word_1_625' title='bbox 1965 5443 2109 5510; x_wconf 82' lang='lat' dir='ltr'><strong>State</strong></span> 
     </span>
    </p>
   </div>
   <div class='ocr_carea' id='block_1_77' title="bbox 529 5528 2108 5598">
    <p class='ocr_par' dir='ltr' id='par_1_77' title="bbox 529 5528 2108 5598">
     <span class='ocr_line' id='line_1_77' title="bbox 529 5528 2108 5598; baseline 0.006 -18"><span class='ocrx_word' id='word_1_626' title='bbox 529 5544 667 5597; x_wconf 78' lang='lat' dir='ltr'><strong>ergo,</strong></span> <span class='ocrx_word' id='word_1_627' title='bbox 700 5528 898 5598; x_wconf 90' lang='lat' dir='ltr'><strong>inquit,</strong></span> <span class='ocrx_word' id='word_1_628' title='bbox 929 5532 1169 5585; x_wconf 81' lang='lat' dir='ltr'><strong>succincti</strong></span> <span class='ocrx_word' id='word_1_629' title='bbox 1198 5533 1390 5587; x_wconf 81' lang='lat' dir='ltr'><strong>luntbos</strong></span> <span class='ocrx_word' id='word_1_630' title='bbox 1427 5547 1614 5588; x_wconf 77' lang='lat' dir='ltr'><strong>vestros</strong></span> <span class='ocrx_word' id='word_1_631' title='bbox 1652 5533 1704 5588; x_wconf 85' lang='lat' dir='ltr'><strong>in</strong></span> <span class='ocrx_word' id='word_1_632' title='bbox 1740 5536 1960 5595; x_wconf 75' lang='lat' dir='ltr'><strong>veritate.</strong></span> <span class='ocrx_word' id='word_1_633' title='bbox 1994 5535 2108 5590; x_wconf 88' lang='lat' dir='ltr'><strong>Non</strong></span> 
     </span>
    </p>
   </div>
   <div class='ocr_carea' id='block_1_78' title="bbox 528 5617 2105 5696">
    <p class='ocr_par' dir='ltr' id='par_1_78' title="bbox 528 5617 2105 5696">
     <span class='ocr_line' id='line_1_78' title="bbox 528 5617 2105 5696; baseline 0.006 -24"><span class='ocrx_word' id='word_1_634' title='bbox 528 5620 654 5673; x_wconf 81' lang='lat' dir='ltr'><strong>dicit</strong></span> <span class='ocrx_word' id='word_1_635' title='bbox 679 5617 746 5673; x_wconf 88' lang='lat' dir='ltr'><strong>de</strong></span> <span class='ocrx_word' id='word_1_636' title='bbox 783 5636 911 5675; x_wconf 88' lang='lat' dir='ltr'><strong>zona</strong></span> <span class='ocrx_word' id='word_1_637' title='bbox 945 5623 1127 5677; x_wconf 90' lang='lat' dir='ltr'><strong>sensili</strong></span> <span class='ocrx_word' id='word_1_638' title='bbox 1162 5642 1176 5680; x_wconf 88' lang='lat'><strong>:</strong></span> <span class='ocrx_word' id='word_1_639' title='bbox 1209 5642 1330 5679; x_wconf 88' lang='lat' dir='ltr'><strong>nam</strong></span> <span class='ocrx_word' id='word_1_640' title='bbox 1357 5627 1534 5680; x_wconf 85' lang='lat' dir='ltr'><strong>omnia</strong></span> <span class='ocrx_word' id='word_1_641' title='bbox 1577 5641 1695 5696; x_wconf 74' lang='lat' dir='ltr'><strong>qua:</strong></span> <span class='ocrx_word' id='word_1_642' title='bbox 1739 5627 1823 5681; x_wconf 88' lang='lat' dir='ltr'><strong>hic</strong></span> <span class='ocrx_word' id='word_1_643' title='bbox 1853 5636 2005 5696; x_wconf 89' lang='lat' dir='ltr'><strong>sunt,</strong></span> <span class='ocrx_word' id='word_1_644' title='bbox 2038 5628 2105 5682; x_wconf 82' lang='lat' dir='ltr'><strong>ita</strong></span> 
     </span>
    </p>
   </div>
   <div class='ocr_carea' id='block_1_79' title="bbox 2195 2239 3770 2322">
    <p class='ocr_par' dir='ltr' id='par_1_79' title="bbox 2195 2239 3770 2322">
     <span class='ocr_line' id='line_1_79' title="bbox 2195 2239 3770 2322; baseline 0.006 -28"><span class='ocrx_word' id='word_1_645' title='bbox 2195 2240 2325 2294; x_wconf 89' lang='lat' dir='ltr'><strong>dicit</strong></span> <span class='ocrx_word' id='word_1_646' title='bbox 2354 2248 2413 2296; x_wconf 87' lang='lat' dir='ltr'><strong>ut</strong></span> <span class='ocrx_word' id='word_1_647' title='bbox 2451 2239 2644 2298; x_wconf 88' lang='lat' dir='ltr'><strong>cadant</strong></span> <span class='ocrx_word' id='word_1_648' title='bbox 2679 2243 2778 2298; x_wconf 91' lang='lat' dir='ltr'><strong>sub</strong></span> <span class='ocrx_word' id='word_1_649' title='bbox 2808 2243 3230 2314; x_wconf 87' lang='lat' dir='ltr'><strong>intelligentiam.</strong></span> <span class='ocrx_word' id='word_1_650' title='bbox 3276 2247 3406 2304; x_wconf 83' lang='lat' dir='ltr'><strong>Vide</strong></span> <span class='ocrx_word' id='word_1_651' title='bbox 3430 2260 3610 2307; x_wconf 87' lang='lat' dir='ltr'><strong>autem</strong></span> <span class='ocrx_word' id='word_1_652' title='bbox 3639 2266 3770 2322; x_wconf 45' lang='lat' dir='ltr'><strong>quo,</strong></span> 
     </span>
    </p>
   </div>
   <div class='ocr_carea' id='block_1_80' title="bbox 2194 2331 3770 2413">
    <p class='ocr_par' dir='ltr' id='par_1_80' title="bbox 2194 2331 3770 2413">
     <span class='ocr_line' id='line_1_80' title="bbox 2194 2331 3770 2413; baseline 0.01 -29"><span class='ocrx_word' id='word_1_653' title='bbox 2194 2331 2354 2387; x_wconf 90' lang='lat' dir='ltr'><strong>modo</strong></span> <span class='ocrx_word' id='word_1_654' title='bbox 2407 2334 2678 2401; x_wconf 86' lang='lat' dir='ltr'><strong>procedat.</strong></span> <span class='ocrx_word' id='word_1_655' title='bbox 2745 2335 2981 2393; x_wconf 89' lang='lat' dir='ltr'><strong>Primum</strong></span> <span class='ocrx_word' id='word_1_656' title='bbox 3030 2341 3291 2411; x_wconf 88' lang='lat' dir='ltr'><strong>succingit</strong></span> <span class='ocrx_word' id='word_1_657' title='bbox 3336 2343 3580 2398; x_wconf 90' lang='lat' dir='ltr'><strong>militem.</strong></span> <span class='ocrx_word' id='word_1_658' title='bbox 3634 2345 3770 2413; x_wconf 87' lang='lat' dir='ltr'><strong>Quid</strong></span> 
     </span>
    </p>
   </div>
   <div class='ocr_carea' id='block_1_81' title="bbox 2196 2423 3774 2500">
    <p class='ocr_par' dir='ltr' id='par_1_81' title="bbox 2196 2423 3774 2500">
     <span class='ocr_line' id='line_1_81' title="bbox 2196 2423 3774 2500; baseline 0.01 -22"><span class='ocrx_word' id='word_1_659' title='bbox 2196 2423 2298 2479; x_wconf 90' lang='lat' dir='ltr'><strong>hoc</strong></span> <span class='ocrx_word' id='word_1_660' title='bbox 2344 2435 2426 2482; x_wconf 86' lang='lat' dir='ltr'><strong>est</strong></span> <span class='ocrx_word' id='word_1_661' title='bbox 2472 2430 2692 2482; x_wconf 78' lang='lat' dir='ltr'><strong>autem?</strong></span> <span class='ocrx_word' id='word_1_662' title='bbox 2721 2429 2851 2495; x_wconf 86' lang='lat' dir='ltr'><strong>Eum</strong></span> <span class='ocrx_word' id='word_1_663' title='bbox 2890 2432 2979 2500; x_wconf 89' lang='lat' dir='ltr'><strong>qui</strong></span> <span class='ocrx_word' id='word_1_664' title='bbox 3025 2432 3334 2490; x_wconf 89' lang='lat' dir='ltr'><strong>libidinibus</strong></span> <span class='ocrx_word' id='word_1_665' title='bbox 3371 2436 3567 2492; x_wconf 85' lang='lat' dir='ltr'><strong>difﬂuit</strong></span> <span class='ocrx_word' id='word_1_666' title='bbox 3603 2448 3663 2493; x_wconf 89' lang='lat' dir='ltr'><strong>et</strong></span> <span class='ocrx_word' id='word_1_667' title='bbox 3698 2449 3774 2493; x_wconf 88' lang='lat' dir='ltr'><strong>est</strong></span> 
     </span>
    </p>
   </div>
   <div class='ocr_carea' id='block_1_82' title="bbox 2195 2513 3770 2597">
    <p class='ocr_par' dir='ltr' id='par_1_82' title="bbox 2195 2513 3770 2597">
     <span class='ocr_line' id='line_1_82' title="bbox 2195 2513 3770 2597; baseline 0.009 -28"><span class='ocrx_word' id='word_1_668' title='bbox 2195 2513 2519 2584; x_wconf 85' lang='lat' dir='ltr'><strong>dissolutus,</strong></span> <span class='ocrx_word' id='word_1_669' title='bbox 2581 2527 2636 2572; x_wconf 93' lang='lat' dir='ltr'><strong>ct</strong></span> <span class='ocrx_word' id='word_1_670' title='bbox 2677 2518 2823 2577; x_wconf 90' lang='lat' dir='ltr'><strong>humi</strong></span> <span class='ocrx_word' id='word_1_671' title='bbox 2870 2533 3122 2592; x_wconf 89' lang='lat' dir='ltr'><strong>repentes</strong></span> <span class='ocrx_word' id='word_1_672' title='bbox 3184 2524 3341 2580; x_wconf 87' lang='lat' dir='ltr'><strong>habet</strong></span> <span class='ocrx_word' id='word_1_673' title='bbox 3381 2528 3770 2597; x_wconf 86' lang='lat' dir='ltr'><strong>cogitationes,</strong></span> 
     </span>
    </p>
   </div>
   <div class='ocr_carea' id='block_1_83' title="bbox 2197 2609 3772 2687">
    <p class='ocr_par' dir='ltr' id='par_1_83' title="bbox 2197 2609 3772 2687">
     <span class='ocr_line' id='line_1_83' title="bbox 2197 2609 3772 2687; baseline 0.008 -29"><span class='ocrx_word' id='word_1_674' title='bbox 2197 2619 2294 2674; x_wconf 89' lang='lat' dir='ltr'><strong>per</strong></span> <span class='ocrx_word' id='word_1_675' title='bbox 2333 2622 2520 2660; x_wconf 84' lang='lat' dir='ltr'><strong>zonam</strong></span> <span class='ocrx_word' id='word_1_676' title='bbox 2563 2609 2841 2678; x_wconf 84' lang='lat' dir='ltr'><strong>reprimit,</strong></span> <span class='ocrx_word' id='word_1_677' title='bbox 2898 2627 3003 2670; x_wconf 90' lang='lat' dir='ltr'><strong>non</strong></span> <span class='ocrx_word' id='word_1_678' title='bbox 3067 2614 3248 2670; x_wconf 91' lang='lat' dir='ltr'><strong>sineus</strong></span> <span class='ocrx_word' id='word_1_679' title='bbox 3291 2632 3414 2674; x_wconf 89' lang='lat' dir='ltr'><strong>eum</strong></span> <span class='ocrx_word' id='word_1_680' title='bbox 3457 2619 3706 2687; x_wconf 87' lang='lat' dir='ltr'><strong>impediri</strong></span> <span class='ocrx_word' id='word_1_681' title='bbox 3744 2635 3772 2671; x_wconf 86' lang='lat' dir='ltr'><strong>a</strong></span> 
     </span>
    </p>
   </div>
   <div class='ocr_carea' id='block_1_84' title="bbox 2196 2696 3768 2772">
    <p class='ocr_par' dir='ltr' id='par_1_84' title="bbox 2196 2696 3768 2772">
     <span class='ocr_line' id='line_1_84' title="bbox 2196 2696 3768 2772; baseline 0.009 -22"><span class='ocrx_word' id='word_1_682' title='bbox 2196 2696 2434 2752; x_wconf 86' lang='lat' dir='ltr'><strong>veStibus</strong></span> <span class='ocrx_word' id='word_1_683' title='bbox 2478 2714 2598 2768; x_wconf 65' lang='lat' dir='ltr'><strong>qua:</strong></span> <span class='ocrx_word' id='word_1_684' title='bbox 2644 2701 2788 2762; x_wconf 87' lang='lat' dir='ltr'><strong>tibiis</strong></span> <span class='ocrx_word' id='word_1_685' title='bbox 2827 2702 3197 2772; x_wconf 84' lang='lat' dir='ltr'><strong>implicantur,</strong></span> <span class='ocrx_word' id='word_1_686' title='bbox 3249 2707 3342 2770; x_wconf 84' lang='lat' dir='ltr'><strong>sed</strong></span> <span class='ocrx_word' id='word_1_687' title='bbox 3383 2708 3668 2769; x_wconf 85' lang='lat' dir='ltr'><strong>dimittens</strong></span> <span class='ocrx_word' id='word_1_688' title='bbox 3716 2721 3768 2764; x_wconf 91' lang='lat' dir='ltr'><strong>ut</strong></span> 
     </span>
    </p>
   </div>
   <div class='ocr_carea' id='block_1_85' title="bbox 2197 2790 3774 2868">
    <p class='ocr_par' dir='ltr' id='par_1_85' title="bbox 2197 2790 3774 2868">
     <span class='ocr_line' id='line_1_85' title="bbox 2197 2790 3774 2868; baseline 0.007 -24"><span class='ocrx_word' id='word_1_689' title='bbox 2197 2801 2376 2850; x_wconf 80' lang='lat' dir='ltr'><strong>currat</strong></span> <span class='ocrx_word' id='word_1_690' title='bbox 2407 2790 2626 2860; x_wconf 86' lang='lat' dir='ltr'><strong>pedibus</strong></span> <span class='ocrx_word' id='word_1_691' title='bbox 2656 2792 2871 2847; x_wconf 90' lang='lat' dir='ltr'><strong>solutis.</strong></span> <span class='ocrx_word' id='word_1_692' title='bbox 2921 2795 3068 2850; x_wconf 85' lang='lat' dir='ltr'><strong>State</strong></span> <span class='ocrx_word' id='word_1_693' title='bbox 3105 2814 3253 2868; x_wconf 84' lang='lat' dir='ltr'><strong>ergo,</strong></span> <span class='ocrx_word' id='word_1_694' title='bbox 3295 2800 3544 2854; x_wconf 77' lang='lat' dir='ltr'><strong>succincti</strong></span> <span class='ocrx_word' id='word_1_695' title='bbox 3583 2802 3774 2856; x_wconf 72' lang='lat' dir='ltr'><strong>funibus</strong></span> 
     </span>
    </p>
   </div>
   <div class='ocr_carea' id='block_1_86' title="bbox 2197 2881 3777 2951">
    <p class='ocr_par' dir='ltr' id='par_1_86' title="bbox 2197 2881 3777 2951">
     <span class='ocr_line' id='line_1_86' title="bbox 2197 2881 3777 2951; baseline 0.009 -18"><span class='ocrx_word' id='word_1_696' title='bbox 2197 2892 2401 2937; x_wconf 76' lang='lat' dir='ltr'><strong>vestros.</strong></span> <span class='ocrx_word' id='word_1_697' title='bbox 2444 2881 2680 2950; x_wconf 66' lang='lat' dir='ltr'><strong>Lumbos</strong></span> <span class='ocrx_word' id='word_1_698' title='bbox 2708 2893 2883 2946; x_wconf 86' lang='lat' dir='ltr'><strong>autem</strong></span> <span class='ocrx_word' id='word_1_699' title='bbox 2920 2885 3008 2942; x_wconf 92' lang='lat' dir='ltr'><strong>hic</strong></span> <span class='ocrx_word' id='word_1_700' title='bbox 3030 2886 3161 2951; x_wconf 85' lang='lat' dir='ltr'><strong>dicit</strong></span> <span class='ocrx_word' id='word_1_701' title='bbox 3194 2905 3207 2943; x_wconf 90' lang='lat'>:</span> <span class='ocrx_word' id='word_1_702' title='bbox 3241 2905 3361 2944; x_wconf 87' lang='lat' dir='ltr'><strong>nam</strong></span> <span class='ocrx_word' id='word_1_703' title='bbox 3388 2891 3521 2946; x_wconf 88' lang='lat' dir='ltr'><strong>sicut</strong></span> <span class='ocrx_word' id='word_1_704' title='bbox 3543 2891 3600 2946; x_wconf 91' lang='lat' dir='ltr'><strong>in</strong></span> <span class='ocrx_word' id='word_1_705' title='bbox 3629 2893 3777 2948; x_wconf 83' lang='lat' dir='ltr'><strong>navi-</strong></span> 
     </span>
    </p>
   </div>
   <div class='ocr_carea' id='block_1_87' title="bbox 2197 2971 3777 3050">
    <p class='ocr_par' dir='ltr' id='par_1_87' title="bbox 2197 2971 3777 3050">
     <span class='ocr_line' id='line_1_87' title="bbox 2197 2971 3777 3050; baseline 0.007 -24"><span class='ocrx_word' id='word_1_706' title='bbox 2197 2971 2296 3026; x_wconf 91' lang='lat' dir='ltr'><strong>bus</strong></span> <span class='ocrx_word' id='word_1_707' title='bbox 2341 2974 2560 3039; x_wconf 89' lang='lat' dir='ltr'><strong>carina,</strong></span> <span class='ocrx_word' id='word_1_708' title='bbox 2624 2974 2695 3035; x_wconf 85' lang='lat' dir='ltr'><strong>ita</strong></span> <span class='ocrx_word' id='word_1_709' title='bbox 2746 2976 2906 3030; x_wconf 87' lang='lat' dir='ltr'><strong>etiam</strong></span> <span class='ocrx_word' id='word_1_710' title='bbox 2956 2977 3008 3032; x_wconf 91' lang='lat' dir='ltr'><strong>in</strong></span> <span class='ocrx_word' id='word_1_711' title='bbox 3057 2979 3212 3035; x_wconf 87' lang='lat' dir='ltr'><strong>nobis</strong></span> <span class='ocrx_word' id='word_1_712' title='bbox 3258 2980 3558 3050; x_wconf 86' lang='lat' dir='ltr'><strong>subjectum</strong></span> <span class='ocrx_word' id='word_1_713' title='bbox 3621 2984 3777 3041; x_wconf 87' lang='lat' dir='ltr'><strong>totius</strong></span> 
     </span>
    </p>
   </div>
   <div class='ocr_carea' id='block_1_88' title="bbox 2197 3064 3775 3139">
    <p class='ocr_par' dir='ltr' id='par_1_88' title="bbox 2197 3064 3775 3139">
     <span class='ocr_line' id='line_1_88' title="bbox 2197 3064 3775 3139; baseline 0.007 -24"><span class='ocrx_word' id='word_1_714' title='bbox 2197 3064 2439 3132; x_wconf 89' lang='lat' dir='ltr'><strong>corporis</strong></span> <span class='ocrx_word' id='word_1_715' title='bbox 2466 3065 2630 3124; x_wconf 86' lang='lat' dir='ltr'><strong>lumbi</strong></span> <span class='ocrx_word' id='word_1_716' title='bbox 2657 3074 2783 3122; x_wconf 90' lang='lat' dir='ltr'><strong>sunt</strong></span> <span class='ocrx_word' id='word_1_717' title='bbox 2811 3083 2825 3118; x_wconf 88' lang='lat'><strong>:</strong></span> <span class='ocrx_word' id='word_1_718' title='bbox 2856 3067 2995 3122; x_wconf 89' lang='lat' dir='ltr'><strong>sicut</strong></span> <span class='ocrx_word' id='word_1_719' title='bbox 3021 3069 3166 3135; x_wconf 84' lang='lat' dir='ltr'><strong>enim</strong></span> <span class='ocrx_word' id='word_1_720' title='bbox 3196 3068 3602 3133; x_wconf 83' lang='lat' dir='ltr'><strong>fundamentum</strong></span> <span class='ocrx_word' id='word_1_721' title='bbox 3635 3083 3775 3139; x_wconf 90' lang='lat' dir='ltr'><strong>sunt,</strong></span> 
     </span>
    </p>
   </div>
   <div class='ocr_carea' id='block_1_89' title="bbox 2199 3156 3776 3226">
    <p class='ocr_par' dir='ltr' id='par_1_89' title="bbox 2199 3156 3776 3226">
     <span class='ocr_line' id='line_1_89' title="bbox 2199 3156 3776 3226; baseline 0.006 -18"><span class='ocrx_word' id='word_1_722' title='bbox 2199 3165 2254 3208; x_wconf 93' lang='lat' dir='ltr'><strong>ct</strong></span> <span class='ocrx_word' id='word_1_723' title='bbox 2294 3170 2455 3224; x_wconf 90' lang='lat' dir='ltr'><strong>super</strong></span> <span class='ocrx_word' id='word_1_724' title='bbox 2483 3156 2626 3226; x_wconf 84' lang='lat' dir='ltr'><strong>ipsos</strong></span> <span class='ocrx_word' id='word_1_725' title='bbox 2669 3166 2836 3214; x_wconf 90' lang='lat' dir='ltr'><strong>totum</strong></span> <span class='ocrx_word' id='word_1_726' title='bbox 2881 3158 3213 3225; x_wconf 71' lang='lat' dir='ltr'><strong>mditicatur,</strong></span> <span class='ocrx_word' id='word_1_727' title='bbox 3262 3171 3316 3214; x_wconf 94' lang='lat' dir='ltr'><strong>ut</strong></span> <span class='ocrx_word' id='word_1_728' title='bbox 3351 3161 3536 3217; x_wconf 90' lang='lat' dir='ltr'><strong>dicunt</strong></span> <span class='ocrx_word' id='word_1_729' title='bbox 3564 3165 3776 3219; x_wconf 90' lang='lat' dir='ltr'><strong>medici.</strong></span> 
     </span>
    </p>
   </div>
   <div class='ocr_carea' id='block_1_90' title="bbox 2200 3247 3778 3326">
    <p class='ocr_par' dir='ltr' id='par_1_90' title="bbox 2200 3247 3778 3326">
     <span class='ocr_line' id='line_1_90' title="bbox 2200 3247 3778 3326; baseline 0.008 -27"><span class='ocrx_word' id='word_1_730' title='bbox 2200 3247 2446 3312; x_wconf 86' lang='lat' dir='ltr'><strong>Nostram</strong></span> <span class='ocrx_word' id='word_1_731' title='bbox 2476 3263 2604 3322; x_wconf 84' lang='lat' dir='ltr'><strong>ergo</strong></span> <span class='ocrx_word' id='word_1_732' title='bbox 2631 3252 2954 3322; x_wconf 83' lang='lat' dir='ltr'><strong>constringit</strong></span> <span class='ocrx_word' id='word_1_733' title='bbox 2981 3251 3214 3308; x_wconf 88' lang='lat' dir='ltr'><strong>animam</strong></span> <span class='ocrx_word' id='word_1_734' title='bbox 3236 3294 3250 3320; x_wconf 95' lang='lat'><strong>,</strong></span> <span class='ocrx_word' id='word_1_735' title='bbox 3284 3254 3493 3308; x_wconf 88' lang='lat' dir='ltr'><strong>lumbos</strong></span> <span class='ocrx_word' id='word_1_736' title='bbox 3520 3255 3778 3326; x_wconf 84' lang='lat' dir='ltr'><strong>cingens:</strong></span> 
     </span>
    </p>
   </div>
   <div class='ocr_carea' id='block_1_91' title="bbox 2202 3338 3781 3415">
    <p class='ocr_par' dir='ltr' id='par_1_91' title="bbox 2202 3338 3781 3415">
     <span class='ocr_line' id='line_1_91' title="bbox 2202 3338 3781 3415; baseline 0.006 -23"><span class='ocrx_word' id='word_1_737' title='bbox 2202 3353 2309 3392; x_wconf 91' lang='lat' dir='ltr'><strong>non</strong></span> <span class='ocrx_word' id='word_1_738' title='bbox 2353 3338 2497 3394; x_wconf 89' lang='lat' dir='ltr'><strong>enim</strong></span> <span class='ocrx_word' id='word_1_739' title='bbox 2540 3339 2639 3403; x_wconf 86' lang='lat' dir='ltr'><strong>hos</strong></span> <span class='ocrx_word' id='word_1_740' title='bbox 2687 3340 2818 3399; x_wconf 86' lang='lat' dir='ltr'><strong>dicit</strong></span> <span class='ocrx_word' id='word_1_741' title='bbox 2866 3343 3110 3407; x_wconf 89' lang='lat' dir='ltr'><strong>lumbos,</strong></span> <span class='ocrx_word' id='word_1_742' title='bbox 3159 3343 3254 3398; x_wconf 89' lang='lat' dir='ltr'><strong>sed</strong></span> <span class='ocrx_word' id='word_1_743' title='bbox 3285 3344 3356 3398; x_wconf 88' lang='lat' dir='ltr'><strong>ita</strong></span> <span class='ocrx_word' id='word_1_744' title='bbox 3401 3344 3644 3415; x_wconf 85' lang='lat' dir='ltr'><strong>loquitur</strong></span> <span class='ocrx_word' id='word_1_745' title='bbox 3668 3355 3725 3401; x_wconf 94' lang='lat' dir='ltr'><strong>ut</strong></span> <span class='ocrx_word' id='word_1_746' title='bbox 3748 3346 3781 3400; x_wconf 89' lang='lat' dir='ltr'><strong>ii</strong></span> 
     </span>
    </p>
   </div>
   <div class='ocr_carea' id='block_1_92' title="bbox 2202 3429 3783 3506">
    <p class='ocr_par' dir='ltr' id='par_1_92' title="bbox 2202 3429 3783 3506">
     <span class='ocr_line' id='line_1_92' title="bbox 2202 3429 3783 3506; baseline 0.004 -22"><span class='ocrx_word' id='word_1_747' title='bbox 2202 3429 2394 3484; x_wconf 87' lang='lat' dir='ltr'><strong>cadant</strong></span> <span class='ocrx_word' id='word_1_748' title='bbox 2424 3431 2523 3494; x_wconf 88' lang='lat' dir='ltr'><strong>sub</strong></span> <span class='ocrx_word' id='word_1_749' title='bbox 2561 3431 2989 3502; x_wconf 81' lang='lat' dir='ltr'><strong>intelligentiam.</strong></span> <span class='ocrx_word' id='word_1_750' title='bbox 3026 3433 3094 3488; x_wconf 87' lang='lat' dir='ltr'><strong>Et</strong></span> <span class='ocrx_word' id='word_1_751' title='bbox 3138 3435 3276 3489; x_wconf 89' lang='lat' dir='ltr'><strong>sicut</strong></span> <span class='ocrx_word' id='word_1_752' title='bbox 3301 3450 3486 3491; x_wconf 89' lang='lat' dir='ltr'><strong>eorum</strong></span> <span class='ocrx_word' id='word_1_753' title='bbox 3511 3452 3636 3506; x_wconf 78' lang='lat' dir='ltr'><strong>quae</strong></span> <span class='ocrx_word' id='word_1_754' title='bbox 3667 3447 3783 3492; x_wconf 88' lang='lat' dir='ltr'><strong>sunt</strong></span> 
     </span>
    </p>
   </div>
   <div class='ocr_carea' id='block_1_93' title="bbox 2205 3523 3784 3596">
    <p class='ocr_par' dir='ltr' id='par_1_93' title="bbox 2205 3523 3784 3596">
     <span class='ocr_line' id='line_1_93' title="bbox 2205 3523 3784 3596; baseline 0.004 -18"><span class='ocrx_word' id='word_1_755' title='bbox 2205 3538 2365 3593; x_wconf 86' lang='lat' dir='ltr'><strong>supra</strong></span> <span class='ocrx_word' id='word_1_756' title='bbox 2397 3533 2453 3579; x_wconf 94' lang='lat' dir='ltr'><strong>et</strong></span> <span class='ocrx_word' id='word_1_757' title='bbox 2492 3523 2630 3579; x_wconf 87' lang='lat' dir='ltr'><strong>infra</strong></span> <span class='ocrx_word' id='word_1_758' title='bbox 2673 3525 2837 3580; x_wconf 89' lang='lat' dir='ltr'><strong>lumbi</strong></span> <span class='ocrx_word' id='word_1_759' title='bbox 2881 3537 3007 3581; x_wconf 90' lang='lat' dir='ltr'><strong>sunt</strong></span> <span class='ocrx_word' id='word_1_760' title='bbox 3037 3526 3437 3584; x_wconf 89' lang='lat' dir='ltr'><strong>fundamentum</strong></span> <span class='ocrx_word' id='word_1_761' title='bbox 3469 3546 3483 3582; x_wconf 90' lang='lat'><strong>:</strong></span> <span class='ocrx_word' id='word_1_762' title='bbox 3513 3530 3584 3584; x_wconf 88' lang='lat' dir='ltr'><strong>ita</strong></span> <span class='ocrx_word' id='word_1_763' title='bbox 3628 3531 3784 3596; x_wconf 86' lang='lat' dir='ltr'><strong>etiam</strong></span> 
     </span>
    </p>
   </div>
   <div class='ocr_carea' id='block_1_94' title="bbox 2206 3615 3783 3693">
    <p class='ocr_par' dir='ltr' id='par_1_94' title="bbox 2206 3615 3783 3693">
     <span class='ocr_line' id='line_1_94' title="bbox 2206 3615 3783 3693; baseline 0.003 -24"><span class='ocrx_word' id='word_1_764' title='bbox 2206 3615 2258 3669; x_wconf 90' lang='lat' dir='ltr'><strong>in</strong></span> <span class='ocrx_word' id='word_1_765' title='bbox 2304 3615 2498 3670; x_wconf 88' lang='lat' dir='ltr'><strong>lumbis</strong></span> <span class='ocrx_word' id='word_1_766' title='bbox 2547 3616 2932 3685; x_wconf 86' lang='lat' dir='ltr'><strong>spiritualibus.</strong></span> <span class='ocrx_word' id='word_1_767' title='bbox 2993 3618 3092 3685; x_wconf 87' lang='lat' dir='ltr'><strong>Qui</strong></span> <span class='ocrx_word' id='word_1_768' title='bbox 3136 3634 3264 3689; x_wconf 86' lang='lat' dir='ltr'><strong>ergo</strong></span> <span class='ocrx_word' id='word_1_769' title='bbox 3306 3618 3576 3690; x_wconf 82' lang='lat' dir='ltr'><strong>defatigati</strong></span> <span class='ocrx_word' id='word_1_770' title='bbox 3628 3628 3783 3693; x_wconf 74' lang='lat' dir='ltr'><strong>sunt,</strong></span> 
     </span>
    </p>
   </div>
   <div class='ocr_carea' id='block_1_95' title="bbox 2207 3707 3788 3780">
    <p class='ocr_par' dir='ltr' id='par_1_95' title="bbox 2207 3707 3788 3780">
     <span class='ocr_line' id='line_1_95' title="bbox 2207 3707 3788 3780; baseline 0.003 -20"><span class='ocrx_word' id='word_1_771' title='bbox 2207 3707 2314 3770; x_wconf 82' lang='lat' dir='ltr'><strong>illic</strong></span> <span class='ocrx_word' id='word_1_772' title='bbox 2342 3722 2484 3776; x_wconf 83' lang='lat' dir='ltr'><strong>saepe</strong></span> <span class='ocrx_word' id='word_1_773' title='bbox 2512 3708 2664 3776; x_wconf 88' lang='lat' dir='ltr'><strong>quasi</strong></span> <span class='ocrx_word' id='word_1_774' title='bbox 2704 3711 2757 3762; x_wconf 86' lang='lat' dir='ltr'><strong>in</strong></span> <span class='ocrx_word' id='word_1_775' title='bbox 2788 3708 3134 3764; x_wconf 91' lang='lat' dir='ltr'><strong>fundamento</strong></span> <span class='ocrx_word' id='word_1_776' title='bbox 3173 3726 3361 3773; x_wconf 83' lang='lat' dir='ltr'><strong>manus</strong></span> <span class='ocrx_word' id='word_1_777' title='bbox 3390 3711 3709 3780; x_wconf 84' lang='lat' dir='ltr'><strong>imponunt,</strong></span> <span class='ocrx_word' id='word_1_778' title='bbox 3734 3723 3788 3774; x_wconf 85' lang='lat' dir='ltr'><strong>ut</strong></span> 
     </span>
    </p>
   </div>
   <div class='ocr_carea' id='block_1_96' title="bbox 2207 3799 3789 3871">
    <p class='ocr_par' dir='ltr' id='par_1_96' title="bbox 2207 3799 3789 3871">
     <span class='ocr_line' id='line_1_96' title="bbox 2207 3799 3789 3871; baseline 0.004 -19"><span class='ocrx_word' id='word_1_779' title='bbox 2207 3812 2267 3852; x_wconf 91' lang='lat' dir='ltr'><strong>se</strong></span> <span class='ocrx_word' id='word_1_780' title='bbox 2295 3799 2593 3871; x_wconf 86' lang='lat' dir='ltr'><strong>sustineant</strong></span> <span class='ocrx_word' id='word_1_781' title='bbox 2624 3817 2638 3854; x_wconf 91' lang='lat'><strong>:</strong></span> <span class='ocrx_word' id='word_1_782' title='bbox 2670 3810 2725 3855; x_wconf 91' lang='lat' dir='ltr'><strong>et</strong></span> <span class='ocrx_word' id='word_1_783' title='bbox 2771 3816 2904 3855; x_wconf 88' lang='lat' dir='ltr'><strong>zona</strong></span> <span class='ocrx_word' id='word_1_784' title='bbox 2956 3802 3077 3857; x_wconf 90' lang='lat' dir='ltr'><strong>ideo</strong></span> <span class='ocrx_word' id='word_1_785' title='bbox 3122 3802 3176 3858; x_wconf 88' lang='lat' dir='ltr'><strong>in</strong></span> <span class='ocrx_word' id='word_1_786' title='bbox 3219 3803 3374 3866; x_wconf 83' lang='lat' dir='ltr'><strong>bellis</strong></span> <span class='ocrx_word' id='word_1_787' title='bbox 3417 3803 3712 3866; x_wconf 83' lang='lat' dir='ltr'><strong>adhibetur</strong></span> <span class='ocrx_word' id='word_1_788' title='bbox 3736 3817 3789 3862; x_wconf 87' lang='lat' dir='ltr'><strong>ut</strong></span> 
     </span>
    </p>
   </div>
   <div class='ocr_carea' id='block_1_97' title="bbox 2208 3889 3791 3966">
    <p class='ocr_par' dir='ltr' id='par_1_97' title="bbox 2208 3889 3791 3966">
     <span class='ocr_line' id='line_1_97' title="bbox 2208 3889 3791 3966; baseline 0.006 -23"><span class='ocrx_word' id='word_1_789' title='bbox 2208 3889 2610 3944; x_wconf 87' lang='lat' dir='ltr'><strong>fundamentum</strong></span> <span class='ocrx_word' id='word_1_790' title='bbox 2664 3901 2905 3950; x_wconf 85' lang='lat' dir='ltr'><strong>nostrum</strong></span> <span class='ocrx_word' id='word_1_791' title='bbox 2951 3895 3227 3957; x_wconf 81' lang='lat' dir='ltr'><strong>contineat</strong></span> <span class='ocrx_word' id='word_1_792' title='bbox 3273 3904 3328 3951; x_wconf 91' lang='lat' dir='ltr'><strong>et</strong></span> <span class='ocrx_word' id='word_1_793' title='bbox 3369 3897 3620 3966; x_wconf 85' lang='lat' dir='ltr'><strong>stringat.</strong></span> <span class='ocrx_word' id='word_1_794' title='bbox 3671 3897 3791 3953; x_wconf 88' lang='lat' dir='ltr'><strong>Ideo</strong></span> 
     </span>
    </p>
   </div>
   <div class='ocr_carea' id='block_1_98' title="bbox 2209 3981 3791 4056">
    <p class='ocr_par' dir='ltr' id='par_1_98' title="bbox 2209 3981 3791 4056">
     <span class='ocr_line' id='line_1_98' title="bbox 2209 3981 3791 4056; baseline 0.005 -22"><span class='ocrx_word' id='word_1_795' title='bbox 2209 3989 2494 4035; x_wconf 87' lang='lat' dir='ltr'><strong>currentes</strong></span> <span class='ocrx_word' id='word_1_796' title='bbox 2541 3981 2805 4056; x_wconf 83' lang='lat' dir='ltr'><strong>cingimur</strong></span> <span class='ocrx_word' id='word_1_797' title='bbox 2835 4000 2850 4038; x_wconf 90' lang='lat'><strong>:</strong></span> <span class='ocrx_word' id='word_1_798' title='bbox 2879 3999 3012 4049; x_wconf 84' lang='lat' dir='ltr'><strong>zona</strong></span> <span class='ocrx_word' id='word_1_799' title='bbox 3059 3985 3226 4051; x_wconf 87' lang='lat' dir='ltr'><strong>robur</strong></span> <span class='ocrx_word' id='word_1_800' title='bbox 3274 3996 3514 4041; x_wconf 91' lang='lat' dir='ltr'><strong>nostrum</strong></span> <span class='ocrx_word' id='word_1_801' title='bbox 3569 3987 3628 4042; x_wconf 90' lang='lat' dir='ltr'><strong>in</strong></span> <span class='ocrx_word' id='word_1_802' title='bbox 3681 3997 3791 4042; x_wconf 88' lang='lat' dir='ltr'><strong>tuto</strong></span> 
     </span>
    </p>
   </div>
   <div class='ocr_carea' id='block_1_99' title="bbox 2214 4070 3792 4143">
    <p class='ocr_par' dir='ltr' id='par_1_99' title="bbox 2214 4070 3792 4143">
     <span class='ocr_line' id='line_1_99' title="bbox 2214 4070 3792 4143; baseline 0.008 -21"><span class='ocrx_word' id='word_1_803' title='bbox 2214 4071 2380 4139; x_wconf 89' lang='lat' dir='ltr'><strong>ponit.</strong></span> <span class='ocrx_word' id='word_1_804' title='bbox 2428 4070 2539 4129; x_wconf 88' lang='lat' dir='ltr'><strong>lloc</strong></span> <span class='ocrx_word' id='word_1_805' title='bbox 2580 4086 2744 4140; x_wconf 84' lang='lat' dir='ltr'><strong>ergo,</strong></span> <span class='ocrx_word' id='word_1_806' title='bbox 2797 4074 3001 4142; x_wconf 92' lang='lat' dir='ltr'><strong>inquit,</strong></span> <span class='ocrx_word' id='word_1_807' title='bbox 3048 4075 3140 4128; x_wconf 85' lang='lat' dir='ltr'><strong>fiat</strong></span> <span class='ocrx_word' id='word_1_808' title='bbox 3185 4075 3344 4138; x_wconf 86' lang='lat' dir='ltr'><strong>etiam</strong></span> <span class='ocrx_word' id='word_1_809' title='bbox 3395 4077 3448 4130; x_wconf 89' lang='lat' dir='ltr'><strong>in</strong></span> <span class='ocrx_word' id='word_1_810' title='bbox 3490 4078 3714 4143; x_wconf 84' lang='lat' dir='ltr'><strong>anima,</strong></span> <span class='ocrx_word' id='word_1_811' title='bbox 3741 4089 3792 4134; x_wconf 89' lang='lat' dir='ltr'><strong>et</strong></span> 
     </span>
    </p>
   </div>
   <div class='ocr_carea' id='block_1_100' title="bbox 2212 4160 3791 4231">
    <p class='ocr_par' dir='ltr' id='par_1_100' title="bbox 2212 4160 3791 4231">
     <span class='ocr_line' id='line_1_100' title="bbox 2212 4160 3791 4231; baseline 0.007 -19"><span class='ocrx_word' id='word_1_812' title='bbox 2212 4160 2420 4230; x_wconf 88' lang='lat' dir='ltr'><strong>quidvis</strong></span> <span class='ocrx_word' id='word_1_813' title='bbox 2458 4162 2712 4226; x_wconf 86' lang='lat' dir='ltr'><strong>facientes</strong></span> <span class='ocrx_word' id='word_1_814' title='bbox 2755 4165 2955 4225; x_wconf 87' lang='lat' dir='ltr'><strong>erimus</strong></span> <span class='ocrx_word' id='word_1_815' title='bbox 2997 4165 3163 4221; x_wconf 88' lang='lat' dir='ltr'><strong>fortes</strong></span> <span class='ocrx_word' id='word_1_816' title='bbox 3202 4181 3265 4221; x_wconf 87' lang='lat' dir='ltr'><strong>ac</strong></span> <span class='ocrx_word' id='word_1_817' title='bbox 3309 4168 3513 4231; x_wconf 84' lang='lat' dir='ltr'><strong>validi:</strong></span> <span class='ocrx_word' id='word_1_818' title='bbox 3545 4168 3597 4226; x_wconf 93' lang='lat' dir='ltr'><strong>id</strong></span> <span class='ocrx_word' id='word_1_819' title='bbox 3649 4173 3791 4226; x_wconf 84' lang='lat' dir='ltr'><strong>enim</strong></span> 
     </span>
    </p>
   </div>
   <div class='ocr_carea' id='block_1_101' title="bbox 2214 4252 3795 4329">
    <p class='ocr_par' dir='ltr' id='par_1_101' title="bbox 2214 4252 3795 4329">
     <span class='ocr_line' id='line_1_101' title="bbox 2214 4252 3795 4329; baseline 0.009 -26"><span class='ocrx_word' id='word_1_820' title='bbox 2214 4253 2444 4316; x_wconf 76' lang='lat' dir='ltr'><strong>nntxiine</strong></span> <span class='ocrx_word' id='word_1_821' title='bbox 2469 4252 2625 4317; x_wconf 84' lang='lat' dir='ltr'><strong>decet</strong></span> <span class='ocrx_word' id='word_1_822' title='bbox 2654 4255 2872 4317; x_wconf 88' lang='lat' dir='ltr'><strong>milites.</strong></span> <span class='ocrx_word' id='word_1_823' title='bbox 2900 4255 3074 4324; x_wconf 83' lang='lat' dir='ltr'><strong>Etiam</strong></span> <span class='ocrx_word' id='word_1_824' title='bbox 3095 4299 3110 4324; x_wconf 94' lang='lat'><strong>,</strong></span> <span class='ocrx_word' id='word_1_825' title='bbox 3145 4258 3384 4329; x_wconf 86' lang='lat' dir='ltr'><strong>inquies,</strong></span> <span class='ocrx_word' id='word_1_826' title='bbox 3408 4261 3503 4315; x_wconf 90' lang='lat' dir='ltr'><strong>sed</strong></span> <span class='ocrx_word' id='word_1_827' title='bbox 3533 4263 3635 4320; x_wconf 90' lang='lat' dir='ltr'><strong>hos</strong></span> <span class='ocrx_word' id='word_1_828' title='bbox 3663 4263 3795 4317; x_wconf 80' lang='lat' dir='ltr'><strong>Ium-</strong></span> 
     </span>
    </p>
   </div>
   <div class='ocr_carea' id='block_1_102' title="bbox 2215 4341 3794 4424">
    <p class='ocr_par' dir='ltr' id='par_1_102' title="bbox 2215 4341 3794 4424">
     <span class='ocr_line' id='line_1_102' title="bbox 2215 4341 3794 4424; baseline 0.007 -29"><span class='ocrx_word' id='word_1_829' title='bbox 2215 4341 2312 4397; x_wconf 92' lang='lat' dir='ltr'><strong>bos</strong></span> <span class='ocrx_word' id='word_1_830' title='bbox 2354 4343 2620 4411; x_wconf 81' lang='lat' dir='ltr'><strong>cingimus</strong></span> <span class='ocrx_word' id='word_1_831' title='bbox 2667 4344 2784 4405; x_wconf 86' lang='lat' dir='ltr'><strong>loro</strong></span> <span class='ocrx_word' id='word_1_832' title='bbox 2831 4347 3077 4402; x_wconf 90' lang='lat' dir='ltr'><strong>coriaceo</strong></span> <span class='ocrx_word' id='word_1_833' title='bbox 3105 4366 3118 4414; x_wconf 88' lang='lat'><strong>;</strong></span> <span class='ocrx_word' id='word_1_834' title='bbox 3149 4364 3246 4404; x_wconf 91' lang='lat' dir='ltr'><strong>uos</strong></span> <span class='ocrx_word' id='word_1_835' title='bbox 3292 4361 3469 4405; x_wconf 88' lang='lat' dir='ltr'><strong>autem</strong></span> <span class='ocrx_word' id='word_1_836' title='bbox 3517 4357 3794 4424; x_wconf 84' lang='lat' dir='ltr'><strong>quonam?</strong></span> 
     </span>
    </p>
   </div>
   <div class='ocr_carea' id='block_1_103' title="bbox 2216 4429 3797 4513">
    <p class='ocr_par' dir='ltr' id='par_1_103' title="bbox 2216 4429 3797 4513">
     <span class='ocr_line' id='line_1_103' title="bbox 2216 4429 3797 4513; baseline 0.011 -29"><span class='ocrx_word' id='word_1_837' title='bbox 2216 4429 2309 4485; x_wconf 91' lang='lat' dir='ltr'><strong>lllo</strong></span> <span class='ocrx_word' id='word_1_838' title='bbox 2329 4472 2344 4498; x_wconf 97' lang='lat'><strong>,</strong></span> <span class='ocrx_word' id='word_1_839' title='bbox 2379 4431 2521 4502; x_wconf 91' lang='lat' dir='ltr'><strong>quod</strong></span> <span class='ocrx_word' id='word_1_840' title='bbox 2551 4442 2635 4488; x_wconf 87' lang='lat' dir='ltr'><strong>est</strong></span> <span class='ocrx_word' id='word_1_841' title='bbox 2662 4443 2820 4504; x_wconf 85' lang='lat' dir='ltr'><strong>caput</strong></span> <span class='ocrx_word' id='word_1_842' title='bbox 2848 4444 2902 4489; x_wconf 89' lang='lat' dir='ltr'><strong>et</strong></span> <span class='ocrx_word' id='word_1_843' title='bbox 2923 4452 3130 4493; x_wconf 87' lang='lat' dir='ltr'><strong>summa</strong></span> <span class='ocrx_word' id='word_1_844' title='bbox 3159 4440 3574 4510; x_wconf 85' lang='lat' dir='ltr'><strong>cogitationum,</strong></span> <span class='ocrx_word' id='word_1_845' title='bbox 3601 4459 3797 4513; x_wconf 83' lang='lat' dir='ltr'><strong>nempe</strong></span> 
     </span>
    </p>
   </div>
   <div class='ocr_carea' id='block_1_104' title="bbox 2213 4526 3796 4600">
    <p class='ocr_par' dir='ltr' id='par_1_104' title="bbox 2213 4526 3796 4600">
     <span class='ocr_line' id='line_1_104' title="bbox 2213 4526 3796 4600; baseline 0.008 -22"><span class='ocrx_word' id='word_1_846' title='bbox 2213 4526 2435 4590; x_wconf 82' lang='lat' dir='ltr'><strong>veritate</strong></span> <span class='ocrx_word' id='word_1_847' title='bbox 2468 4545 2481 4581; x_wconf 91' lang='lat'>:</span> <span class='ocrx_word' id='word_1_848' title='bbox 2513 4527 2773 4581; x_wconf 84' lang='lat' dir='ltr'><strong>Succincti</strong></span> <span class='ocrx_word' id='word_1_849' title='bbox 2790 4570 2804 4594; x_wconf 94' lang='lat'><strong>,</strong></span> <span class='ocrx_word' id='word_1_850' title='bbox 2831 4530 3001 4598; x_wconf 82' lang='lat' dir='ltr'><strong>inquit</strong></span> <span class='ocrx_word' id='word_1_851' title='bbox 3019 4571 3036 4600; x_wconf 85' lang='lat'><strong>,</strong></span> <span class='ocrx_word' id='word_1_852' title='bbox 3062 4531 3258 4586; x_wconf 80' lang='lat' dir='ltr'><strong>lumbos</strong></span> <span class='ocrx_word' id='word_1_853' title='bbox 3279 4543 3475 4587; x_wconf 82' lang='lat' dir='ltr'><strong>nostros</strong></span> <span class='ocrx_word' id='word_1_854' title='bbox 3495 4535 3550 4588; x_wconf 86' lang='lat' dir='ltr'><strong>in</strong></span> <span class='ocrx_word' id='word_1_855' title='bbox 3571 4537 3796 4591; x_wconf 79' lang='lat' dir='ltr'><strong>veritate.</strong></span> 
     </span>
    </p>
   </div>
   <div class='ocr_carea' id='block_1_105' title="bbox 2213 4616 3799 4691">
    <p class='ocr_par' dir='ltr' id='par_1_105' title="bbox 2213 4616 3799 4691">
     <span class='ocr_line' id='line_1_105' title="bbox 2213 4616 3799 4691; baseline 0.009 -21"><span class='ocrx_word' id='word_1_856' title='bbox 2213 4616 2356 4688; x_wconf 86' lang='lat' dir='ltr'><strong>Ergo</strong></span> <span class='ocrx_word' id='word_1_857' title='bbox 2381 4619 2584 4674; x_wconf 89' lang='lat' dir='ltr'><strong>nullum</strong></span> <span class='ocrx_word' id='word_1_858' title='bbox 2618 4619 2902 4691; x_wconf 86' lang='lat' dir='ltr'><strong>diligamus</strong></span> <span class='ocrx_word' id='word_1_859' title='bbox 2931 4623 3267 4682; x_wconf 80' lang='lat' dir='ltr'><strong>mendacium</strong></span> <span class='ocrx_word' id='word_1_860' title='bbox 3299 4644 3314 4678; x_wconf 88' lang='lat'><strong>:</strong></span> <span class='ocrx_word' id='word_1_861' title='bbox 3347 4641 3437 4682; x_wconf 87' lang='lat' dir='ltr'><strong>res</strong></span> <span class='ocrx_word' id='word_1_862' title='bbox 3464 4642 3660 4684; x_wconf 89' lang='lat' dir='ltr'><strong>omnes</strong></span> <span class='ocrx_word' id='word_1_863' title='bbox 3691 4640 3799 4684; x_wconf 82' lang='lat' dir='ltr'><strong>tra-</strong></span> 
     </span>
    </p>
   </div>
   <div class='ocr_carea' id='block_1_106' title="bbox 2212 4711 3802 4779">
    <p class='ocr_par' dir='ltr' id='par_1_106' title="bbox 2212 4711 3802 4779">
     <span class='ocr_line' id='line_1_106' title="bbox 2212 4711 3802 4779; baseline 0.008 -17"><span class='ocrx_word' id='word_1_864' title='bbox 2212 4719 2421 4777; x_wconf 87' lang='lat' dir='ltr'><strong>ctemus</strong></span> <span class='ocrx_word' id='word_1_865' title='bbox 2449 4711 2500 4776; x_wconf 85' lang='lat' dir='ltr'><strong>in</strong></span> <span class='ocrx_word' id='word_1_866' title='bbox 2535 4713 2757 4768; x_wconf 88' lang='lat' dir='ltr'><strong>veritate</strong></span> <span class='ocrx_word' id='word_1_867' title='bbox 2791 4731 2806 4768; x_wconf 87' lang='lat'><strong>:</strong></span> <span class='ocrx_word' id='word_1_868' title='bbox 2837 4715 2978 4779; x_wconf 84' lang='lat' dir='ltr'><strong>alter</strong></span> <span class='ocrx_word' id='word_1_869' title='bbox 3015 4716 3169 4771; x_wconf 89' lang='lat' dir='ltr'><strong>alteri</strong></span> <span class='ocrx_word' id='word_1_870' title='bbox 3200 4732 3304 4779; x_wconf 87' lang='lat' dir='ltr'><strong>non</strong></span> <span class='ocrx_word' id='word_1_871' title='bbox 3341 4719 3670 4779; x_wconf 88' lang='lat' dir='ltr'><strong>mentiamur</strong></span> <span class='ocrx_word' id='word_1_872' title='bbox 3701 4739 3718 4774; x_wconf 91' lang='lat'><strong>:</strong></span> <span class='ocrx_word' id='word_1_873' title='bbox 3749 4731 3802 4776; x_wconf 92' lang='lat' dir='ltr'><strong>et</strong></span> 
     </span>
    </p>
   </div>
   <div class='ocr_carea' id='block_1_107' title="bbox 2214 4801 3800 4878">
    <p class='ocr_par' dir='ltr' id='par_1_107' title="bbox 2214 4801 3800 4878">
     <span class='ocr_line' id='line_1_107' title="bbox 2214 4801 3800 4878; baseline 0.008 -24"><span class='ocrx_word' id='word_1_874' title='bbox 2214 4801 2258 4854; x_wconf 90' lang='lat' dir='ltr'><strong>si</strong></span> <span class='ocrx_word' id='word_1_875' title='bbox 2287 4801 2355 4855; x_wconf 90' lang='lat' dir='ltr'><strong>sit</strong></span> <span class='ocrx_word' id='word_1_876' title='bbox 2383 4802 2550 4872; x_wconf 90' lang='lat' dir='ltr'><strong>gloria</strong></span> <span class='ocrx_word' id='word_1_877' title='bbox 2576 4843 2593 4869; x_wconf 94' lang='lat'><strong>,</strong></span> <span class='ocrx_word' id='word_1_878' title='bbox 2625 4803 2768 4873; x_wconf 85' lang='lat' dir='ltr'><strong>quod</strong></span> <span class='ocrx_word' id='word_1_879' title='bbox 2799 4820 2983 4860; x_wconf 87' lang='lat' dir='ltr'><strong>verum</strong></span> <span class='ocrx_word' id='word_1_880' title='bbox 3015 4815 3098 4863; x_wconf 89' lang='lat' dir='ltr'><strong>est</strong></span> <span class='ocrx_word' id='word_1_881' title='bbox 3132 4823 3468 4877; x_wconf 71' lang='lat' dir='ltr'><strong>quaeramus;</strong></span> <span class='ocrx_word' id='word_1_882' title='bbox 3497 4813 3627 4866; x_wconf 84' lang='lat' dir='ltr'><strong>etsi</strong></span> <span class='ocrx_word' id='word_1_883' title='bbox 3658 4813 3765 4868; x_wconf 85' lang='lat' dir='ltr'><strong>vita</strong></span> <span class='ocrx_word' id='word_1_884' title='bbox 3786 4854 3800 4878; x_wconf 93' lang='lat'><strong>,</strong></span> 
     </span>
    </p>
   </div>
   <div class='ocr_carea' id='block_1_108' title="bbox 2213 4896 3806 4970">
    <p class='ocr_par' dir='ltr' id='par_1_108' title="bbox 2213 4896 3806 4970">
     <span class='ocr_line' id='line_1_108' title="bbox 2213 4896 3806 4970; baseline 0.009 -25"><span class='ocrx_word' id='word_1_885' title='bbox 2213 4909 2416 4949; x_wconf 83' lang='lat' dir='ltr'><strong>veram.</strong></span> <span class='ocrx_word' id='word_1_886' title='bbox 2448 4897 2501 4951; x_wconf 92' lang='lat' dir='ltr'><strong>Si</strong></span> <span class='ocrx_word' id='word_1_887' title='bbox 2533 4896 2636 4954; x_wconf 91' lang='lat' dir='ltr'><strong>hoc</strong></span> <span class='ocrx_word' id='word_1_888' title='bbox 2679 4913 2806 4967; x_wconf 89' lang='lat' dir='ltr'><strong>ergo</strong></span> <span class='ocrx_word' id='word_1_889' title='bbox 2836 4913 2934 4954; x_wconf 90' lang='lat' dir='ltr'><strong>nos</strong></span> <span class='ocrx_word' id='word_1_890' title='bbox 2961 4900 3423 4958; x_wconf 85' lang='lat' dir='ltr'><strong>circumvallemus</strong></span> <span class='ocrx_word' id='word_1_891' title='bbox 3445 4945 3461 4970; x_wconf 93' lang='lat'><strong>,</strong></span> <span class='ocrx_word' id='word_1_892' title='bbox 3499 4905 3546 4957; x_wconf 91' lang='lat' dir='ltr'><strong>si</strong></span> <span class='ocrx_word' id='word_1_893' title='bbox 3574 4906 3806 4960; x_wconf 85' lang='lat' dir='ltr'><strong>veritate</strong></span> 
     </span>
    </p>
   </div>
   <div class='ocr_carea' id='block_1_109' title="bbox 2214 4988 3806 5064">
    <p class='ocr_par' dir='ltr' id='par_1_109' title="bbox 2214 4988 3806 5064">
     <span class='ocr_line' id='line_1_109' title="bbox 2214 4988 3806 5064; baseline 0.006 -24"><span class='ocrx_word' id='word_1_894' title='bbox 2214 4988 2585 5057; x_wconf 84' lang='lat' dir='ltr'><strong>accingamur,</strong></span> <span class='ocrx_word' id='word_1_895' title='bbox 2636 4990 2813 5049; x_wconf 88' lang='lat' dir='ltr'><strong>nullus</strong></span> <span class='ocrx_word' id='word_1_896' title='bbox 2851 5005 2950 5044; x_wconf 90' lang='lat' dir='ltr'><strong>nos</strong></span> <span class='ocrx_word' id='word_1_897' title='bbox 3011 4993 3306 5061; x_wconf 83' lang='lat' dir='ltr'><strong>superabit.</strong></span> <span class='ocrx_word' id='word_1_898' title='bbox 3345 4994 3444 5061; x_wconf 84' lang='lat' dir='ltr'><strong>Qui</strong></span> <span class='ocrx_word' id='word_1_899' title='bbox 3475 4999 3676 5064; x_wconf 60' lang='lat' dir='ltr'><strong>qua‘rit</strong></span> <span class='ocrx_word' id='word_1_900' title='bbox 3705 4997 3806 5051; x_wconf 86' lang='lat' dir='ltr'><strong>do-</strong></span> 
     </span>
    </p>
   </div>
   <div class='ocr_carea' id='block_1_110' title="bbox 2213 5081 3806 5160">
    <p class='ocr_par' dir='ltr' id='par_1_110' title="bbox 2213 5081 3806 5160">
     <span class='ocr_line' id='line_1_110' title="bbox 2213 5081 3806 5160; baseline 0.008 -30"><span class='ocrx_word' id='word_1_901' title='bbox 2213 5095 2333 5148; x_wconf 86' lang='lat' dir='ltr'><strong>gma</strong></span> <span class='ocrx_word' id='word_1_902' title='bbox 2353 5081 2611 5148; x_wconf 90' lang='lat' dir='ltr'><strong>veritatis,</strong></span> <span class='ocrx_word' id='word_1_903' title='bbox 2643 5097 2746 5136; x_wconf 92' lang='lat' dir='ltr'><strong>non</strong></span> <span class='ocrx_word' id='word_1_904' title='bbox 2783 5081 2995 5140; x_wconf 88' lang='lat' dir='ltr'><strong>decidet</strong></span> <span class='ocrx_word' id='word_1_905' title='bbox 3022 5084 3072 5137; x_wconf 92' lang='lat' dir='ltr'><strong>in</strong></span> <span class='ocrx_word' id='word_1_906' title='bbox 3103 5095 3322 5150; x_wconf 83' lang='lat' dir='ltr'><strong>terram.</strong></span> <span class='ocrx_word' id='word_1_907' title='bbox 3349 5085 3480 5141; x_wconf 86' lang='lat' dir='ltr'><strong>Nam</strong></span> <span class='ocrx_word' id='word_1_908' title='bbox 3507 5089 3656 5158; x_wconf 91' lang='lat' dir='ltr'><strong>quod</strong></span> <span class='ocrx_word' id='word_1_909' title='bbox 3687 5104 3806 5160; x_wconf 62' lang='lat' dir='ltr'><strong>quae</strong></span> 
     </span>
    </p>
   </div>
   <div class='ocr_carea' id='block_1_111' title="bbox 2215 5173 3805 5252">
    <p class='ocr_par' dir='ltr' id='par_1_111' title="bbox 2215 5173 3805 5252">
     <span class='ocr_line' id='line_1_111' title="bbox 2215 5173 3805 5252; baseline 0.007 -29"><span class='ocrx_word' id='word_1_910' title='bbox 2215 5185 2338 5224; x_wconf 90' lang='lat' dir='ltr'><strong>vera</strong></span> <span class='ocrx_word' id='word_1_911' title='bbox 2369 5180 2654 5238; x_wconf 80' lang='lat' dir='ltr'><strong>non&#39;sunt,</strong></span> <span class='ocrx_word' id='word_1_912' title='bbox 2703 5173 2810 5227; x_wconf 90' lang='lat' dir='ltr'><strong>siut</strong></span> <span class='ocrx_word' id='word_1_913' title='bbox 2836 5189 2900 5228; x_wconf 82' lang='lat' dir='ltr'><strong>ex</strong></span> <span class='ocrx_word' id='word_1_914' title='bbox 2944 5183 3082 5232; x_wconf 87' lang='lat' dir='ltr'><strong>terra</strong></span> <span class='ocrx_word' id='word_1_915' title='bbox 3107 5215 3123 5240; x_wconf 95' lang='lat'><strong>,</strong></span> <span class='ocrx_word' id='word_1_916' title='bbox 3155 5176 3278 5231; x_wconf 88' lang='lat' dir='ltr'><strong>inde</strong></span> <span class='ocrx_word' id='word_1_917' title='bbox 3309 5178 3479 5246; x_wconf 85' lang='lat' dir='ltr'><strong>palam</strong></span> <span class='ocrx_word' id='word_1_918' title='bbox 3509 5191 3633 5245; x_wconf 87' lang='lat' dir='ltr'><strong>est,</strong></span> <span class='ocrx_word' id='word_1_919' title='bbox 3663 5180 3805 5252; x_wconf 86' lang='lat' dir='ltr'><strong>quod</strong></span> 
     </span>
    </p>
   </div>
   <div class='ocr_carea' id='block_1_112' title="bbox 2213 5263 3806 5336">
    <p class='ocr_par' dir='ltr' id='par_1_112' title="bbox 2213 5263 3806 5336">
     <span class='ocr_line' id='line_1_112' title="bbox 2213 5263 3806 5336; baseline 0.006 -21"><span class='ocrx_word' id='word_1_920' title='bbox 2213 5263 2421 5316; x_wconf 85' lang='lat' dir='ltr'><strong>externi</strong></span> <span class='ocrx_word' id='word_1_921' title='bbox 2458 5278 2646 5318; x_wconf 89' lang='lat' dir='ltr'><strong>omnes</strong></span> <span class='ocrx_word' id='word_1_922' title='bbox 2673 5266 2907 5322; x_wconf 87' lang='lat' dir='ltr'><strong>serviant</strong></span> <span class='ocrx_word' id='word_1_923' title='bbox 2934 5266 3076 5324; x_wconf 89' lang='lat' dir='ltr'><strong>vitiis</strong></span> <span class='ocrx_word' id='word_1_924' title='bbox 3098 5276 3152 5321; x_wconf 92' lang='lat' dir='ltr'><strong>et</strong></span> <span class='ocrx_word' id='word_1_925' title='bbox 3177 5268 3458 5325; x_wconf 89' lang='lat' dir='ltr'><strong>affectibus</strong></span> <span class='ocrx_word' id='word_1_926' title='bbox 3475 5310 3491 5336; x_wconf 93' lang='lat'><strong>,</strong></span> <span class='ocrx_word' id='word_1_927' title='bbox 3522 5270 3655 5325; x_wconf 91' lang='lat' dir='ltr'><strong>dum</strong></span> <span class='ocrx_word' id='word_1_928' title='bbox 3679 5287 3806 5326; x_wconf 82' lang='lat' dir='ltr'><strong>suas</strong></span> 
     </span>
    </p>
   </div>
   <div class='ocr_carea' id='block_1_113' title="bbox 2214 5355 3802 5430">
    <p class='ocr_par' dir='ltr' id='par_1_113' title="bbox 2214 5355 3802 5430">
     <span class='ocr_line' id='line_1_113' title="bbox 2214 5355 3802 5430; baseline 0.004 -23"><span class='ocrx_word' id='word_1_929' title='bbox 2214 5363 2511 5424; x_wconf 87' lang='lat' dir='ltr'><strong>sequuntur</strong></span> <span class='ocrx_word' id='word_1_930' title='bbox 2532 5355 2905 5425; x_wconf 82' lang='lat' dir='ltr'><strong>cogitationes.</strong></span> <span class='ocrx_word' id='word_1_931' title='bbox 2935 5357 3293 5425; x_wconf 88' lang='lat' dir='ltr'><strong>Quamobrem</strong></span> <span class='ocrx_word' id='word_1_932' title='bbox 3322 5358 3368 5416; x_wconf 92' lang='lat' dir='ltr'><strong>si</strong></span> <span class='ocrx_word' id='word_1_933' title='bbox 3394 5359 3579 5430; x_wconf 87' lang='lat' dir='ltr'><strong>vigiles</strong></span> <span class='ocrx_word' id='word_1_934' title='bbox 3609 5363 3802 5422; x_wconf 80' lang='lat' dir='ltr'><strong>simus.</strong></span> 
     </span>
    </p>
   </div>
   <div class='ocr_carea' id='block_1_114' title="bbox 2215 5448 3805 5522">
    <p class='ocr_par' dir='ltr' id='par_1_114' title="bbox 2215 5448 3805 5522">
     <span class='ocr_line' id='line_1_114' title="bbox 2215 5448 3805 5522; baseline 0.005 -21"><span class='ocrx_word' id='word_1_935' title='bbox 2215 5448 2266 5502; x_wconf 92' lang='lat' dir='ltr'><strong>in</strong></span> <span class='ocrx_word' id='word_1_936' title='bbox 2289 5449 2596 5504; x_wconf 68' lang='lat' dir='ltr'><strong>Graecorum</strong></span> <span class='ocrx_word' id='word_1_937' title='bbox 2619 5450 2766 5505; x_wconf 90' lang='lat' dir='ltr'><strong>libris</strong></span> <span class='ocrx_word' id='word_1_938' title='bbox 2785 5459 2841 5506; x_wconf 88' lang='lat' dir='ltr'><strong>et</strong></span> <span class='ocrx_word' id='word_1_939' title='bbox 2865 5452 3079 5521; x_wconf 91' lang='lat' dir='ltr'><strong>scriptis</strong></span> <span class='ocrx_word' id='word_1_940' title='bbox 3100 5451 3343 5508; x_wconf 90' lang='lat' dir='ltr'><strong>doctrina</strong></span> <span class='ocrx_word' id='word_1_941' title='bbox 3368 5469 3472 5508; x_wconf 91' lang='lat' dir='ltr'><strong>non</strong></span> <span class='ocrx_word' id='word_1_942' title='bbox 3500 5455 3805 5522; x_wconf 85' lang='lat' dir='ltr'><strong>egebimus.</strong></span> 
     </span>
    </p>
   </div>
   <div class='ocr_carea' id='block_1_115' title="bbox 2217 5541 3806 5616">
    <p class='ocr_par' dir='ltr' id='par_1_115' title="bbox 2217 5541 3806 5616">
     <span class='ocr_line' id='line_1_115' title="bbox 2217 5541 3806 5616; baseline 0.001 -21"><span class='ocrx_word' id='word_1_943' title='bbox 2217 5541 2400 5607; x_wconf 85' lang='lat' dir='ltr'><strong>Viden&#39;</strong></span> <span class='ocrx_word' id='word_1_944' title='bbox 2445 5559 2604 5613; x_wconf 90' lang='lat' dir='ltr'><strong>quam</strong></span> <span class='ocrx_word' id='word_1_945' title='bbox 2631 5554 2758 5599; x_wconf 91' lang='lat' dir='ltr'><strong>sunt</strong></span> <span class='ocrx_word' id='word_1_946' title='bbox 2795 5545 2868 5599; x_wconf 91' lang='lat' dir='ltr'><strong>illi</strong></span> <span class='ocrx_word' id='word_1_947' title='bbox 2901 5543 3090 5599; x_wconf 90' lang='lat' dir='ltr'><strong>molles</strong></span> <span class='ocrx_word' id='word_1_948' title='bbox 3131 5552 3188 5598; x_wconf 89' lang='lat' dir='ltr'><strong>et</strong></span> <span class='ocrx_word' id='word_1_949' title='bbox 3227 5547 3497 5612; x_wconf 87' lang='lat' dir='ltr'><strong>enervati,</strong></span> <span class='ocrx_word' id='word_1_950' title='bbox 3530 5555 3588 5600; x_wconf 92' lang='lat' dir='ltr'><strong>ut</strong></span> <span class='ocrx_word' id='word_1_951' title='bbox 3615 5547 3710 5616; x_wconf 90' lang='lat' dir='ltr'><strong>qui</strong></span> <span class='ocrx_word' id='word_1_952' title='bbox 3738 5544 3806 5598; x_wconf 80' lang='lat' dir='ltr'><strong>de</strong></span> 
     </span>
    </p>
   </div>
   <div class='ocr_carea' id='block_1_116' title="bbox 2215 5632 3805 5708">
    <p class='ocr_par' dir='ltr' id='par_1_116' title="bbox 2215 5632 3805 5708">
     <span class='ocr_line' id='line_1_116' title="bbox 2215 5632 3805 5708; baseline 0.008 -23"><span class='ocrx_word' id='word_1_953' title='bbox 2215 5632 2324 5692; x_wconf 85' lang='lat' dir='ltr'><strong>Deo</strong></span> <span class='ocrx_word' id='word_1_954' title='bbox 2348 5633 2477 5700; x_wconf 85' lang='lat' dir='ltr'><strong>nihil</strong></span> <span class='ocrx_word' id='word_1_955' title='bbox 2510 5636 2715 5704; x_wconf 85' lang='lat' dir='ltr'><strong>possint</strong></span> <span class='ocrx_word' id='word_1_956' title='bbox 2743 5650 2904 5704; x_wconf 87' lang='lat' dir='ltr'><strong>grave</strong></span> <span class='ocrx_word' id='word_1_957' title='bbox 2932 5644 2982 5690; x_wconf 89' lang='lat' dir='ltr'><strong>et</strong></span> <span class='ocrx_word' id='word_1_958' title='bbox 3010 5644 3284 5691; x_wconf 90' lang='lat' dir='ltr'><strong>austerum</strong></span> <span class='ocrx_word' id='word_1_959' title='bbox 3315 5636 3588 5708; x_wconf 88' lang='lat' dir='ltr'><strong>suspicere</strong></span> <span class='ocrx_word' id='word_1_960' title='bbox 3609 5676 3623 5701; x_wconf 92' lang='lat'><strong>,</strong></span> <span class='ocrx_word' id='word_1_961' title='bbox 3657 5633 3805 5707; x_wconf 73' lang='lat' dir='ltr'><strong>quod</strong></span> 
     </span>
    </p>
   </div>
  </div>
