4046 6210
419 284 521 338 1ϋῦ

419 393 680 465 λογισμὸν
734 393 864 467 περὶ
913 396 1047 451 Θεοῦ
1094 396 1347 463 δέξασθαι
1395 393 1719 464 δυνάμενοι;
1763 393 1822 445 οὐ
1880 391 1992 461 γάρ

421 484 558 537 είσιν
592 482 889 553 ἐζωσμένοι
924 485 981 536 ἐν
1010 483 1263 555 ἀληθεία.
1300 483 1500 549 Διόπερ
1545 478 1726 533 αὐτῶν
1754 479 1787 547 ἡ
1822 478 1993 547 ὀσφὺς

420 569 730 630 ἐκλέλυται.
756 570 816 622 τὸ
853 570 1100 623 δεκτικὸν
1136 570 1244 623 τῶν
1273 565 1603 639 γεννητικῶν
1640 564 1994 635 σπερμάτων,

422 655 518 709 καὶ
558 656 665 709 τῶν
715 655 993 726 λογισμῶν
1044 656 1106 710 τὸ
1156 654 1395 727 ἰσχυρόν.
1440 653 1605 707 οὐδὲν
1654 648 1747 706 οὖν
1790 650 1996 705 τούτων

422 742 830 814 ἀσθενέστερον.

488 827 560 900 β’.
592 830 926 900 Μανιχαίους
954 828 1011 883 δὲ
1034 830 1168 901 ὁρᾷς
1197 828 1379 892 πάλιν,
1407 829 1525 891 πῶς
1553 828 1729 882 πάντα
1759 826 1866 879 ἀπὸ
1888 824 1996 878 τῶν

419 916 633 969 οἰκείων
654 917 925 987 λογισμῶν
948 917 1185 986 τολμῶσι
1215 915 1574 985 φθέγγεσθαι;
1611 916 1725 967 Οὐκ
1749 912 1994 982 ἠδύνατο,

422 1005 604 1071 φησὶν,
636 1007 663 1056 6
693 1003 825 1066 Θεὸς
860 1004 985 1059 ἄνευ
1018 1002 1150 1072 ῦλης
1178 1004 1400 1073 ποιῆσαι
1425 1002 1519 1056 τὸν
1553 1003 1775 1072 κόσμον.
1826 1000 1998 1053 Πόθεν

419 1091 577 1145 τοῦτο
602 1091 758 1162 δῆλον
780 1108 794 1156 ;
825 1090 1077 1161 Χαμόθεν
1097 1090 1266 1144 ταῦτα
1288 1091 1506 1159 λέγουσι
1533 1091 1627 1144 καὶ
1649 1088 1758 1143 ἀπὸ
1778 1089 1878 1158 τῆς
1894 1089 2000 1158 γῆς

419 1181 515 1234 καὶ
556 1180 663 1233 άπὸ
704 1180 813 1233 τῶν
858 1181 986 1251 παρ’
1030 1181 1180 1250 ἡμῖν.
1215 1180 1337 1233 Ὅτι
1378 1180 1682 1250 ἄνθρωπος,
1718 1178 1902 1247 φησὶν,
1934 1178 1997 1230 οὐ

423 1269 641 1323 δύναται
678 1269 881 1339 ἑτέρως
909 1270 1153 1338 ποιῆσαι.
1186 1267 1355 1321 Πάλιν
1385 1268 1651 1340 Μαρκίων
1679 1264 1780 1339 ὅρα
1809 1266 1859 1319 τί
1892 1283 1999 1337 φη·

422 1372 526 1410 σιν⁹
551 1357 665 1409 Οὐκ
700 1355 933 1425 ⁴ἡδύνατο
960 1356 988 1408 6
1010 1355 1142 1418 Θεὸς
1169 1354 1347 1425 σάρκα
1367 1352 1653 1409 ἀναλαϐὼν
1690 1356 1867 1425 μεῖναι
1896 1370 1998 1407 κα-

422 1443 605 1514 θαρύς.
652 1441 820 1495 Πόθεν
861 1440 1019 1493 τοῦτο
1052 1441 1241 1511 δῆλονς
1275 1438 1398 1492 Ὅτι
1438 1440 1559 1493 οὐδέ
1611 1441 1660 1493 οἱ
1700 1439 1996 1510 ἄνθρωποι,

421 1530 575 1599 φησί.
613 1528 804 1582 Καίτοι
833 1527 1111 1599 ἄνθρωποι
1142 1528 1415 1583 δύνανται.
1454 1528 1802 1590 Οὐαλεντῖνος
1839 1525 1999 1580 πάλιν

418 1618 595 1689 χαμαὶ
625 1616 956 1688 συρομένους
983 1617 1120 1686 έχων
1149 1619 1274 1681 τοὺς
1295 1617 1606 1687 λογισμοὺς,
1628 1615 1735 1669 ἀπὸ
1766 1615 1867 1685 τῆς
1895 1614 2001 1684 γῆς

423 1706 754 1774 φθέγγεται·
795 1703 995 1770 ὁμοίως
1036 1704 1126 1756 καὶ
1174 1703 1383 1765 Παῦλος
1421 1705 1449 1756 ὁ
1494 1703 1862 1773 Σαμοσατεύς,
1905 1699 2000 1755 καὶ

424 1791 573 1864 [176]
602 1794 835 1859 Ἀρειος.
855 1791 918 1843 Τί
934 1791 1042 1860 γάρ
1072 1808 1265 1862 φησινς
1290 1794 1402 1845 Οὐκ
1418 1791 1644 1862 ἡδύνατο
1668 1791 1697 1843 6
1728 1789 1858 1851 Θεὸς
1874 1806 1998 1856 γεν-

419 1878 548 1943 νῶν,
574 1877 832 1947 γεννῆσαι
862 1876 1110 1938 ἀπαθῶς.
1136 1878 1305 1932 Πόθεν
1323 1877 1481 1930 τοῦτο
1505 1876 1709 1947 τολμᾷς
1733 1875 1930 1943 λέγειν,
1947 1868 1993 1927 ὦ

424 1966 638 2035 Ἀρειες
674 1963 807 2016 Ἀπὸ
827 1963 933 2017 τῶν
958 1965 1085 2036 παρ’
1114 1966 1266 2033 ἡμῖν.
1296 1965 1459 2034 ὐρᾷς
1479 1965 1693 2017 πάντων
1718 1962 1892 2033 χαμαὶ
1912 1978 2001 2013 συ-

422 2052 683 2122 ρομένους
703 2052 827 2114 τοὺς
850 2051 1161 2120 λογισμοὺς,
1181 2051 1395 2103 πάντων
1419 2050 1878 2121 κεχαλασμένους,
1901 2048 2001 2118 τῆς

421 2138 527 2209 γῆς
556 2138 847 2201 πνέοντας;
883 2139 994 2190 Καὶ
1019 2137 1304 2209 δογμάτων
1329 2137 1426 2207 μὲν
1457 2138 1637 2200 ἕνεκα,
1674 2134 1818 2189 οὕτω
1836 2151 1850 2164 ⁸
1885 2134 2001 2205 βίου

423 2226 477 2277 δὲ
498 2225 677 2288 πάλιν,
705 2227 753 2277 οί
785 2224 991 2295 πόρνοι,
1015 2224 1062 2277 οί
1088 2223 1385 2294 χρημάτων
1418 2222 1669 2294 ἐρῶντες,
1686 2224 1735 2276 οί
1755 2222 1931 2292 δόξης,
1951 2223 2001 2275 οί

421 2314 530 2365 τῶν
571 2313 747 2366 ἄλλων
794 2312 1065 2375 ἀπάντων,
1113 2313 1287 2382 χαμαὶ
1329 2311 1581 2382 σύρονται
1604 2327 1619 2340 ⁸
1653 2312 1754 2365 οὐκ
1790 2312 2001 2382 ἔχουσιν

422 2400 713 2469 ἑστηκυῖαν
743 2397 911 2469 αὐτὴν
942 2398 1039 2468 τὴν
1071 2400 1261 2467 ὀσφὺν,
1294 2400 1433 2453 ὥστε
1483 2398 1753 2469 καμόντες
1797 2398 2001 2452 ἐπαναο

423 2484 724 2549 παύεσθαι,
760 2484 872 2537 ἀλλ’
907 2483 1001 2538 ἐὰν
1036 2486 1285 2555 κάμωσιν
1307 2524 1321 2548 ,
1366 2486 1426 2539 οὐ
1469 2485 1678 2538 τιθέασι
1711 2486 1809 2556 τὴν
1844 2488 2001 2557 χεῖρα

422 2573 516 2625 καὶ
540 2573 853 2642 ἑστήκασιν,
882 2571 1015 2625 ἀλλά
1038 2572 1363 2625 διαλύονται.
1403 2573 1460 2623 '0
1492 2571 1673 2643 μέντοι
1696 2571 2002 2643 ἐζωσμένος

335 2708 351 2724 ,
424 2662 490 2732 τῇ
514 2660 757 2731 ἀληθείᾳ,
788 2661 1001 2733 πρῶτον
1026 2663 1123 2732 μὲν
1150 2662 1400 2714 οὐδέποτε
1425 2664 1684 2731 καμεῖται
1709 2678 1724 2693 ο
1750 2662 2000 2732 δεύτερον

423 2748 501 2813 δέ,
545 2748 646 2800 κᾶν
692 2748 865 2820 κάμῃ,
914 2750 993 2811 είς
1031 2748 1197 2818 αὐτὴν
1244 2748 1690 2802 ἐπαναπαύσεται
1730 2747 1828 2819 τὴν
1862 2749 1999 2820 ἀλή-

426 2837 594 2892 θειαν.
639 2834 703 2886 Τί
740 2835 867 2906 γάρ,
917 2835 1038 2888 είπέ
1069 2851 1190 2905 μοις
1231 2834 1390 2888 πενία
1416 2833 1578 2888 αὐτὸν
1608 2837 1805 2905 καμεῖν
1846 2836 2001 2907 ποιὴ-

425 2936 541 2987 σει;
605 2920 870 2992 Οὐδαμῶς
898 2939 910 2952 ·
957 2921 1362 2975 ἐπαναπαύεται
1416 2921 1524 2992 γὰρ
1564 2921 1655 2974 ἐπὶ
1696 2922 1789 2976 τὸν
1834 2923 2000 2987 ὅντως

422 3006 672 3074 πλοῦτον,
701 3011 794 3061 καὶ
816 3008 902 3061 διὰ
923 3012 1018 3077 τῆς
1041 3007 1228 3070 πενίας
1247 3008 1450 3061 εἵσεται
1477 3008 1575 3077 τὴν
1596 3008 1763 3073 ὅντως
1789 3010 1997 3066 πενίαν.

434 3093 598 3147 Ἀλλά
623 3093 836 3147 δουλεία
867 3096 1082 3165 ποιήσει
1114 3093 1274 3147 αὐτὸν
1304 3094 1535 3164 καμεῖν;
1569 3094 1828 3164 Οὐδαμῶς
1850 3110 1865 3124 °
1891 3091 1997 3149 οἶδε

420 3181 529 3253 γάρ
557 3182 652 3253 τὴν
676 3182 843 3245 ὅντως
868 3182 1131 3235 δουλείαν.
1166 3180 1328 3234 Ἀλλά
1345 3182 1497 3246 νόσος
1519 3199 1533 3246 ;
1569 3182 1706 3234 Ἀλλ’
1734 3182 1851 3236 οὑδέ
1874 3181 1998 3236 τοῦ-

421 3285 484 3323 το
504 3285 518 3299 ·
537 3272 606 3323 Al
625 3269 854 3337 ὀσφύες
874 3266 1060 3337 ὑμῶν,
1075 3268 1239 3339 φησὶν
1260 3268 1287 3321 ὁ
1301 3268 1551 3341 Χριστὸς,
1576 3268 1855 3323 ἔστωσαν
1869 3268 2000 3329 ἐξω-

422 3355 661 3425 σμέναι,
697 3355 793 3408 καὶ
814 3359 866 3409 οι
885 3356 1100 3424 λύχνοι
1124 3356 1443 3425 καιόμενοι,
1473 3353 1611 3407 ὥστε
1636 3356 1695 3408 τὸ
1718 3356 1832 3425 φῶς
1858 3356 2000 3427 ἔχειν

423 3442 705 3498 ἄσϐεστον.
740 3441 907 3494 Τοῦτο
938 3442 1034 3495 καὶ
1067 3444 1116 3494 οἱ
1158 3441 1219 3507 ἐξ
1256 3441 1531 3510 Αίγύπτου
1568 3442 1802 3507 ἐξιόντες
1829 3446 2001 3498 ποιεῖν

423 3529 796 3596 ἐπετάττοντο,
840 3529 935 3582 καὶ
975 3528 1273 3598 ἐζωσμένοι
1315 3528 1377 3583 τὸ
1414 3530 1596 3600 πάσχα
1636 3529 1841 3600 ἤσθιον.
1889 3531 2001 3584 Καὶ

420 3619 563 3680 τίνος
592 3619 795 3682 ἕνεκεν,
820 3619 1003 3690 φησὶν,
1027 3617 1194 3681 οὕτως
1219 3617 1437 3689 ἡσθιον;
1470 3617 1656 3671 Βούλει
1687 3618 1879 3688 μαθεῖν
1903 3619 2001 3690 τὴν

422 3706 679 3759 ὑπόθεσιν
712 3706 933 3759 ἃπασαν
978 3704 1098 3757 καθ’
1141 3705 1401 3774 ἱστορίαν,
1441 3704 1475 3774 ἡ
1506 3704 1647 3758 κατά
1671 3707 1997 3776 ἀναγωγὴνς

434 3790 576 3859 Ἐγὼ
601 3793 699 3859 μέν
735 3788 827 3845 οῦν
857 3791 1143 3861 ἀμφότερα
1168 3791 1277 3861 ἐρῶ
1296 3808 1309 3821 ·
1339 3791 1496 3859 ὑμεῖς
1537 3791 1593 3844 δέ
1622 3792 1901 3862 κατέχετε.
1923 3794 1997 3847 Οὐ

420 3879 530 3948 γάρ
574 3877 777 3940 ἁπλῶς,
811 3878 897 3929 ἵνα
940 3877 1097 3947 μόνον
1146 3879 1284 3929 εἴπω
1323 3877 1420 3948 τὴν
1451 3876 1626 3943 λύσιν,
1665 3879 1921 3949 ποιοῦμαι
1945 3892 1995 3945 ιι,

422 3965 538 4020 ἀλλ’
578 3966 664 4019 ἴνα
701 3967 794 4019 καὶ
826 3965 984 4036 ἔργον
1026 3966 1082 4019 ἐν
1112 3966 1242 4035 ὑμῖν
1277 3966 1503 4035 γένηται
1529 3967 1596 4019 τὰ
1625 3968 1871 4040 ἡμέτερα
1898 3972 1995 4042 ρἡ

426 4072 591 4126 ματα.
627 4050 841 4117 Ἦσαν,
874 4054 1058 4124 φησὶν,
1085 4053 1399 4123 ἐζωσμένοι
1420 4093 1434 4120 ,
1471 4056 1568 4109 καί
1600 4060 1658 4109 al
1679 4058 1999 4126 βακτηρίαι

420 4142 621 4197 αὐτῶν
658 4143 729 4196 ἐν
772 4141 902 4207 ταῖς
925 4144 1118 4211 χερσὶ,
1166 4143 1265 4196 καὶ
1309 4143 1379 4197 τὰ
1412 4143 1759 4213 ὑποδήματα
1781 4145 1850 4198 ἐν
1879 4146 2000 4212 τοῖς

421 4230 589 4293 ποσί,
608 4230 707 4284 καί
734 4220 924 4297 οὕτως
946 4229 1163 4298 ἤσθιον
1187 4230 1253 4283 τὸ
1267 4230 1494 4299 πάσχα.
1508 4232 1713 4303 Φρικτά
1729 4233 1818 4285 καὶ
1836 4233 1997 4301 φοϐε-

424 4318 492 4386 ρά
519 4317 587 4370 τὰ
613 4318 907 4389 μυστήρια,
940 4317 1036 4371 καὶ
1072 4317 1207 4371 πολὺ
1241 4317 1301 4370 τὸ
1327 4317 1491 4388 βάθος
1523 4320 1735 4390 έχοντα.
1764 4314 1829 4375 El
1857 4320 1914 4373 δὲ
1939 4322 1998 4373 ἐν

420 4408 533 4468 τοῖς
546 4405 736 4469 τύποις
752 4404 893 4458 οὕτω
914 4404 1042 4474 φοϐε
1052 4404 1141 4476 ρά,
1171 4403 1350 4475 πολλῷ
1369 4404 1568 4475 μᾶλλον
1592 4408 1648 4460 ἐν
1663 4409 1729 4479 τῇ
1749 4406 1994 4479 ἀληθείᾳ.

433 4492 525 4557 Ἐξ
555 4493 826 4562 Αἰγύπτου
856 4491 1186 4565 ἐξέρχονται,
1218 4491 1278 4545 τὸ
1307 4496 1490 4563 πάσχα
1527 4490 1783 4547 ἐσθίουσι.
1823 4494 1998 4565 Πρόσο

421 4597 535 4651 εχε,
575 4580 635 4633 τδ
675 4581 859 4651 σχῆμα
895 4578 1317 4651 ὁδοιπορούντων
1364 4578 1518 4631 ἐστί·
1552 4579 1612 4633 τὸ
1646 4579 1756 4653 γὰρ
1803 4582 1999 4653 ὑποδή-

427 4683 568 4737 ματα
596 4666 759 4735 ἔχειν,
792 4668 887 4720 καὶ
918 4667 1143 4737 ῥάϐδους
1181 4670 1239 4720 ἐν
1267 4669 1384 4729 ταῖς
1412 4666 1568 4736 χερσὶ
1587 4706 1602 4731 ,
1633 4668 1730 4720 καὶ
1758 4668 1997 4733 ἑστῶτας

422 4752 646 4817 ἐσθίειν,
668 4753 819 4805 οὐδὲν
836 4753 921 4805 ἐτε
931 4770 1021 4825 ρον
1037 4754 1071 4824 ἡ
1087 4753 1243 4807 τοῦτο
1262 4753 1427 4824 δηλοῖ.
1456 4753 1718 4807 Βούλεσθε
1734 4755 1832 4827 τὴν
1855 4756 1996 4809 ἱστο·

429 4841 548 4910 ρίαν
562 4840 791 4895 ἀκοῦσαι
815 4841 1050 4913 πρῶτον,
1077 4842 1111 4911 ἡ
1139 4843 1237 4913 τὴν
1260 4843 1587 4914 ἀναγωγὴν;
1617 4842 1725 4914 Τὴν
1756 4844 1996 4917 ἱστορίαν

420 4932 662 5002 ἄμεινον.
680 4929 744 4983 Τί
769 4926 862 4984 οὖν
887 4933 919 5001 ἡ
942 4932 1151 5001 ἱστορία
1178 4930 1456 5001 βούλεται;
1495 4932 1831 5002 Ἀγνὼμονες
1856 4928 1996 5005 ἦσαν

420 5019 472 5072 οῖ
519 5017 789 5085 Ἰουδαῖοι,
843 5021 934 5073 καὶ
973 5020 1211 5089 συνεχῶς
1269 5020 1361 5072 τοῦ
1403 5019 1537 5073 Θεοῦ
1576 5021 1997 5076 ἐπελανθάνοντο

420 5106 529 5159 τῶν
554 5094 897 5180 εὐεργεσιῶν.
920 5108 1245 5178 Βουλόμενος
1272 5103 1364 5161 οὖν
1387 5110 1479 5161 καὶ
1502 5108 1731 5173 ἄκοντας
1752 5111 1830 5173 είς
1861 5111 1997 5183 μνή-

424 5211 533 5265 μην
579 5196 759 5250 αὐτῶν
789 5195 1062 5268 ἔρχεσθαι,
1103 5199 1194 5249 τὸν
1224 5199 1423 5267 τρόπον
1466 5198 1566 5267 τῆς
1602 5197 1856 5269 βρώσεως
1899 5198 1993 5252 τοῦ

423 5282 607 5351 πάσχα
640 5283 826 5338 τοῦτον
859 5286 1152 5356 νομοθετεῖ.
1194 5284 1260 5336 Τί
1306 5283 1538 5353 δὴποτε;
1565 5286 1685 5339 Ἵνα
1710 5285 1831 5340 καθ’
1865 5286 1995 5339 ἐκα-

424 5382 548 5420 στον
576 5371 763 5439 χρόνον
800 5373 1010 5443 ἔχοντες
1037 5373 1279 5444 ἀνάγκην
1305 5371 1400 5443 τὴν
1437 5372 1755 5443 νομοθεσίαν
1790 5377 1993 5445 τηρεῖν,

427 5457 837 5526 μνημονεύωσιν
869 5460 1180 5530 ἀναγκαίως
1213 5461 1307 5514 καὶ
1356 5459 1450 5513 τοῦ
1479 5460 1676 5524 αὐτοὺς
1702 5459 1994 5531 ἐξαγαγόν-

424 5627 513 5742 me;
537 5615 775 5670 Danaus:
800 5619 948 5683 Legas
968 5619 1137 5674 melius
1151 5624 1234 5673 τὸν
1255 5623 1397 5686 λόγον
1414 5623 1489 5675 vel
1506 5626 1591 5684 τήν
1611 5623 1811 5680 διάλεξιν
1830 5623 1998 5675 ποιοῦ-

1095 284 1155 339 S.
1195 279 1486 340 JOANMS
1520 273 2016 333 CHRYSUSTOMI
2058 275 2376 332 ARCHIEP.
2416 276 2960 334 CONSTANTINOP.

3566 278 3669 337 166

2095 406 2186 453 τος
2225 390 2379 446 Θεοῦ.
2425 392 2538 445 Οὐκ
2581 394 2689 464 ἄρα
2734 389 2827 447 οὖν
2863 393 2942 464 τῷ
2984 393 3159 464 χρόνῳ
3194 393 3350 463 μόνον
3375 394 3670 465 κατέδησεν

2096 477 2258 531 αὐτοῦ
2302 479 2400 542 τάς
2441 479 2761 550 εὐεργεσίας
2794 482 2823 533 6
2855 481 3006 543 Θεὸς,
3043 480 3183 534 ἀλλά
3205 480 3297 533 καὶ⁵
3324 480 3404 550 τῷ
3431 482 3672 551 σχήματι

2095 562 2205 616 τῶν
2232 564 2538 619 ἐσθιόντων.
2569 566 2667 619 Διά
2694 566 2851 619 τοῦτο
2873 566 2982 637 γάρ
3010 564 3313 637 ἐζωσμένοι
3344 568 3442 620 καὶ
3476 568 3675 620 ὑποδε-

2095 649 2307 720 δεμένοι
2329 653 2620 718 ἐσθίουσιν,
2650 654 2737 707 ἵνα
2765 654 3111 724 ἐρωτώμενοι
3142 654 3393 723 λέγωσιν,
3426 655 3509 706 ὅτι
3530 654 3677 723 Πρὸς

2096 738 2401 809 ὁδοιπορίαν
2444 737 2587 812 ἦμεν
2629 742 2857 812 ἕτοιμοι,
2881 743 2977 797 καὶ
2997 744 3079 796 ὅτι
3120 742 3447 813 Ἐμέλλομεν
3473 742 3678 819 ἐξιέναι

2098 828 2162 879 ἐκ
2182 828 2279 898 τῆς
2318 829 2592 897 Αἰγύπτου
2624 832 2717 884 ἐπὶ
2737 832 2836 903 τὴν
2866 833 2968 903 γῆν
2998 832 3099 901 τῆς
3126 831 3474 899 ἐπαγγελίας.
3502 830 3679 885 Τοῦτο

2102 914 2202 985 μὲν
2223 918 2252 970 6
2284 917 2404 971 καθ’
2429 920 2669 990 ἱστορίαν
2699 921 2870 985 τύπος
2892 937 2906 953 °
2938 923 2971 991 ἡ
3006 922 3063 974 δέ
3087 919 3339 990 ἀλήθεια,
3372 918 3531 989 αῦτη.
3559 918 3672 972 Καὶ

2099 1003 2258 1073 ἡμεῖς
2291 1006 2539 1076 ἐσθίομεν
2570 1010 2775 1078 πάσχα.
2809 1010 2900 1062 τὸν
2929 1008 3165 1078 Χριστόν
3185 1023 3198 1035 ·
3242 1006 3313 1060 Τὸ
3332 1006 3439 1076 γὰρ
3461 1004 3677 1071 πάσχα

2097 1088 2268 1158 ἡμῶν
2288 1090 2465 1161 ἐτύθη
2495 1095 2769 1161 Χριστός,
2801 1094 2985 1164 φησίν.
3020 1095 3162 1165 Ἀρα
3182 1095 3275 1147 καὶ
3304 1096 3465 1164 ἡμεῖς
3488 1098 3676 1161 πάσχα

2098 1176 2351 1248 ἐσθίομεν
2378 1180 2510 1233 πολὺ
2540 1182 2635 1235 τοῦ
2658 1182 2883 1254 νομικοῦ
2904 1185 3169 1254 κρεῖττον.
3194 1181 3403 1235 Οὐκοῦν
3424 1180 3518 1233 καὶ
3540 1181 3679 1232 (mo-

2099 1263 2369 1334 δεδεμένοι
2416 1268 2510 1320 καὶ
2533 1267 2832 1338 ἐζωσμένοι
2868 1270 3155 1339 ὀφείλομεν
3189 1268 3409 1321 ἐσθίειν.
3453 1267 3551 1319 Διά
3578 1267 3669 1331 τί;

2103 1348 2221 1404 Ἵνα
2257 1352 2351 1405 καὶ
2378 1354 2538 1423 ἡμεῖς
2575 1355 2781 1425 ’ἐτοιμοι
2806 1350 2956 1427 ὦμεν
2983 1357 3120 1427 πρὸς
3158 1354 3256 1426 τὴν
3298 1353 3497 1419 ἔξοδον.
3535 1352 3671 1423 πρὸς

2102 1435 2250 1507 [1771
2278 1439 2378 1509 τὴν
2401 1440 2649 1495 ἐντεῦθεν
2678 1443 3005 1513 ἀποδημίαν.
3028 1442 3233 1513 Μηδεὶς
3265 1441 3374 1494 τῶν
3398 1441 3459 1492 τὸ
3487 1439 3675 1509 πάσχα

2082 1522 2245 1580 τοῦτο
2265 1526 2549 1582 ἐσθιόντων
2568 1531 2702 1600 πρὸς
2714 1531 2987 1599 Αἴγυπτον
3002 1529 3264 1599 βλεπέτω,
3281 1527 3419 1581 ἀλλὰ
3434 1528 3568 1597 πρὸς
3581 1526 3675 1579 τὸν

2100 1610 2346 1681 οὐρανὸν,
2383 1615 2519 1685 πρὸς
2543 1616 2641 1687 τὴν
2667 1617 2778 1670 ἄνω
2815 1617 3190 1689 Ἰερουσαλήμ.
3235 1616 3332 1669 Διά
3359 1612 3514 1668 τοῦτο
3535 1613 3674 1676 ἐξω⁸

2103 1696 2316 1766 σμένος,
2363 1699 2451 1754 διά
2487 1702 2644 1756 τοῦτο
2683 1703 3069 1774 ὑποδεδεμένος
3106 1703 3327 1767 ἐσθίεις,
3367 1702 3453 1755 ἵνα
3494 1699 3676 1771 μάθῃς

2104 1780 2183 1836 ὁτι
2212 1786 2327 1855 ἅμα
2357 1787 2434 1857 τῷ
2474 1789 2741 1859 ἄρξασθαι
2784 1791 2981 1844 ἐσθίειν
3027 1790 3087 1842 τὸ
3118 1790 3336 1859 πάσχα,
3371 1787 3677 1857 ἀποδημεῖν

2101 1871 2335 1938 ὀφείλεις
2383 1876 2479 1928 καὶ
2502 1875 2726 1930 ὁδεύειν.
2766 1877 2873 1930 Δύο
2912 1878 2970 1930 δέ
3003 1876 3321 1930 αίνίττεται’
3348 1876 3443 1928 καὶ
3478 1873 3536 1926 τὸ
3561 1873 3677 1925 δεῖν

2109 1958 2310 2022 ἐξιέναι
2332 1961 2439 2013 ἀπὸ
2461 1961 2755 2030 Αἰγύπτου,
2781 1964 2878 2017 καὶ
2908 1964 2968 2017 τὸ
3003 1965 3280 2035 μένοντας,
3306 1963 3382 2025 ὡς
3411 1963 3488 2024 είς
3520 1959 3677 2013 ἀλλο-

2100 2047 2258 2114 τρίαν
2280 2045 2464 2100 λοιπὸν
2488 2049 2693 2117 μένειν⁸
2724 2048 2911 2120 Ἠμῶν
2933 2052 3059 2120 γὰρ,
3080 2050 3233 2119 φησὶ,
3254 2048 3321 2102 τὸ
3342 2048 3676 2115 πολίτευμα

2100 2131 2171 2184 ἐν
2186 2133 2483 2201 οὐρανοῖς,
2502 2135 2668 2193 καὶτὸ
2688 2137 2866 2191 πάντα
2881 2139 2970 2190 τὸν
2985 2137 3097 2206 βίον
3108 2136 3196 2189 ἀεὶ
3220 2133 3674 2204 ἐμπαρασκεύους

2102 2214 2260 2284 εἶναι,
2281 2220 2421 2274 ὥστε
2447 2222 2742 2293 κληθέντας
2765 2224 2841 2295 μὴ
2865 2223 3280 2287 ἀναϐάλλεσθαι,
3311 2220 3445 2276 ἀλλὰ
3467 2220 3677 2288 λέγειν’

2113 2304 2350 2377 Ἐτοίμη
2378 2310 2415 2378 ὴ
2464 2311 2680 2380 καρδία
2700 2313 2887 2382 ἡμῶν.
2934 2312 3093 2368 Ἀλλά
3130 2312 3287 2364 τοῦτο
3317 2310 3418 2381 μὲν
3462 2307 3679 2371 Παῦλος

2103 2395 2331 2464 ἠδύνατο
2368 2397 2566 2467 λέγειν,
2612 2402 2642 2453 6
2679 2401 2844 2471 μηδὲν
2880 2401 3059 2473 ἐαυτῷ
3097 2398 3352 2463 συνειδώς
3377 2414 3394 2430 ’
3419 2395 3531 2466 ἐγὼ
3559 2396 3621 2449 δέ
3646 2397 3678 2449 6

2102 2483 2297 2538 πολλοῦ
2339 2486 2529 2557 χρόνου
2567 2486 2818 2559 δεόμενος
2862 2490 2939 2552 είς
2980 2490 3289 2559 μετάνοιαν,
3329 2486 3389 2539 οὐ
3438 2485 3677 2538 δύναμαι

2102 2570 2294 2626 εἰπεῖν.
2321 2572 2443 2625 Ὀτι
2460 2574 2516 2626 δέ
2536 2575 2597 2628 τὸ
2622 2574 2854 2640 ἐζῶσθαι
2877 2574 3256 2648 γρηγορούσης
3280 2572 3480 2644 ψυχῆς,
3508 2571 3675 2625 ἄκουε

2100 2659 2195 2712 τοῦ
2245 2659 2378 2712 Θεοῦ
2437 2661 2684 2730 λέγοντος
2730 2663 2808 2734 τῷ
2842 2664 3035 2733 δικαίῳ
3076 2662 3268 2733 ἐκείνῳ
3306 2678 3322 2691 ο
3347 2661 3466 2730 Μὴ,
3511 2659 3677 2713 ἀλλὰ

2101 2744 2280 2806 ζῶσαι
2300 2746 2502 2817 ὥσπερ
2530 2750 2685 2817 ἀνὴρ
2713 2751 2829 2819 τὴν
2869 2752 3070 2820 ὀσφύν
3096 2767 3214 2803 σου
3240 2765 3253 2778 ·
3285 2746 3562 2817 ἐρωτήσω
3606 2745 3677 2798 δέ

2099 2848 2195 2896 σε,
2219 2834 2300 2888 σὺ
2325 2834 2393 2888 δέ
2411 2853 2515 2904 μοι
2547 2836 2915 2906 ἀποκρίθητι.
2949 2837 3119 2889 Τοῦτο
3159 2836 3253 2888 καὶ
3291 2835 3427 2905 πρὸς
3465 2833 3676 2895 πάντας

2102 2917 2289 2983 ἁγίους
2324 2921 2476 2989 φησὶ,
2528 2918 2687 2973 τοῦτο
2732 2919 2788 2973 δὲ
2822 2920 2916 2972 καὶ
2956 2919 3091 2990 πρὸς
3124 2918 3218 2971 τὸν
3248 2918 3503 2971 Μωΰσέα.
3560 2918 3678 2970 Καὶ

2101 3006 2263 3069 αὐτὸς
2294 3005 2350 3059 δὲ
2375 3006 2618 3075 φαίνεται
2643 3006 2948 3078 ἐζωσμένος
2968 3009 3025 3059 ἐν
3047 3007 3123 3077 τῷ
3150 3007 3414 3077 Ἱεζεκιήλ
3437 3022 3451 3037 ·
3474 3005 3678 3075 μᾶλλον

2099 3091 2155 3144 δέ
2205 3093 2299 3146 καὶ
2338 3095 2388 3146 οί
2433 3094 2652 3162 ἄγγελοι
2699 3097 2830 3164 ἡμῖν
2867 3093 3169 3165 ἐζωσμένοι
3214 3094 3530 3163 φαίνονται,
3576 3093 3676 3146 au

2104 3180 2432 3247 στρατιῶται
2458 3182 2631 3245 ὄντες.
2663 3181 2794 3234 Ἀπὸ
2820 3182 2914 3234 τοῦ
2943 3180 3368 3252 περιζώσασθαι.
3402 3181 3463 3235 τὺ
3484 3181 3677 3250 στῆναι

2100 3267 2304 3334 γίνεται
2324 3269 2603 3336 γενναίως,
2622 3268 2809 3339 ῶσπερ
2832 3268 2942 3323 ἀπὸ
2957 3267 3048 3321 τοῦ
3065 3270 3273 3340 στῆναι,
3293 3269 3354 3322 τὸ
3373 3270 3676 3332 ζώσασθαι.

2100 3354 2310 3408 Οὐκοῦν
2327 3356 2419 3409 καὶ
2448 3357 2673 3419 ἑαυτοὺς
2698 3355 3092 3427 περιζώσωμεν
3109 3372 3123 3384 ·
3155 3357 3246 3408 καὶ
3266 3355 3374 3425 γάρ
3399 3357 3491 3408 καὶ
3511 3357 3677 3426 ἡμεῖς

2101 3442 2300 3507 ἐξιέναι
2343 3443 2643 3513 μέλλομεν,
2697 3444 2792 3496 καὶ
2849 3442 3020 3496 πολλά
3061 3442 3266 3514 μεταξὺ
3312 3443 3382 3496 τά
3438 3443 3672 3513 χαλεπά.

2104 3530 2271 3583 Ὅταν
2290 3529 2351 3582 τὸ
2374 3531 2555 3583 πεδίον
2569 3529 2724 3582 τοῦτο
2743 3530 3060 3601 διέλθωμεν,
3078 3518 3359 3593 δ’διάϐολος
3373 3532 3688 3603 ἐφέστηκεν

2101 3619 2323 3684 εὐθέως,
2367 3621 2542 3673 πάντα
2591 3619 2761 3673 ποιῶν
2802 3621 2893 3672 καὶ
2922 3617 3334 3690 μηχανώμενος,
3384 3620 3526 3673 ὥστε
3550 3622 3679 3683 τοὺς

2101 3704 2159 3770 ἐξ
2194 3705 2467 3773 Αἰγύπτου
2504 3703 2952 3769 σωθέντας,ῶστε
2985 3706 3112 3769 τοὺς
3138 3706 3238 3774 τὴν
3286 3706 3554 3776 Ἐρυθρὰν
3579 3706 3680 3760 θά-

2100 3791 2304 3845 λασσαν
2347 3792 2654 3858 διαϐάντας,
2700 3793 2824 3856 τοὺς
2864 3791 2972 3845 ἀπὸ
3000 3791 3110 3844 τῶν
3143 3793 3413 3863 δαιμόνων
3442 3794 3538 3846 καὶ
3563 3794 3676 3848 τῶν

2104 3882 2311 3952 μυρίων
2341 3881 2565 3952 πληγῶν
2601 3882 2717 3953 ἆμα
2763 3880 3187 3951 ἀπολυομένους,
3229 3881 3451 3946 τούτους
3493 3884 3677 3939 λαϐὼν

2100 3968 2384 4021 ἀπολέσαι.
2439 3968 2600 4031 Ἀλλ’,
2646 3968 2742 4021 ἐὰν
2788 3969 3080 4040 νήφωμεν,
3128 3968 3326 4039 ἔχομεν
3371 3972 3466 4023 καὶ
3511 3975 3678 4043 ἡμεῖς

2102 4054 2292 4107 στῦλον
2342 4054 2545 4123 πυρὸς,
2597 4054 2696 4126 τὴν
2734 4054 2829 4108 τοῦ
2865 4055 3183 4125 Πνεύματος
3226 4056 3385 4128 χάριν
3408 4074 3427 4088 ο
3449 4060 3479 4110 6
3509 4060 3677 4124 αὐτὸς

2100 4144 2195 4195 καὶ
2241 4143 2483 4213 φωτίζει,
2506 4144 2601 4197 καὶ
2636 4141 2847 4207 σκιάζει
2879 4159 2892 4172 ⁶
2919 4143 3114 4214 ἔχομεν
3140 4145 3345 4213 μάννα·
3380 4146 3582 4216 μᾶλλον
3616 4149 3676 4201 δὲ

2099 4231 2161 4283 οὐ
2212 4231 2408 4301 μάννα,
2466 4230 2601 4284 ἀλλὰ
2640 4230 2820 4301 πολλῷ
2869 4230 3031 4284 πλέον
3077 4231 3172 4285 τοῦ
3216 4234 3389 4303 μάννα
3440 4234 3676 4305 ἔχομεν’

2100 4318 2250 4386 πόμα
2291 4317 2675 4385 πνευματικὸν,
2721 4317 2819 4388 οὐχ
2866 4317 3012 4389 ὕδωρ
3056 4320 3162 4374 ἀπὸ
3202 4320 3409 4389 πέτρας
3450 4321 3671 4385 ἔξεισιν.

2104 4403 2341 4473 Ἐχομεν
2379 4406 2472 4458 καὶ
2517 4403 2888 4475 παρεμϐολὴν,
2914 4405 3013 4476 τὴν
3046 4405 3248 4477 ἔρημον
3277 4407 3552 4471 οἰκοῦντες
3578 4409 3675 4462 καὶ

2099 4489 2214 4543 νῦν.
2244 4491 2450 4552 Ὄντως
2481 4491 2609 4561 γὰρ,
2651 4491 2819 4554 ὅντως
2862 4492 3067 4563 ἕρημος
3108 4496 3203 4547 καὶ
3229 4493 3325 4548 νῦν
3352 4495 3453 4565 τῆς
3472 4496 3677 4567 ἀρετῆς

2096 4580 2131 4648 ἡ
2166 4578 2237 4648 γῆ
2266 4578 2477 4646 γέγονε,
2517 4578 2611 4632 καὶ
2649 4578 2908 4651 μᾶλλονῆ
2941 4581 3146 4650 ἐκείνη.
3196 4583 3295 4635 Διά
3342 4582 3394 4635 τί
3432 4583 3615 4654 ἐκείνη
3637 4586 3675 4651 ἡ

2098 4665 2303 4736 ἔρημος
2341 4665 2546 4736 φευκτὴ
2589 4661 2691 4735 ἦνς
2732 4662 2821 4738 ἆρ’
2859 4669 2955 4737 οὐχ
2989 4669 3069 4721 ὅτι
3114 4669 3408 4739 σκορπίους
3436 4658 3583 4740 εἶχεν
3615 4674 3677 4725 ἐν

2099 4754 2262 4825 ἐαυτῇ
2302 4754 2397 4807 καὶ
2434 4754 2609 4824 ἔχεις;
2644 4756 2701 4807 ἐν
2732 4749 2789 4826 ᾖ.
2816 4758 3000 4825 φησὶν,
3036 4756 3099 4808 οὐ
3132 4756 3345 4827 διῆλθεν
3363 4758 3673 4829 ἅνθρωπος.

2110 4841 2251 4895 Ἀλλ’
2274 4842 2373 4894 οὐκ
2394 4841 2561 4916 ἐστιν,
2585 4842 2685 4895 οὐκ
2710 4841 2859 4895 ἐστιν
2885 4841 3056 4899 οὕτως
3084 4844 3287 4917 ἄφορος
3316 4844 3500 4917 ἐκείνη
3539 4864 3675 4915 καρ-

2098 4930 2235 4994 πῶν,
2260 4930 2334 4994 ὼς
2361 4932 2394 5000 ἡ
2422 4930 2735 5002 ἀνθρωπίνη
2760 4930 2940 4999 φύσις.

2168 5021 2239 5086 γ’.
2259 5016 2374 5070 Νῦν
2395 5018 2549 5071 πόσοι
2577 5018 2846 5089 σκορπίοι,
2876 5017 3039 5071 πόσαι
3062 5014 3207 5089 ἔχεις
3221 5020 3248 5059 δ
3266 5020 3406 5074 κατὰ
3427 5020 3525 5092 τὴν
3544 5020 3677 5091 ἐρη-

2101 5121 2198 5174 μον
2221 5102 2447 5173 ταύτην,
2480 5104 2634 5157 πόσοι
2673 5106 2843 5174 ὄφεις,
2903 5106 3055 5159 πόσοι
3091 5109 3403 5178 γεννήματα
3447 5109 3677 5179 ἐχιδνῶν

2095 5185 2259 5254 οὗτοι,
2300 5189 2393 5254 οὓς
2419 5189 2513 5244 νῦν
2532 5190 2850 5263 διήλθομεν;
2885 5190 3042 5245 Ἀλλά
3075 5192 3150 5263 μὴ
3180 5193 3535 5264 φοϐηθῶμεν.
3570 5196 3674 5263 τῆς

2097 5279 2206 5350 γὰρ
2256 5278 2434 5345 ἐξόδου
2471 5277 2675 5349 ταύτης
2724 5282 3037 5349 στρατηγεῖ,
3110 5282 3169 5333 οὐ
3223 5283 3483 5351 Μωῦσῆς,
3535 5283 3676 5338 ἀλλὰ

2109 5366 2330 5438 Ἰησοῦς.
2356 5365 2480 5430 Πῶς
2504 5363 2597 5420 οὖν
2621 5366 2695 5438 μὴ
2718 5366 2787 5420 τά
2806 5367 2944 5420 αὐτά
2974 5367 3268 5439 πάθωμεν;
3314 5370 3404 5441 Μὴ
3430 5370 3501 5424 τά
3529 5370 3674 5424 αὐτὰ

2095 5456 2402 5527 δράσωμεν,
2424 5457 2518 5509 καὶ
2537 5456 2599 5509 οὐ
2622 5456 2922 5527 πεισόμεθα
2955 5456 3023 5509 τὰ
3049 5456 3208 5511 αὐτά.
3256 5457 3483 5511 Ἐκεῖνοι
3513 5459 3674 5527 ἐγόγ-

2095 5544 2280 5614 γυζον.
2306 5546 2499 5597 ἐκεῖνοι
2525 5542 2837 5615 ἀγνώμονες
2856 5540 2995 5616 ἦσαν
3020 5559 3039 5574 ο
3066 5546 3143 5617 μὴ
3165 5546 3341 5598 τοίνυν
3360 5546 3533 5599 ταῦτα
3562 5546 3671 5602 πά-

2164 5691 2193 5731 b
2215 5685 2299 5738 Sic
2318 5688 2515 5751 quidam
2532 5702 2650 5739 mss.
2684 5685 2817 5740 Editi
2839 5701 2961 5741 vero
2984 5693 3037 5741 et
3059 5688 3142 5740 alii
3164 5690 3309 5740 πόσοι
3331 5690 3471 5753 ἔχεις.
