4042 6212
431 345 529 399 I65

417 735 558 789 Nihil
587 746 671 790 est
698 752 828 803 ergo
861 737 942 791 his
970 738 1306 794 imbecillius.

486 825 539 878 ἓ.
583 826 792 880 Rursus
842 837 1018 880 autem
1067 829 1216 884 vides
1258 831 1577 887 Manichacus
1621 838 1888 905 quomodo
1931 854 1995 892 ex

421 919 643 984 propriis
672 919 965 972 rationibus
986 921 1163 974 omnia
1187 922 1330 992 loqui
1347 925 1615 981 audeant?
1637 928 1748 983 Non
1769 939 1992 999 poterat,

421 1007 604 1076 inquit.
645 1009 782 1063 Deus
822 1009 1074 1064 mundum
1106 1027 1292 1068 creare
1315 1016 1516 1085 absque
1544 1020 1782 1072 materia.
1815 1021 1994 1075 Unde-

417 1116 535 1152 ram
579 1101 680 1152 hoc
706 1101 953 1154 constat?
989 1101 1102 1156 hanc
1133 1101 1276 1156 humi
1310 1119 1584 1162 versantes
1610 1110 1810 1174 dicunt,
1841 1121 1896 1165 et
1923 1128 1989 1166 ex
2067 1124 2074 1132 '

415 1203 579 1254 terra,
617 1203 775 1261 atque
802 1193 865 1246 iis
891 1209 1011 1261 qua:
1040 1204 1163 1248 sunt
1188 1198 1325 1265 apud
1359 1213 1475 1251 nOs.
1503 1200 1762 1267 Quoniam
1795 1202 1988 1266 homo,

411 1283 653 1351 inquiunt
674 1325 688 1343 ,
724 1298 829 1336 non
873 1293 1044 1344 potest
1071 1287 1228 1341 aliter
1269 1287 1460 1344 facere.
1491 1290 1694 1346 Rursus
1717 1293 1834 1348 vide
1864 1296 1986 1364 quid

405 1373 544 1426 dicat
574 1373 808 1427 Marcion
836 1378 979 1432 :Non
1007 1387 1211 1444 poterat
1241 1380 1377 1432 Deus
1401 1392 1667 1450 assumpta
1688 1399 1846 1437 carne
1872 1402 1986 1438 nia-

407 1479 535 1518 nere
575 1465 828 1517 mundus.
858 1464 1134 1519 Undenam
1177 1467 1278 1521 hoc
1323 1473 1572 1525 constat?
1600 1474 1857 1538 Quoniam
1890 1493 1986 1530 nec

405 1554 649 1610 homines
692 1557 908 1625 quidem
962 1569 1199 1626 possunt.
1243 1562 1400 1632 Atqui
1449 1565 1692 1620 homines
1740 1579 1982 1637 possunt.

405 1645 719 1700 Valentinus
751 1665 936 1703 rursus
958 1652 1100 1704 lmmi
1125 1665 1400 1722 serpentes
1428 1655 1627 1711 habens
1653 1661 1884 1715 rationes
1906 1704 1922 1726 ,
1953 1678 1984 1717 e

403 1747 542 1789 terra
575 1739 838 1806 loquitur,
871 1742 1224 1812 similiterque
1255 1745 1447 1802 Paulus
1492 1749 1901 1818 Samosatcnus,
1928 1766 1981 1809 et

400 1828 581 1881 Arius.
613 1829 748 1895 Quid
775 1835 916 1884 enim
944 1833 1110 1886 dicit?
1151 1834 1264 1888 Non
1306 1846 1512 1905 poterat
1552 1840 1691 1894 Deus
1720 1859 1981 1910 generans

401 1933 662 1986 generare
689 1921 1065 1986 impatibiltter.
1102 1924 1374 1980 Undenatn
1414 1929 1512 1982 hoc
1556 1932 1718 1986 audes
1769 1934 1975 1999 dicere,

403 2028 437 2057 o
489 2010 614 2063 Ari?
669 2011 742 2064 Es
776 2014 835 2065 iis
863 2031 980 2082 qua:
1018 2029 1142 2070 sunt
1183 2020 1319 2085 apud
1365 2036 1481 2074 nos.
1517 2022 1700 2076 Viden’
1746 2029 1977 2082 rationes

399 2101 638 2153 ninnium
669 2102 810 2155 lnnni
842 2108 1066 2174 repere?
1106 2110 1259 2176 plane
1292 2111 1552 2166 demissas
1580 2129 1698 2168 esse
1725 2126 1778 2168 et
1815 2134 1972 2172 ener-

398 2199 577 2256 vatas,
633 2203 685 2246 et
730 2205 924 2248 terram
968 2199 1289 2266 spirare?lit
1336 2203 1400 2255 ita
1433 2205 1645 2272 quidem
1682 2223 1739 2260 se
1781 2208 1976 2264 habent

394 2282 533 2349 quod
564 2284 750 2339 attinet
780 2287 845 2339 ad
874 2287 1138 2356 dogmata.
1183 2291 1389 2345 Rursus
1415 2307 1590 2348 autem
1619 2299 1757 2365 quod
1787 2301 1849 2350 ad
1896 2303 1974 2352 vi-

395 2381 521 2434 tam,
545 2374 634 2441 qui
657 2385 782 2427 sunt
809 2385 1154 2442 scortatores,
1181 2383 1417 2448 pecunia:
1445 2398 1687 2440 amantes
1707 2397 1762 2441 et
1789 2391 1970 2458 gloriae

392 2474 443 2513 et
469 2463 692 2517 aliorum
717 2467 982 2532 omnium,
1010 2469 1154 2524 Ιιυιιιί
1173 2483 1364 2541 repunt
1385 2492 1397 2527 :
1417 2491 1521 2530 non
1545 2478 1741 2535 habent
1759 2481 1970 2536 lumbos

393 2554 572 2608 firmos
599 2567 653 2611 et
677 2569 884 2614 stantes
912 2571 968 2614 ut
1011 2561 1206 2618 defessi
1238 2568 1442 2634 possint
1468 2570 1744 2639 quiescere
1763 2615 1778 2637 ,
1805 2575 1898 2629 sed
1922 2577 1966 2629 si

390 2645 580 2700 fuerint
609 2650 839 2716 defessi,
874 2668 976 2705 non
1007 2654 1294 2711 admovent
1317 2674 1526 2713 manmn
1560 2677 1659 2716 nec
1683 2674 1844 2730 stant,
1869 2667 1962 2720 sed

389 2741 745 2794 resolvunlur.
771 2740 870 2809 Qui
891 2754 1066 2798 autem
1093 2755 1175 2800 est
1199 2749 1502 2804 succinctus
1524 2754 1764 2820 veritate,
1791 2758 1965 2826 primo

386 2827 601 2894 quidem
630 2847 916 2902 numquam
945 2834 1047 2888 erit
1073 2835 1316 2892 defessus
1345 2857 1359 2892 :
1383 2842 1622 2898 secundo
1659 2854 1839 2901 autem
1860 2888 1877 2914 ,
1917 2849 1962 2904 si

385 2917 543 2971 fuerit
564 2919 829 2989 defessus,
853 2926 1152 2994 requiescet
1172 2927 1222 2982 iu
1244 2930 1355 2999 ipsa
1378 2934 1618 2989 veritate.
1641 2937 1776 3004 Quid
1795 2940 1959 3007 enim,

383 3010 471 3064 dic
496 3014 649 3074 mihi,
675 3025 1029 3083 paupertasne
1047 3034 1170 3074 eum
1190 3019 1538 3093 defatigabit?
1567 3025 1911 3099 Nequaquam
1942 3050 1956 3086 :

386 3105 674 3170 requiescit
689 3107 831 3160 enim
849 3123 1005 3178 super
1027 3125 1118 3165 eas
1134 3127 1253 3180 qua:
1275 3129 1402 3169 vere
1423 3126 1545 3170 sunt
1559 3116 1778 3182 divitia}.
1798 3131 1849 3174 et
1867 3137 1961 3190 per

383 3203 748 3261 paupertatem
773 3197 906 3252 sciet
931 3215 1051 3268 quae
1072 3200 1142 3254 sit
1167 3218 1290 3256 vere
1307 3215 1611 3274 paupertas.
1636 3211 1706 3262 At
1731 3212 1960 3267 servitus

380 3299 499 3338 eum
552 3283 907 3356 defatigabit?
952 3290 1167 3346 Minime
1201 3294 1345 3348 :scit
1387 3298 1527 3350 enim
1577 3313 1693 3368 qua:
1723 3300 1792 3353 sit
1833 3317 1958 3358 vere

379 3377 624 3430 servitus.
667 3381 738 3432 At
765 3379 1020 3435 morbus?
1045 3381 1148 3437 Sed
1194 3400 1364 3454 neque
1392 3385 1494 3443 hoc
1525 3407 1538 3442 :
1567 3389 1747 3444 Lumbi
1771 3396 1918 3447 uestri
1936 3436 1953 3461 ,

378 3465 546 3536 inquit
580 3467 824 3524 Christus
849 3511 863 3535 ,
887 3472 1006 3528 sint
1048 3475 1308 3541 succincti,
1359 3487 1406 3530 et
1458 3479 1677 3534 lucerna
1722 3483 1954 3538 ardentes

375 3558 393 3622 (
417 3556 540 3609 an.
570 3557 658 3611 l2.
688 3560 756 3614 55
779 3561 832 3628 );
880 3562 948 3615 ita
973 3572 1028 3616 ut
1057 3565 1228 3619 lucem
1259 3569 1487 3623 habeant
1513 3587 1630 3639 qua:
1654 3587 1759 3626 non
1787 3576 1953 3642 possit

371 3649 657 3720 exstingui.
691 3650 802 3706 lloc
854 3655 1014 3706 etiam
1062 3667 1380 3726 praeceptum
1419 3659 1514 3714 fuit
1539 3651 1857 3720 exeuntibus
1885 3681 1950 3720 ex

372 3740 639 3812 Egyptu,
691 3753 744 3798 et
785 3746 1042 3802 succincti
1079 3749 1276 3818 pascha
1325 3752 1697 3808 comedebant.
1730 3755 1798 3810 Et
1819 3771 1945 3822 cur,

372 3830 580 3901 inquies
597 3873 613 3897 ,
637 3833 716 3887 sic
740 3835 1130 3891 comedebant?
1156 3837 1249 3892 Vis
1276 3840 1414 3895 scire
1439 3851 1602 3897 totam
1627 3859 1842 3900 causam
1864 3862 1949 3902 se-

371 3925 600 3979 cundum
646 3925 954 3992 historiam,
1014 3945 1081 3983 an
1135 3933 1426 3988 secundum
1483 3937 1795 4007 anagogen?
1840 3938 1945 3994 Sed

370 4026 649 4086 utrumque
676 4017 848 4072 dicam
875 4037 888 4071 :
914 4035 1007 4073 vos
1035 4031 1211 4077 autem
1236 4024 1481 4080 retinete.
1509 4025 1624 4081 Non
1651 4030 1792 4083 enim
1823 4030 1945 4086 dico

369 4119 425 4162 ut
451 4110 610 4163 verba
668 4111 966 4178 proferam,
997 4113 1089 4166 sed
1123 4125 1176 4167 ut
1205 4117 1362 4171 verba
1403 4133 1520 4173 mea
1547 4120 1684 4190 apud
1742 4137 1838 4177 vos
1889 4124 1941 4178 in

365 4213 498 4265 opus
515 4209 728 4252 exeant.
759 4199 940 4265 Erant,
972 4201 1162 4272 inquit,
1184 4207 1414 4273 accincti,
1443 4219 1490 4262 et
1519 4210 1687 4264 baculi
1720 4223 1860 4267 erant
1889 4217 1942 4268 in

364 4305 536 4340 eorum
558 4291 788 4344 manibus
812 4331 828 4356 ,
860 4303 907 4345 et
927 4293 1085 4348 calcei
1111 4297 1164 4348 in
1190 4297 1423 4366 pedibus,
1453 4309 1498 4353 et
1524 4303 1596 4354 ita
1620 4305 1941 4360 comedebant

364 4380 553 4447 pascha
596 4381 801 4449 (Exod.
848 4385 936 4438 12.
968 4386 1087 4456 Η).
1131 4387 1408 4444 Terribilia
1436 4401 1490 4446 et
1520 4397 1790 4450 tremenda
1820 4414 1938 4470 my-

361 4469 546 4535 steria,
577 4487 696 4540 quae
723 4488 965 4544 magnam
993 4476 1187 4533 habent
1210 4481 1646 4549 profunditatem.
1679 4489 1734 4543 Si
1760 4469 1935 4547 autem

362 4561 415 4614 iu
439 4562 582 4632 typis
605 4574 658 4618 et
683 4564 868 4634 ﬁguris
893 4579 1017 4623 sunt
1042 4570 1175 4627 adeo
1196 4575 1474 4642 terribilia,
1502 4580 1670 4634 multo
1695 4583 1862 4653 magis
1885 4585 1936 4638 in

359 4656 605 4709 veritate.
641 4655 857 4712 Exeunt
885 4677 948 4714 ex
977 4660 1228 4734 IEgypto,
1258 4670 1448 4734 pascha
1480 4673 1786 4728 comedunt.
1835 4680 1934 4731 At-

359 4745 517 4800 tende
542 4765 556 4799 :
586 4757 668 4802 est
686 4749 897 4805 habitus
919 4754 1177 4810 viatorum
1206 4775 1218 4811 :
1244 4775 1366 4812 nam
1396 4760 1598 4819 habere
1623 4765 1855 4834 calceos,
1884 4779 1937 4823 ct

356 4837 532 4908 virgas
560 4838 615 4892 in
647 4843 912 4910 manibus,
941 4856 995 4900 et
1021 4856 1227 4904 stantes
1257 4853 1560 4922 comedere,
1613 4858 1744 4915 nihil
1793 4863 1933 4917 aliud

351 4943 512 4997 quam
533 4929 634 4986 hoc
660 4933 946 5002 significat.
978 4936 1146 4993 Vultis
1166 4941 1392 5010 primum
1420 4946 1605 5002 audire
1635 4948 1930 5018 historiam,

352 5036 423 5074 an
452 5026 770 5093 anagogen?
815 5026 994 5083 Satius
1025 5039 1108 5084 est
1159 5033 1453 5089 historiam.
1494 5038 1629 5105 Quid
1675 5055 1805 5111 ergo
1832 5044 1932 5098 sibi

353 5113 468 5164 vult
496 5115 711 5170 historia
730 5117 756 5170 ἲ
791 5117 1254 5180 Obliviscebantur
1279 5142 1422 5196 smpe
1445 5129 1613 5186 Judaei
1640 5133 1930 5190 beneficio-

354 5217 476 5258 rum
508 5205 616 5261 Dei.
647 5208 714 5264 Ut
742 5211 902 5280 igitur
927 5213 1035 5270 illis
1067 5216 1149 5270 vel
1191 5219 1369 5273 invitis
1400 5220 1586 5277 hurqu
1619 5230 1929 5283 memoriam

351 5295 646 5361 refricaret,
674 5299 819 5355 hunc
844 5304 1159 5360 comedendi
1197 5311 1392 5377 pascha
1421 5314 1635 5368 modum
1679 5319 1794 5388 lege
1823 5331 1926 5374 sta-

349 5393 468 5439 tuit.
493 5391 708 5455 Quare?
735 5390 806 5448 Ut
827 5407 947 5447 cum
984 5396 1206 5465 singulis
1233 5401 1387 5454 annis
1415 5417 1735 5473 cogerentur
1760 5411 1928 5480 legem

348 5475 496 5534 illam
518 5495 758 5546 servare,
804 5488 1108 5541 necessario
1157 5489 1284 5554 Dei,
1325 5493 1416 5561 qui
1459 5495 1601 5562 ipsos
1652 5499 1926 5567 eduxerat,

346 5577 776 5628 recordareutur.
838 5575 1018 5646 Itaque
1066 5594 1172 5632 non
1217 5585 1440 5652 tempori
1480 5587 1652 5640 solum
1696 5590 1930 5658 alligavit

347 5662 485 5716 licus
511 5679 606 5719 sua
638 5666 921 5731 beneficia,
944 5671 1038 5724 sed
1079 5672 1240 5726 etiam
1270 5673 1469 5729 habitui
1511 5680 1922 5740 comedentinm.

345 5749 630 5826 Propterea
654 5758 796 5810 enim
816 5775 954 5815 nunc
978 5763 1265 5818 comedunt
1283 5767 1503 5822 accincti
1523 5780 1570 5823 et
1593 5772 1834 5840 calceati,
1852 5779 1923 5831 uti

678 5854 943 5917 ΡΑτιιοι.
989 5861 1103 5922 Gn.
1159 5864 1344 5928 LXII.

1314 346 1382 401 IN
1422 347 1636 404 EPIST.
1680 351 1771 404 AD
1809 352 2047 409 EPIIES.
2089 355 2240 414 CAP.
2285 360 2372 418 VI.
2416 364 2644 421 IIOIIIL.
2692 369 2875 427 XXIII.

427 457 708 511 humanam
735 466 952 526 superet
981 459 1286 514 rationem?
1318 476 1420 515 non
1463 474 1582 516 sunt
1615 466 1754 520 enim
1786 469 2001 523 succin-

421 547 491 602 cti
519 547 568 600 in
599 547 844 602 veritate.
877 548 1236 614 Quamobrem
1268 552 1424 606 soluti
1453 564 1578 608 sunt
1599 571 1784 610 eorum
1813 559 1997 624 lumbi,

422 642 472 694 in
493 642 642 711 queis
663 653 787 696 sunt
806 645 1054 713 gignendi
1083 646 1283 699 semina
1310 658 1363 701 et
1387 649 1784 706 ratiociniornm
1816 653 1998 708 robur.

3590 392 3690 446 “£5

2109 471 2154 525 si
2183 485 2454 543 rogentur,
2479 480 2657 539 dicant
2682 505 2695 540 :
2721 487 2942 563 Eramus
2961 496 3126 562 parati
3153 498 3219 554 ad
3251 501 3369 568 iter,
3399 516 3452 561 et
3476 522 3691 571 eramus

2109 567 2299 622 exituri
2321 585 2384 624 ex
2417 570 2718 644 [Egyptoin
2751 591 2943 638 terram
2966 591 3356 657 promissionis.
3384 598 3684 659 Secundum

2109 656 2404 726 historiam,
2441 664 2540 721 hoc
2570 671 2784 737 quidem
2814 686 2891 730 est
2927 685 3110 748 typus;
3139 683 3441 745 hmeautem
3467 696 3682 755 veritas.

2104 746 2212 802 Nos
2263 766 2474 823 quoque
2519 761 2716 826 pascha
2747 768 3108 840 comedimus,
3141 791 3332 846 nempe
3360 782 3632 842 Christum
3667 807 3682 844 :

2109 836 2310 895 Pascha
2335 846 2463 898 enim
2495 859 2723 905 nostrum
2749 856 3039 914 immolatus
3073 876 3144 918 est
3183 836 3414 926 Christus
3443 875 3464 947 (
3483 877 3532 932 I.
3560 879 3679 934 Cor.

2109 927 2132 947 μ.
2189 931 2218 947 .,
2243 931 2256 947 .
2328 935 2337 944 .
2461 939 2470 947 .
2555 941 2589 947 ..

3446 927 3459 947 ι
3486 927 3530 932 __
3567 927 3677 934 _-..

2101 927 2154 981 5.
2189 931 2294 1001 7),
2328 935 2517 1005 inquit.
2549 941 2690 1011 Ergo
2723 962 2821 1000 nos
2848 965 3058 1022 quoque
3101 958 3293 1025 pascha
3325 968 3677 1040 comedimus,

2103 1023 2253 1093 legali
2286 1027 2442 1099 longe
2491 1041 2850 1100 prmstautius.
2904 1023 3179 1118 Itaqueret
3207 1056 3429 1113 calceati
3470 1073 3524 1116 et
3560 1023 3670 1122 suc:

2099 1114 2258 1168 t-inrti
2307 1127 2652 1180 comedamus
2695 1144 2924 1200 oportet.
2958 1114 3167 1204 Quare?
3213 1145 3278 1200 Ut
3319 1165 3417 1204 nos
3463 1170 3677 1227 quoque

2097 1205 2264 1260 simus
2291 1215 2457 1276 parati
2490 1218 2553 1268 ad
2583 1220 2814 1288 exitum,
2846 1236 2899 1279 et
2932 1229 2995 1282 ad
3030 1237 3506 1303 peregrinationem
3531 1205 3674 1303 hinc

2097 1296 2344 1355 futuram.
2372 1304 2537 1361 Nemo
2558 1328 2619 1364 ex
2653 1313 2733 1376 iis,
2758 1318 2845 1384 qui
2867 1319 2964 1375 hoc
2989 1327 3185 1392 pascha
3207 1334 3510 1404 cotuedunt,
3536 1345 3674 1410 aspi-

2097 1387 2190 1410 ι.ἒ..ι
2246 1409 2251 1410 .
2295 1391 2305 1410 l
2376 1394 2417 1410 1'
2813 1407 2821 1410 ‘

2989 1387 3003 1392 -
3406 1387 3510 1404 ""‘i
3537 1387 3577 1392 "'
3599 1387 3645 1410 r'

2094 1387 2197 1440 ciat
2241 1391 2305 1443 ad
2353 1394 2674 1467 Aigyntnm,
2730 1407 2822 1460 sed
2880 1412 2945 1464 ad
2993 1419 3220 1484 cadum,
3266 1424 3331 1475 ad
3386 1441 3669 1496 supernam

2103 1476 2118 1496 ι
2285 1485 2296 1496 -
2454 1490 2474 1496 -

2091 1476 2407 1539 Jerusalem.
2451 1490 2738 1560 Propterea
2769 1504 3053 1570 accinctus,
3095 1523 3374 1582 propterea
3407 1523 3670 1580 calceatus

2089 1575 2350 1639 Comedis,
2384 1590 2438 1630 ιιι
2465 1580 2640 1638 discas
2673 1591 2811 1654 quod
2855 1595 3009 1650 simul
3038 1608 3196 1669 atque
3240 1607 3478 1676 incepisti
3517 1627 3665 1668 eom-

2087 1661 2247 1717 edcre
2268 1670 2482 1736 pascha,
2515 1674 2677 1731 debes
2719 1685 3040 1751 peregrinari
3083 1701 3135 1744 et
3175 1693 3275 1748 iter
3317 1698 3511 1755 facere.
3557 1705 3668 1759 Iluo

2087 1762 2262 1809 autem
2291 1762 2446 1816 tacite
2471 1765 2751 1835 significat,
2781 1785 2832 1827 et
2859 1790 3108 1845 Oportei-e
3129 1789 3305 1854 egredi
3325 1807 3387 1846 ex
3415 1794 3663 1868 Ingpto,

2089 1851 2138 1896 et
2165 1861 2441 1907 manentes
2489 1862 2639 1925 quasi
2687 1863 2735 1915 in
2784 1866 2956 1923 aliena
2999 1881 3134 1928 terra
3183 1895 3427 1952 manere;
3474 1889 3666 1946 Nostra

2081 1936 2232 2002 enim,
2266 1941 2453 2011 inquit,
2487 1957 2797 2008 roraversatio
2827 1969 2896 2010 est
2925 1961 2977 2014 in
3002 1964 3138 2018 ca’lis
3165 1969 3423 2045 (Philipp.
3459 1980 3511 2034 3.
3533 1981 3659 2051 30);

2082 2033 2130 2051 nl
2166 2035 2266 2051 nu--
2301 2032 2394 2051 --ει-
2438 2049 2448 2051 ~

2081 2033 2268 2106 et‘tota
2301 2032 2403 2086 vita
2431 2049 2645 2106 semper
2668 2059 2788 2099 esse
2830 2062 3061 2120 paratos,
3096 2067 3153 2111 ιιι
3179 2066 3348 2117 vocati
3372 2032 3481 2122 non
3514 2032 3663 2126 didi--

2080 2126 2197 2169 rant
2217 2160 2230 2183 ,
2260 2123 2350 2175 sed
2374 2124 2573 2193 dicant,
2605 2130 2854 2212 Paratum
2875 2152 2948 2194 est
2973 2160 3060 2196 cor
3076 2160 3299 2204 nostrum
3327 2155 3505 2223 (l’sul.
3537 2164 3656 2220 107.

2077 2206 2163 2277 2).
2192 2211 2298 2266 Sed
2327 2227 2535 2284 poterat
2561 2208 2668 2279 hac
2701 2228 2881 2286 dicere
2913 2234 3125 2306 Paulus,
3155 2245 3243 2312 qui
3271 2206 3370 2302 sibi
3398 2251 3660 2313 nihilerat

2075 2306 2320 2361 conscius
2350 2329 2363 2363 :
2394 2327 2493 2380 ego
2521 2329 2699 2371 autem
2735 2337 2839 2376 non
2887 2342 3102 2396 possum
3134 2335 3331 2403 dicere,
3371 2345 3460 2413 qui
3492 2349 3657 2402 multo

2077 2397 2314 2495 tempore
2341 2415 2473 2470 Oplls
2493 2405 2661 2463 hﬂilt‘O
2683 2415 2746 2466 ad
2777 2420 3162 2484 paenitentiam.
3187 2430 3338 2496 Quod
3364 2397 3541 2494 alutetn
3569 2459 3656 2498 ac-

2073 2483 2304 2543 cinctum
2334 2509 2454 2548 esse
2481 2500 2549 2551 sit
2580 2503 2847 2572 vigilantis
2877 2515 3087 2582 animae,
3119 2524 3238 2576 audi
3276 2526 3439 2582 Deum
3470 2531 3654 2588 dicen-

2075 2582 2178 2629 tem
2213 2578 2284 2632 illi
2307 2581 2452 2650 justo
2483 2606 2494 2640 :
2529 2589 2649 2645 Non
2667 2611 2687 2658 ;
2713 2599 2802 2649 sed
2831 2609 3086 2672 tamquam
3117 2611 3194 2663 uir
3225 2617 3432 2687 uccinge
3459 2621 3654 2679 liunbas

2071 2675 2182 2720 tuos
2209 2685 2228 2722 :
2254 2688 2343 2741 ego
2363 2690 2530 2732 autem
2559 2692 2608 2737 te
2630 2687 2968 2760 interrogabo,
3020 2707 3074 2752 tu
3110 2716 3225 2757 vero
3246 2710 3371 2762 milii
3408 2719 3654 2783 responde

2071 2757 2088 2783 Ι
2136 2758 2218 2783 [AL
2251 2765 2317 2783 -η
2365 2768 2395 2783 ~
2423 2771 2432 2783 ι
2512 2773 2546 2783 ἰ
2650 2779 2680 2783 ·-

2068 2757 2220 2877 ξδοὺ
2249 2765 2336 2820 58.
2363 2768 2461 2838 5).
2507 2773 2764 2835 οηιηίιηιε
2815 2757 2914 2839 hoc
2955 2757 3108 2845 'Deus
3159 2757 3648 2877 dicstfciviidgi:

2070 2850 2186 2920 Ipse
2237 2871 2448 2930 quoque
2495 2880 2714 2935 apparet
2758 2875 3029 2935 accinctus
3082 2885 3134 2938 in
3185 2885 3467 2948 Ezechiele
3501 2914 3514 2948 :
3544 2850 3650 2954 iJmo

2067 2945 2228 3049 etiam
2284 2955 2455 3022 angeli
2508 2972 2767 3029 apparent
2809 2969 2960 3024 nobis
3006 2977 3271 3046 accincti,
3306 2992 3361 3036 ut
3406 2988 3496 3056 qui
3543 2993 3648 3048 sint

2066 3038 2281 3096 milites.
2317 3043 2390 3098 Ex
2433 3063 2498 3102 eo
2536 3052 2679 3106 enim
2713 3058 2853 3126 quod
2897 3065 3262 3139 accingamur,
3297 3078 3354 3129 fit
3407 3038 3463 3133 tit
3505 3093 3645 3141 stent

2061 3139 2321 3230 generose
2349 3143 2404 3188 et
2451 3138 2694 3210 fortiter;
2740 3149 2808 3201 ita
2856 3168 2920 3206 cx
2964 3172 3030 3210 eo
3073 3162 3212 3228 quod
3261 3175 3423 3233 stent,
3477 3171 3537 3227 fit

2061 3219 2422 3290 accingamur.
2461 3227 2582 3337 .Nos
2619 3248 2747 3303 ergo
2794 3242 3134 3313 accingamus
3166 3269 3178 3304 :
3209 3256 3399 3313 exituri
3449 3264 3642 3337 quippe

2061 3321 2264 3376 sumus,
2284 3324 2337 3366 et
2366 3317 2527 3371 multa
2559 3321 2770 3380 interim
2810 3342 2938 3386 sunt
2961 3336 3218 3397 difficilia.
3244 3317 3478 3412 Quando.
3499 3317 3642 3413 hth

2060 3410 2304 3467 campum
2350 3411 2844 3480 pertransierimus,
2878 3424 3055 3477 statim
3108 3410 3304 3490 insistit
3348 3410 3636 3512 diabolus,

2058 3492 2234 3545 onmia
2282 3509 2446 3566 agens
2474 3509 2529 3554 et
2560 3505 2872 3565 machinans
2897 3553 2912 3578 ,
2942 3526 3000 3569 ut
3037 3519 3127 3588 qui
3158 3530 3356 3584 servati
3399 3544 3522 3588 sunt
3569 3492 3634 3592 et;

2056 3579 2310 3652 .Egypto,
2342 3589 2431 3654 qui
2482 3607 2630 3647 mare
2671 3595 2909 3656 Rubrum
2957 3579 3637 3688 tratisieruntrqui“aud;

2055 3677 2302 3734 monibus
2322 3690 2376 3735 et
2395 3697 2423 3734 a
2448 3683 2619 3755 plagis
2641 3689 3113 3753 innumerabilibus
3133 3677 3299 3760 simul
3321 3677 3632 3780 liberantur,

2053 3781 2148 3820 eos
2175 3770 2347 3837 capiat
2388 3783 2443 3825 et
2475 3776 2677 3842 perdat.
2719 3779 2823 3834 Sed
2867 3785 2911 3836 si
2944 3787 3128 3857 vigiles
3157 3793 3343 3862 sitnus,
3379 3770 3634 3861 habemus

2055 3874 2151 3915 nos
2171 3877 2382 3932 quoque
2409 3867 2711 3924 columnam
2738 3872 2892 3943 ignis,
2915 3894 3106 3951 nempe
3122 3886 3351 3956 Spiritus
3368 3898 3592 3965 gratiam
3615 3917 3630 3956 :

2051 3951 2238 4005 eadem
2271 3954 2531 4012 illuminat
2551 3969 2604 4014 et
2631 3961 2910 4020 adumbrat
2939 3985 2954 4022 :
2987 3951 3244 4032 habemus
3270 3951 3494 4052 marina;
3525 3951 3632 4043 imo

2052 4055 2178 4094 vero
2215 4059 2317 4098 non
2347 4063 2535 4102 manna
2559 4092 2574 4116 ,
2620 4055 2712 4109 sed
2743 4058 2884 4127 quod
2909 4071 2990 4116 est
3017 4064 3136 4134 plus
3184 4085 3342 4140 quam
3388 4093 3577 4134 manna
3611 4101 3627 4136 :

2050 4144 2206 4200 potus
2232 4137 2523 4205 spiritualis
2546 4184 2561 4206 ,
2592 4161 2696 4199 non
2727 4164 2860 4219 aqua
2890 4157 3055 4211 exite
3085 4137 3253 4228 petra.
3288 4166 3552 4227 Habemus
3575 4189 3630 4230 et

2047 4236 2256 4288 eastra,
2308 4245 2449 4284 nunc
2487 4249 2696 4305 quoque
2725 4239 2997 4298 desertum
3049 4248 3369 4310 habitantes.
3422 4261 3624 4318 Ilcvcra

2046 4317 2209 4381 enim,
2237 4334 2419 4376 revera
2451 4338 2590 4378 ntrnc
2610 4344 2821 4400 quoque
2841 4343 2976 4389 terra
3005 4351 3086 4393 est
3111 4360 3138 4393 a
3169 4347 3360 4403 virtute
3389 4353 3620 4416 deserta.

2043 4417 2099 4459 et
2129 4411 2294 4478 magis
2317 4428 2473 4480 quam
2503 4415 2612 4469 illa.
2654 4418 2762 4475 Cur
2798 4434 2976 4481 autem
3010 4431 3311 4501 fugiendum
3354 4457 3469 4498 erat
3498 4448 3622 4505 illud

2043 4496 2350 4553 desertum?
2377 4519 2552 4562 nonne
2573 4511 2692 4577 quia
2725 4513 2951 4572 habebat
2980 4521 3028 4575 in
3061 4540 3119 4578 se
3142 4533 3380 4599 scorpios
3400 4547 3453 4591 et
3479 4543 3622 4611 vipe-

2044 4603 2127 4611 --.-
2147 4591 2168 4611 α
2201 4589 2251 4611 ΙΑΔ
2293 4608 2350 4611 ηυ
2455 4597 2466 4608 ⁹
2586 4600 2594 4610 “

2044 4591 2168 4642 ras?
2201 4589 2254 4644 In
2284 4608 2423 4661 quo,
2453 4597 2642 4669 inquit,
2678 4620 2781 4658 non
2814 4613 3020 4665 transiit
3058 4616 3237 4671 homo.
3277 4622 3380 4678 Sed
3410 4589 3622 4689 nonlcst

2045 4679 2168 4735 illud
2206 4683 2472 4741 desertum
2507 4693 2641 4745 adeo
2668 4699 2848 4753 sterile
2872 4709 2927 4755 et
2963 4719 3068 4760 non
3100 4708 3277 4768 ferens
3307 4717 3537 4792 fructus,
3567 4740 3623 4782 ut

2043 4781 2228 4828 natura
2274 4777 2523 4834 lnnuana.

2113 4866 2146 4918 5
2195 4866 2346 4922 Nunc
2377 4881 2506 4940 quot
2533 4886 2657 4928 sunt
2680 4882 2874 4951 scut-pii
2894 4923 2909 4944 .
2941 4897 3070 4956 quot
3095 4889 3292 4962 viperze
3320 4897 3372 4953 in
3401 4901 3502 4958 hoc
3520 4911 3617 4962 de-

2041 4967 2206 5021 serto,
2225 4971 2353 5028 quot
2380 4970 2684 5034 serpentes!
2718 4985 2845 5041 quot
2865 4980 3135 5046 genimina
3166 4987 3466 5060 viperarum
3493 5013 3617 5057 sunt

2042 5044 2093 5100 lii
2125 5066 2259 5117 quos
2306 5057 2700 5116 recensuimus!
2740 5064 2843 5119 Sed
2874 5083 2940 5124 ne
2967 5044 3245 5141 timeamus
3278 5099 3292 5135 :
3325 5082 3482 5154 hujus
3502 5074 3618 5146 cxi-

2043 5149 2124 5194 tus
2149 5143 2253 5197 dux
2282 5156 2394 5212 est,
2422 5165 2527 5203 non
2555 5151 2792 5227 Moyses,
2825 5162 2917 5215 sed
2947 5163 3126 5226 Jesus.
3156 5143 3432 5239 Quomodo
3459 5180 3618 5251 igitur

2041 5247 2144 5284 non
2167 5235 2351 5289 eadem
2385 5240 2535 5294 nobis
2561 5247 2838 5305 accidant?
2862 5253 2940 5310 Ne
2964 5259 3149 5314 eadem
3175 5277 3411 5334 agamus,
3438 5235 3616 5331 etunon

2037 5323 2222 5377 eadem
2248 5328 2525 5393 patiemur.
2551 5333 2628 5390 Illi
2648 5345 3069 5415 murmurabant,
3109 5350 3180 5403 illi
3205 5351 3416 5412 fuerunt
3437 5362 3615 5434 ingra-

2038 5415 2110 5466 ti:
2143 5429 2209 5467 ne
2253 5416 2438 5472 cadent
2475 5438 2603 5493 ergo
2630 5428 2782 5482 nobis
2807 5434 3069 5490 accidant.
3098 5439 3378 5508 Quomodo
3403 5415 3617 5514 occide-

2038 5514 2161 5558 runt
2186 5505 2259 5559 illi
2283 5513 2504 5566 omnes?
2527 5515 2685 5570 Nihili
2706 5519 2936 5578 fecerunt
2965 5538 3158 5585 terram
3181 5535 3609 5606 desiderabilem.

2037 5595 2316 5662 Quomodo
2364 5601 2513 5657 nihili
2561 5605 2842 5666 fecerunt?
2884 5619 3029 5686 atqui
3069 5623 3486 5693 admirabantur.
3537 5639 3612 5696 Eo

2036 5691 2174 5756 quod
2208 5693 2395 5748 molles
2425 5702 2726 5764 evaserint,
2779 5716 2830 5758 et
2870 5724 2966 5779 pro
3011 5730 3070 5768 ea
3106 5716 3316 5778 labores
3345 5722 3611 5790 "omcﬁm

2039 5783 2326 5852 31:1.cip'l‘e.
2378 5786 2453 5842 Ne
2481 5805 2607 5858 ergo
2645 5794 2832 5850 eadunt
2875 5801 3026 5858 nihili
3072 5806 3326 5867 faciamus
3355 5833 3367 5869 :
3403 5817 3502 5875 hoc
3528 5835 3612 5879 est

3172 5917 3233 5976 11
