4042 6212
410 361 511 416 167

408 474 556 531 nihili
589 473 784 529 facere.
820 473 860 528 Ε
887 475 1018 528 melo
1047 473 1250 528 fructus
1279 480 1364 527 est
1383 471 1448 526 ad
1477 485 1574 524 nos
1609 469 1817 523 delatus
1838 508 1852 529 ,
1887 483 1992 521 non

411 584 509 621 uva
544 581 663 638 quae
690 575 929 636 portatur
957 564 1010 621 iu
1044 562 1316 634 amphoris
1335 604 1351 629 ,
1379 561 1473 615 sed
1516 560 1670 614 arrha
1717 558 1947 629 Spiritus
1977 575 1992 611 :

409 659 531 712 vine
561 657 782 727 agenda:
811 656 971 719 ratio,
1000 671 1123 724 quin
1171 662 1256 708 est
1306 653 1358 706 in
1411 653 1578 714 czelis.
1626 667 1782 720 qnam
1813 649 1994 704 docuit

412 749 606 803 Paulus
633 757 688 802 et
717 756 860 802 totus
879 746 1242 816 apostolorum
1278 744 1496 809 chorus,
1529 742 1825 798 admirandi
1852 743 1992 812 agri.

409 841 559 894 coire.
581 839 696 894 Non
719 837 921 893 Chaleb
952 836 1096 892 ﬁlius
1121 836 1399 906 .lcphonm,
1449 852 1622 903 neque
1665 835 1820 890 Jesus
1858 835 1994 887 lilins

409 932 551 986 Nave
582 931 680 986 hos
707 930 826 984 tulit
861 929 1099 994 fructus;
1131 930 1224 984 sed
1270 929 1460 991 Jesus,
1498 928 1664 982 Filius
1705 927 1875 982 Patris
1895 925 1996 980 mi-

409 1020 842 1084 sericordiarum,
878 1019 1045 1074 Filius
1074 1019 1190 1088 ejus
1215 1021 1303 1087 qui
1335 1028 1415 1073 est
1441 1034 1565 1073 vere
1591 1018 1752 1084 Deus,
1781 1033 1992 1071 omnem

413 1114 531 1170 tulit
574 1114 845 1178 virtutem,
872 1128 1060 1167 omnes
1091 1111 1178 1181 qui
1219 1109 1344 1165 inde
1370 1119 1494 1164 sunt
1517 1110 1737 1174 fructus,
1768 1109 1994 1180 hymnos

414 1221 606 1274 nempe
630 1204 697 1259 ad
727 1220 824 1260 nos
853 1204 1045 1260 detulit
1071 1205 1333 1261 czelestes.
1362 1202 1493 1256 Nam
1516 1218 1634 1272 qua:
1654 1201 1708 1255 in
1739 1201 1886 1257 caelis
1913 1201 1993 1255 di-

413 1309 542 1353 runt
563 1297 875 1363 Cherubim,
900 1312 962 1352 ea
989 1311 1086 1350 nos
1107 1312 1318 1366 quoque
1338 1295 1499 1364 jussit
1523 1295 1725 1358 dicere.
1751 1295 1992 1360 Sanctus,

412 1399 633 1453 sanctus,
659 1397 862 1443 sanctus
893 1386 1098 1456 (Marc.
1133 1386 1220 1442 12.
1246 1385 1318 1440 25
1339 1384 1379 1456 ).
1406 1386 1484 1439 Ad
1513 1399 1612 1439 nos
1633 1385 1806 1440 attulit
1832 1385 1992 1438 vitam

413 1480 770 1550 angelorum;
805 1479 989 1548 Neque
1044 1478 1238 1532 ducunt
1291 1491 1524 1541 uxores,
1576 1491 1750 1544 neque
1792 1477 1996 1528 nubunt

414 1571 617 1640 angeli;
647 1573 748 1625 hoc
784 1585 996 1640 quoque
1035 1569 1120 1623 hic
1152 1569 1404 1638 plantavit
1449 1568 1647 1621 bonum
1682 1585 1694 1620 :
1725 1567 1798 1620 illi
1830 1581 1992 1636 pecn—

416 1665 531 1717 nias
566 1679 668 1716 non
698 1670 901 1727 amant,
932 1676 1104 1729 neque
1131 1660 1266 1724 alia;
1302 1659 1400 1713 hoc
1427 1675 1638 1729 quoque
1676 1659 1828 1713 nobis
1850 1659 1992 1712 inse-

415 1757 519 1809 ruit
546 1773 558 1808 :
591 1756 663 1808 illi
697 1769 802 1808 non
835 1752 1173 1816 moriuntur;
1221 1751 1320 1804 hoc
1350 1767 1561 1821 quoque
1592 1751 1744 1804 nobis
1776 1750 1994 1820 largitus

413 1858 490 1901 est
519 1845 696 1899 :Mors
730 1861 834 1898 non
872 1853 954 1898 est
974 1845 1203 1912 amplius
1229 1858 1376 1897 mors
1396 1884 1410 1907 ,
1442 1843 1534 1897 sed
1566 1857 1807 1897 sonmns.
1854 1842 1992 1897 Audi

413 1939 554 1993 enim
580 1941 749 2008 ipsum
787 1937 1051 1992 dicentem
1090 1955 1101 1990 :
1137 1936 1362 1989 Lazarus
1390 1937 1582 1988 anticus
1619 1948 1786 1989 uoster
1809 1926 1993 1988 dormit

414 2029 590 2099 (Joan.
625 2031 712 2084 11.
742 2027 853 2099 Η).
879 2027 1064 2082 Vidisti
1091 2027 1289 2079 fructus
1310 2041 1556 2094 superna:
1571 2025 1906 2080 Jerusalem?
1926 2025 1994 2079 Et

411 2120 549 2191 quod
574 2131 653 2175 est
684 2118 1069 2176 admirabilius.
1097 2117 1290 2170 bellum
1324 2135 1425 2169 non
1453 2128 1532 2170 est
1561 2117 1832 2170 decretum
1857 2132 1872 2180 ;
1895 2117 1990 2175 sed

412 2213 536 2258 ante
560 2202 966 2272 promissionem
993 2201 1146 2253 nobis
1168 2199 1384 2254 donavit
1405 2199 1518 2253 haec
1540 2201 1740 2254 omnia.
1763 2199 1892 2253 Nam
1918 2200 1990 2253 illi

411 2296 661 2366 quidem,
711 2294 871 2348 etiam
928 2309 1050 2346 cum
1089 2292 1357 2348 venissent
1402 2293 1468 2348 ad
1515 2304 1708 2348 terram
1760 2292 1991 2363 promis-

411 2385 598 2449 sionis,
623 2383 968 2446 laborabant;
1001 2383 1105 2436 imo
1127 2397 1255 2436 vero
1287 2399 1390 2436 non
1426 2383 1771 2438 laborabant:
1797 2400 1917 2439 nam
1946 2385 1990 2438 si

414 2477 521 2530 Deo
549 2490 736 2546 parere
763 2475 1290 2544 voluissent,absque
1316 2475 1479 2528 armis
1509 2486 1561 2530 et
1589 2476 1704 2530 sine
1734 2477 1993 2531 instructa

410 2570 524 2625 acie
570 2584 759 2624 omnes
801 2570 1072 2641 cepissent
1119 2570 1277 2624 urbes
1305 2588 1318 2624 :
1348 2568 1560 2624 Jericho
1593 2582 1769 2636 certe,
1797 2571 1991 2626 choros

407 2662 716 2716 ducentium
741 2663 908 2732 magis
934 2677 1093 2732 quam
1113 2662 1420 2716 bellantiqu
1446 2662 1700 2717 habentes
1726 2663 1985 2726 habitum,

409 2762 801 2823 expugnarunt.
833 2752 939 2808 Nos
969 2763 1148 2808 autem
1179 2764 1453 2822 postquam
1479 2754 1698 2821 ingressi
1727 2771 1908 2808 sumus
1937 2756 1985 2808 in

411 2855 608 2900 terram
640 2845 1040 2915 promissionis,
1071 2844 1171 2899 hoc
1199 2853 1282 2898 est
1303 2844 1352 2896 in
1385 2845 1594 2908 est-lum,
1629 2861 1732 2897 non
1761 2845 1984 2915 bellige-

409 2952 611 2999 ramnr,
643 2935 735 2989 sed
765 2933 1017 3006 quamdiu
1045 2934 1301 2988 fuerimus
1324 2935 1374 2988 in
1404 2935 1635 2997 deserto,
1669 2936 1769 2989 hoc
1788 2945 1870 2990 est
1890 2977 1904 3000 ,
1931 2937 1984 2989 in

409 3027 654 3096 praesenti
679 3027 802 3080 vita.
834 3024 1100 3097 Ingressus
1131 3025 1260 3077 enim
1291 3025 1344 3078 in
1387 3026 1603 3093 requiem
1627 3042 1791 3091 suam,
1821 3043 1987 3080 cessa-

408 3118 473 3172 rit
498 3135 528 3170 a
556 3119 659 3172 suis
686 3116 916 3185 aperibus
937 3117 1063 3168 sicut
1088 3113 1227 3168 Deus
1249 3133 1280 3166 a
1310 3117 1526 3183 propriis
1554 3118 1570 3185 (
1596 3115 1747 3169 Hebr.
1767 3120 1816 3170 4.
1856 3118 1924 3171 10
1942 3120 1981 3186 ).

411 3209 492 3264 Ne
517 3226 633 3279 ergo
658 3210 993 3278 defatigemur
1017 3208 1151 3277 quod
1178 3208 1358 3260 bouum
1392 3219 1462 3260 est
1485 3210 1759 3278 [acientes(
1786 3208 1899 3262 Gal.
1929 3213 1981 3266 6.

407 3302 478 3371 9')
517 3318 531 3354 :
566 3298 782 3369 proprio
809 3298 950 3352 enim
986 3308 1224 3367 tempore
1246 3311 1532 3362 metemus,
1561 3300 1604 3352 si
1637 3315 1741 3352 non
1769 3300 1985 3354 delicia-

409 3405 544 3443 nnts.
585 3388 739 3443 Vides
765 3387 1035 3458 quomodo
1051 3399 1106 3442 ut
1134 3387 1274 3451 illos,
1298 3390 1376 3442 sic
1403 3404 1500 3442 nos
1516 3404 1725 3458 quoque
1740 3390 1985 3447 duxerit?

410 3482 516 3536 lllic
567 3479 634 3535 de
675 3495 867 3534 manna
907 3480 1072 3544 dicit,
1126 3491 1178 3533 et
1225 3480 1292 3536 de
1329 3481 1657 3536 solitudine:
1700 3461 1801 3550 Qui
1848 3487 1980 3538 mul-

408 3583 548 3635 tmn,
592 3587 691 3627 non
731 3572 848 3641 plus
899 3571 1107 3635 habuit;
1162 3581 1209 3623 et
1259 3572 1347 3639 qui
1399 3589 1575 3641 parum
1600 3614 1614 3636 ,
1668 3590 1770 3626 non
1818 3577 1983 3630 minus

417 3705 746 3717 —-—-———-..—

1227 351 1287 407 S.
1329 350 1600 408 IOANNIS
1633 347 2109 404 CHRYSOSTOMI
2149 348 2462 403 ARCIllEP.
2505 348 3030 405 CONSTANTINOP.

3579 345 3682 407 168

2101 464 2316 538 (Exod.
2374 466 2458 520 l6.
2518 465 2622 529 l8;
2654 475 2699 517 ct
2747 464 2801 517 ἓ.
2845 465 2964 522 Cor.
2997 467 3050 518 8.
3089 465 3208 534 l5).
3234 463 3303 519 Et
3349 466 3502 522 nobis
3542 483 3676 538 quo-

2099 573 2201 624 que
2229 566 2309 610 est
2348 570 2672 625 praeceptum
2701 595 2716 621 ,
2749 571 2816 609 ne
2841 556 3262 611 thesaurizentus
3287 573 3447 627 super
3475 569 3672 613 terram

2097 651 2114 717 (
2146 649 2330 701 Matth.
2377 649 2432 702 6.
2472 649 2540 703 ιθ
2557 649 2599 717 ).

2173 740 2273 805 Qui
2295 739 2629 802 tltesaurizat,
2659 740 2812 793 venui
2851 738 3124 794 immortali
3162 751 3309 810 parat
3357 743 3673 799 alimentum.

2097 833 2274 886 ——Sin
2304 841 2481 885 autem
2515 831 2968 895 thesaurizemns,
3015 848 3117 885 non
3143 833 3253 902 jam
3291 837 3586 903 corrumpit
3623 847 3675 891 et

2099 926 2272 995 perdit
2324 926 2521 979 vermis
2568 926 2779 979 sensilis
2820 925 2959 979 sicut
3000 926 3051 979 in
3083 926 3426 992 manna,sed
3477 929 3676 983 vermis

2097 1020 2208 1088 qui,
2243 1027 2298 1071 ut
2330 1018 2464 1086 ignis
2495 1017 2617 1084 ille,
2655 1029 2884 1071 :rternns
2931 1027 3034 1072 est.
3078 1017 3263 1073 Omnia
3304 1035 3432 1090 ergo
3473 1020 3674 1075 cilicia-

2099 1125 2238 1175 mus,
2279 1123 2346 1163 ne
2375 1109 2541 1162 vermi
2580 1123 2829 1178 paremus
2855 1109 3166 1162 alimentum
3201 1127 3212 1162 :
3246 1126 3366 1164 nam
3403 1111 3502 1177 Qui
3544 1113 3676 1164 ntul-

2096 1208 2223 1261 tum,
2249 1197 2437 1267 inquit,
2463 1214 2564 1252 non
2590 1198 2705 1267 plus
2727 1197 2919 1252 habuit.
2951 1198 3062 1252 lloc
3091 1200 3232 1253 enim
3254 1201 3414 1254 etiam
3442 1201 3493 1254 in
3524 1200 3675 1255 nobis

2099 1289 2158 1343 tit
2183 1289 2424 1360 quotidie
2456 1305 2469 1341 :
2510 1302 2631 1342 nam
2662 1303 2851 1343 omnes
2893 1288 3138 1344 eamdem
3167 1290 3450 1359 implemus
3477 1292 3676 1344 ventris

2099 1395 2402 1434 mensuram
2432 1397 2445 1433 :
2473 1379 2616 1450 quod
2643 1388 2727 1435 est
2749 1389 2929 1434 autem
2969 1395 3446 1449 supervacaneum.
3476 1389 3560 1436 est
3585 1397 3671 1434 ac-

2097 1471 2274 1526 cessio
2312 1473 2596 1526 stnltarum
2647 1471 3086 1527 sollicitudinum.
3133 1473 3262 1528 Nam
3308 1474 3447 1541 quod
3491 1485 3672 1544 postea

2099 1572 2212 1617 erat
2284 1565 2537 1626 daturus.
2589 1565 2853 1628 dicendo,
2919 1566 3116 1636 Sumcit
3171 1567 3271 1620 diei
3337 1568 3531 1620 malitia
3581 1586 3675 1622 sua

2096 1658 2115 1725 (
2145 1655 2277 1709 Ibid.
2305 1673 2351 1709 ι’.
2375 1657 2480 1727 54)
2503 1699 2517 1722 ,
2550 1657 2652 1712 hoc
2694 1658 2803 1728 jam
2851 1657 3096 1728 superius
3138 1658 3348 1724 docuit,
3380 1670 3432 1714 et
3473 1676 3570 1714 nec
3598 1661 3674 1715 sie

2095 1756 2465 1815 susceperunt.
2497 1747 2599 1801 Sed
2628 1763 2818 1802 nosne
2844 1748 3380 1818 simusinexplebilcs
3399 1792 3414 1814 ,
3444 1767 3548 1803 non
3579 1751 3677 1804 iu-

2094 1838 2250 1906 grati.
2292 1853 2359 1892 ne
2397 1839 2540 1892 aedes
2563 1854 2864 1908 quaeramus
2898 1840 3204 1908 splendidas
3233 1859 3248 1896 :
3276 1856 3398 1896 nam
3429 1843 3527 1905 iter
3556 1844 3677 1895 iaci-

2097 1943 2238 1991 tnus,
2277 1944 2382 1981 non
2412 1927 2733 1982 habitamus.
2762 1927 3119 1994 Quamobrem
3152 1931 3196 1983 si
3225 1931 3344 2000 quis
3369 1931 3673 2000 novitquod

2100 2035 2335 2088 prieseus
2364 2019 2468 2072 vita
2490 2019 2554 2072 sit
2587 2019 2828 2088 quaedam
2857 2020 2939 2072 via
2967 2030 3020 2073 et
3043 2019 3320 2082 militia,ct
3347 2033 3402 2074 ut
3430 2026 3496 2075 ita
3526 2021 3674 2076 dixe-

2097 2110 2219 2174 rim,
2253 2109 2393 2174 quod
2433 2109 2499 2162 ab
2545 2110 2622 2163 eis
2663 2109 2963 2179 appellatur
3007 2110 3287 2178 fossatum,
3334 2127 3440 2165 non
3469 2123 3675 2181 qua-ret

2095 2200 2370 2270 Splendida
2397 2200 2642 2254 aedilicia.
2676 2200 2805 2267 Quis
2834 2200 3348 2271 enim,dic,quaeso,
3377 2204 3477 2256 etsi
3516 2203 3671 2258 valde

2095 2295 2401 2362 opulentus,
2435 2309 2528 2346 sua
2571 2303 2761 2363 sponte
2798 2295 2940 2349 volet
2961 2295 3014 2349 in
3063 2296 3253 2364 fossato
3274 2297 3412 2366 quod
3441 2297 3670 2362 dicitur,

2097 2387 2377 2456 pra-claras
2403 2385 2592 2439 domos
2615 2385 2920 2441 :ediﬁcare?
2949 2387 3117 2441 Nemo
3149 2404 3162 2440 :
3189 2399 3328 2442 esset
3368 2391 3510 2444 enim
3547 2390 3677 2445 ridi—

2093 2481 2263 2543 culus,
2309 2488 2364 2534 et
2401 2478 2688 2533 :edilicaret
2737 2479 2986 2544 inimicis,
3017 2489 3069 2533 et
3097 2480 3240 2550 ipsos
3268 2484 3580 2536 attratieret.
3612 2482 3666 2538 Si

2093 2573 2383 2639 sapiamus,
2414 2569 2642 2638 idipsum
2675 2569 2949 2624 iaciemus.
2980 2573 3023 2624 A
3051 2571 3238 2625 militia
3269 2581 3324 2626 et
3363 2573 3562 2626 fossam
3590 2576 3672 2626 ni-

2096 2661 2168 2714 hil
2199 2661 2375 2714 diiiert
2406 2661 2508 2713 vita
2555 2674 2811 2730 prasens.
2845 2660 3041 2726 Quare,
3072 2677 3223 2732 rogo,
3251 2664 3430 2717 omnia
3454 2680 3673 2734 agamus

2093 2763 2149 2806 nt
2178 2752 2309 2806 nihil
2339 2751 2423 2806 hic
2451 2751 2871 2806 thesaurizemus
2900 2767 2914 2804 :
2947 2767 3068 2805 nam
3107 2754 3150 2806 si
3176 2756 3380 2809 venerit
3407 2757 3494 2824 qni
3528 2756 3673 2809 fura-

2094 2855 2212 2909 tur,
2258 2843 2366 2898 cito
2412 2842 2810 2912 emigrabimus.
2876 2842 3123 2914 l’igilate,
3175 2845 3380 2914 inquit,
3433 2849 3675 2916 quoniam

2093 2936 2294 2988 nescitis
2335 2950 2433 3004 qua
2485 2935 2611 2986 liora
2663 2936 2748 3003 {ur
2784 2934 2946 2988 veniat
2995 2934 3134 3006 (Id.
3174 2933 3265 2989 ει.
3310 2937 3380 2990 45
3425 2938 3477 3002 ),
3533 2953 3674 2990 inore

2092 3036 2198 3080 tem
2247 3026 2325 3079 sic
2371 3039 2588 3078 vocans.
2652 3024 2968 3093 Priusquam
3011 3040 3141 3094 ergo
3185 3027 3430 3090 venerit,
3483 3031 3666 3081 enmia

2089 3114 2433 3169 amandemns
2484 3114 2535 3166 in
2586 3115 2809 3183 patriam
2857 3123 3116 3168 nostram.
3150 3114 3246 3170 llic
3283 3127 3458 3170 autem
3505 3118 3672 3170 simus

2090 3206 2349 3269 accincti,
2393 3214 2452 3258 ut
2497 3207 2761 3272 possimus
2811 3221 3067 3274 superare
3120 3208 3364 3260 inimicos
3415 3225 3426 3260 :
3480 3209 3672 3276 quibus

2089 3298 2346 3360 devictis,
2401 3297 2603 3349 utinam
2674 3296 2726 3348 in
2776 3297 2864 3349 die
2909 3311 3230 3350 coronarum
3287 3297 3674 3370 incorruptibili

2089 3390 2258 3460 gloria
2291 3388 2604 3458 dignemur,
2655 3403 2748 3456 per
2777 3389 3002 3457 gratiam
3047 3399 3103 3442 et
3147 3389 3524 3460 benignitatem
3577 3391 3677 3444 [to-

2091 3481 2218 3534 tuini
2253 3481 2419 3534 nostri
2441 3479 2567 3534 Jesn
2612 3479 2846 3545 Christi,
2894 3480 2979 3534 cui
3020 3495 3141 3534 cum
3186 3478 3344 3535 Patre
3380 3492 3436 3535 et
3478 3483 3676 3553 Spiritu

2089 3586 2296 3638 saneto,
2341 3582 2446 3627 etc.

1748 3779 2092 3842 HOMILIA
2141 3782 2376 3845 XXIV.

407 3921 534 3974 Cu».
569 3921 622 3971 ϐ.
649 3932 701 3970 v.
733 3916 822 3972 ﬂ.
859 3915 1004 3972 State
1041 3934 1158 3989 ergo
1200 3919 1437 3973 succincti
1479 3918 1676 3974 lumbos
1714 3933 1901 3976 vestros
1931 3923 1986 3975 in

483 4012 708 4076 reritate,
738 4019 785 4064 et
806 4009 970 4062 induti
992 4009 1150 4065 lorica
1166 4010 1399 4082 justitite,
1429 4009 1517 4064 l5.
1541 4019 1585 4065 et
1607 4011 1817 4064 calceati
1841 4011 1991 4082 pedes

484 4105 534 4154 iu
585 4101 1007 4169 prtrparationem
1057 4101 1298 4170 evangelii
1345 4103 1503 4170 pacis,
1535 4100 1623 4156 16.
1670 4101 1725 4155 in
1765 4103 1994 4158 ontnibus

483 4203 736 4249 sumentes
766 4201 962 4244 scutum
989 4191 1128 4259 ﬁdei,
1149 4191 1199 4244 in
1225 4206 1323 4261 quo
1353 4191 1554 4261 possitis
1583 4193 1754 4246 omnia
1775 4193 1874 4246 tela
1902 4209 1992 4246 ne-

483 4286 709 4350 quissimi
737 4287 885 4356 ignea
915 4285 1245 4354 exstinguere,
1280 4285 1366 4338 l7.
1400 4295 1446 4339 et
1471 4285 1670 4356 galeam
1706 4286 1884 4340 salutis
1909 4303 1992 4340 as-

483 4378 686 4443 sumite,
721 4386 768 4430 et
795 4376 1026 4447 gladium
1051 4375 1284 4446 spiritus,
1315 4378 1450 4445 quod
1478 4388 1550 4432 est
1571 4377 1775 4432 verbum
1801 4375 1919 4433 Dei.

489 4471 542 4522 1.
576 4467 853 4534 Succincti,
885 4467 1074 4538 inquit,
1099 4466 1292 4522 lumbos
1311 4477 1496 4538 vestros
1517 4469 1570 4523 in
1591 4472 1814 4527 veritate.
1832 4471 1996 4540 Quid-

417 4575 542 4613 nam
579 4560 715 4614 hoc?
755 4559 960 4614 Dictum
990 4567 1071 4613 est
1103 4557 1154 4612 in
1194 4573 1256 4612 ea
1295 4574 1414 4629 quae
1443 4561 1719 4629 praecessit
1759 4561 1996 4630 disputa-

417 4651 586 4716 tione,
618 4651 756 4720 quod
782 4659 1027 4721 Oporteat
1044 4665 1163 4706 esse
1191 4651 1515 4721 compositos
1539 4661 1593 4706 et
1615 4651 1916 4720 expeditos,
1941 4662 1998 4708 ut

421 4740 487 4794 ad
515 4739 834 4795 currendum
861 4742 990 4796 nihil
1010 4743 1078 4795 sit
1096 4742 1481 4811 impedimenti.
1509 4741 1573 4796 Et
1591 4743 1775 4810 induti,
1803 4743 1994 4815 inquit,

420 4832 577 4886 lorica
593 4830 826 4897 justitiw.
848 4832 995 4886 Sicut
1018 4831 1181 4886 lorica
1204 4842 1284 4887 est
1301 4833 1717 4900 invulnerabilis,
1743 4835 1813 4890 ita
1835 4837 1994 4891 etiam

418 4923 642 4993 justitia.
670 4919 936 4976 Justitiam
963 4931 1142 4978 autem
1173 4922 1260 4979 hic
1286 4923 1416 4979 dicit
1444 4924 1608 4981 vitam
1635 4926 1996 4983 omuimodam

421 5023 473 5067 et
498 5029 617 5085 qum
645 5012 817 5082 agitur
841 5026 905 5066 ex
931 5012 1146 5067 virtute.
1175 5012 1309 5068 Eum
1332 5016 1422 5084 qui
1450 5025 1532 5070 est
1557 5016 1676 5072 talis
1705 5032 1862 5072 nemo
1884 5034 1998 5072 um-

421 5122 578 5176 quam
634 5105 829 5175 potcrit
877 5113 1251 5174 prosternere;
1308 5107 1400 5162 sed
1453 5109 1736 5166 vulnerant
1785 5110 1997 5180 quidem

424 5197 593 5263 inulti,
627 5212 783 5250 uenio
804 5205 981 5249 autem
1003 5194 1256 5263 dissecat,
1287 5213 1390 5252 non
1415 5198 1525 5267 ipse
1551 5199 1811 5254 diabolus.
1837 5201 1996 5266 Quasi

421 5287 590 5353 dicas,
622 5288 727 5343 llos
748 5287 921 5358 justas
947 5295 1164 5356 pectore
1185 5287 1472 5356 complexi.
1497 5288 1570 5343 De
1594 5289 1675 5346 his
1697 5290 1823 5345 dicit
1846 5292 1998 5347 Chri-

425 5386 560 5442 stus,
595 5377 737 5431 Beati
778 5379 862 5449 qui
907 5377 1133 5431 esuriunt
1161 5387 1208 5433 et
1246 5378 1421 5432 sitiunt
1450 5380 1735 5450 justitiam,
1761 5383 1999 5451 quoniam

427 5469 527 5538 ipsi
580 5469 1195 5540 satttrabuuturUIattlt.
1235 5471 1288 5526 5.
1321 5471 1410 5540 6).
1450 5472 1550 5538 Qui
1594 5473 1736 5527 illam
1785 5486 2000 5544 pectore

427 5560 821 5629 complectitur,
872 5573 954 5616 est
1001 5562 1151 5617 fortis
1200 5569 1469 5632 tamquam
1519 5563 1679 5618 lorica
1723 5582 1737 5618 :
1787 5566 1874 5632 qui
1919 5574 2001 5620 est

423 5648 704 5719 ejusmodi,
739 5667 1026 5720 numquam
1060 5653 1338 5708 irascetur.
1369 5654 1589 5708 Calceati
1612 5655 1760 5723 pedes
1790 5657 1842 5709 in
1869 5672 2000 5724 prat-

423 5741 730 5810 parationcm
751 5742 998 5812 evangelii
1019 5743 1173 5810 pacis.
1200 5743 1311 5799 lloc
1335 5745 1531 5800 dictum
1559 5757 1637 5800 est
1668 5747 1841 5800 minus
1866 5745 2002 5802 dilu-

2091 3924 2230 3980 cide.
2262 3924 2401 3992 Quid
2431 3941 2559 3996 ergo
2588 3927 2712 3981 est?
2741 3926 2972 3983 Pulchra
3004 3929 3158 3984 nobis
3199 3930 3450 3999 imposuit
3479 3930 3677 3986 tibialia

2096 4029 2192 4068 seu
2222 4029 2408 4071 ocreas
2429 4057 2444 4081 ,
2477 4016 2735 4086 evangelii
2781 4017 3246 4087 praeparationem.
3288 4022 3391 4074 Aut
3423 4024 3522 4080 hoc
3548 4039 3679 4093 ergo

2095 4104 2246 4170 dicit,
2273 4116 2330 4160 ut
2359 4106 2466 4162 sint
2496 4107 2663 4176 parati
2691 4107 2756 4162 ad
2785 4110 3140 4178 evangelium,
3171 4121 3223 4165 et
3248 4111 3316 4166 ad
3339 4112 3438 4166 hoc
3466 4124 3681 4169 utantur

2101 4194 2360 4264 pedibus,
2387 4205 2443 4251 et
2472 4198 2521 4253 ei
2559 4198 2698 4252 viam
2727 4210 3032 4269 pra-parent
3073 4211 3127 4256 et
3169 4203 3438 4268 muniant;
3471 4213 3592 4268 aut.
3631 4207 3676 4260 si

2099 4286 2202 4341 hoc
2227 4302 2330 4341 non
2362 4289 2453 4353 sit,
2477 4300 2534 4342 ut
2558 4289 2656 4358 ipsi
2688 4291 2796 4345 sint
2815 4298 2982 4361 parati
3008 4293 3073 4348 ad
3101 4295 3321 4349 exitum.
3355 4295 3680 4364 Prieparatio

2099 4392 2226 4448 ergo
2250 4381 2507 4450 evangelii
2539 4380 2668 4436 nihil
2695 4381 2836 4437 aliud
2865 4392 2981 4446 est,
3013 4384 3114 4438 nisi
3143 4385 3248 4438 vita
3276 4385 3499 4454 optima.
3525 4385 3679 4453 Quod

2099 4470 2312 4539 quidem
2339 4471 2548 4528 dicebat
2588 4471 2843 4540 propheta
2865 4513 2880 4535 ,
2934 4465 3368 4543 Prcparationem
3407 4477 3575 4530 cordis
3601 4479 3682 4531 sui

2100 4565 2311 4617 attendit
2338 4565 2477 4617 auris
2507 4573 2594 4618 tua
2621 4562 2791 4636 (Psal.
2824 4565 2908 4620 10.
2939 4567 3024 4620 17.
3050 4583 3150 4620 sec.
3187 4566 3392 4640 Helm).
3423 4568 3536 4623 Hoc
3559 4579 3680 4634 est,

2104 4664 2160 4709 ut
2185 4669 2278 4708 cor
2303 4656 2374 4708 sit
2412 4665 2652 4723 paratum
2680 4667 2735 4710 et
2774 4658 3112 4712 instructum.
3144 4657 3436 4728 Evangelii,
3472 4659 3642 4729 inquit
3663 4701 3678 4721 .

2105 4745 2264 4812 pacis.
2296 4743 2484 4799 Merito
2518 4745 2568 4798 id
2609 4745 2744 4802 dixit
2771 4762 2788 4802 :
2820 4762 2941 4800 nam
2977 4747 3226 4814 quoniam
3257 4749 3380 4804 belli
3407 4759 3460 4803 et
3490 4765 3683 4820 pugna:

2105 4836 2373 4900 meminit,
2402 4835 2634 4892 ostendit
2663 4851 2781 4891 esse
2821 4838 3163 4908 pugnandum
3189 4837 3450 4894 adversus
3475 4840 3682 4892 damm-

2105 4942 2200 4982 nes
2231 4945 2243 4981 :
2274 4929 2605 4999 evangelium
2637 4928 2780 4982 enim
2822 4939 2905 4984 est
2932 4931 3092 4996 pacis.
3127 4929 3260 4984 illud
3300 4930 3496 4985 bellum
3537 4932 3684 4986 aliud

2107 5019 2302 5073 bellum
2349 5020 2628 5084 dissolvit,
2680 5035 2870 5088 nempe
2917 5019 3175 5075 adversus
3219 5021 3427 5077 Deum:
3470 5022 3514 5076 si
3560 5037 3683 5076 cum

2104 5109 2314 5164 diabolo
2347 5108 2540 5162 bellum
2571 5110 2832 5179 gerimus,
2871 5125 3054 5179 pacem
3091 5127 3211 5166 cum
3249 5111 3354 5166 Deo
3399 5110 3683 5166 habemus.

2106 5203 2180 5256 Nc
2209 5202 2396 5256 timeas
2436 5215 2592 5270 ergo,
2634 5216 2668 5255 o
2709 5202 2940 5267 dilecte,
2974 5212 3057 5257 est
3097 5204 3466 5272 evangelium,
3511 5203 3686 5260 bonus

2107 5306 2297 5360 nempe
2335 5293 2554 5346 nuntius
2586 5309 2599 5344 :
2628 5291 2736 5360 jam
2768 5302 2916 5362 parta
2962 5303 3044 5347 est
3082 5295 3322 5349 victoria.
3357 5292 3425 5349 In
3453 5294 3688 5352 omnibus

2105 5390 2352 5436 sumentes
2375 5391 2570 5436 scutum
2595 5383 2734 5451 ﬁdei.
2760 5381 2944 5437 Fidem
2975 5383 3061 5439 hic
3087 5383 3211 5439 dicit
3231 5425 3248 5448 ,
3280 5401 3386 5442 non
3415 5386 3683 5456 cognitio-

2107 5488 2263 5536 nem;
2295 5488 2403 5528 non
2425 5475 2563 5528 enim
2591 5488 2707 5527 eam
2735 5475 3001 5543 posuisset
3028 5476 3413 5544 posteriorem;
3443 5476 3538 5532 sed
3563 5491 3686 5548 gra-

2108 5564 2232 5618 tiam
2268 5577 2364 5633 per
2389 5577 2548 5634 quam
2578 5564 2727 5633 signa
2760 5563 2914 5620 liunt.
2947 5565 3137 5621 Merito
3163 5575 3341 5622 autem
3383 5565 3542 5622 ﬁdem
3584 5584 3684 5622 no-

2108 5656 2275 5709 minat
2297 5662 2508 5710 scutum
2534 5672 2549 5709 :
2578 5655 2718 5710 sicut
2742 5656 2888 5712 eitim
2915 5666 3120 5712 scutum
3146 5668 3270 5712 ante
3297 5669 3463 5713 totum
3489 5674 3684 5729 corpus

2108 5748 2319 5816 ponitur
2347 5745 2511 5800 veluti
2537 5748 3027 5819 propugnaculum,
3055 5750 3208 5819 quasi
3236 5749 3306 5806 sit
3346 5765 3532 5807 murus
3565 5769 3578 5804 :
3613 5753 3685 5806 ita
