4042 6212
350 347 438 402 ΓΗ
1059 341 1117 396 5.
1153 336 1429 395 JOANNIS
1457 277 1928 390 \CHRYSOSTOMI
1969 331 2277 388 ARClllEl’.
2320 330 2844 387 CONSTANTINOP.

345 461 522 516 ratio?
549 459 641 514 sed
671 459 715 512 si
747 465 954 512 scutum
980 453 1107 510 lldei
1135 453 1364 516 habeas;
1393 451 1701 518 exstingues
1723 448 1919 502 diaboli

347 553 450 607 tela
473 552 525 605 in
555 548 903 617 lideslnvasit
924 554 976 601 te
998 543 1228 600 absurda
1253 540 1540 611 cupiditas,
1575 541 1824 594 incensus
1844 549 1927 592 est

347 645 488 696 intus
525 641 660 711 ignis
692 639 948 693 malarum
975 632 1396 706 cogitationum?
1423 629 1645 700 Oppone
1673 631 1721 683 ei
1768 629 1922 682 fidem

345 736 641 788 futurorum
686 731 980 793 bonorum,
1021 735 1078 781 et
1117 741 1184 780 ne
1220 723 1498 793 apparebit
1527 721 1738 792 quidem
1763 760 1778 786 ,
1827 719 1921 772 sed

347 825 560 896 peribit.
596 823 778 876 Omnia
802 819 943 874 tela:
969 833 1074 873 non
1100 817 1214 871 hmc
1237 815 1449 886 quidem
1481 814 1802 882 exstinguet,
1837 811 1922 864 illa

343 932 474 972 vero
519 927 646 970 nan.
695 913 832 968 Audi
878 913 1101 966 Paulum
1139 911 1403 965 dicentem
1439 925 1452 963 :
1495 907 1745 962 Existimo
1789 904 1922 960 enim

341 1005 604 1076 quodnon
646 1013 764 1059 sunt
802 1003 1067 1072 cettdignw
1103 1001 1361 1072 passiones
1399 998 1552 1068 hujus
1595 998 1831 1068 temporis
1855 998 1923 1049 ad

347 1103 568 1165 futuram
589 1097 826 1168 gloriam,
849 1110 963 1166 quae
977 1092 1275 1148 revelabitur
1294 1094 1350 1144 in
1371 1091 1512 1144 nobis
1533 1089 1708 1159 (Rom.
1728 1089 1782 1144 8.
1806 1088 1917 1156 i8).

410 1191 732 1245 Tentationes
767 1197 812 1241 et
853 1201 1094 1240 (eranum
1121 1183 1369 1254 quomodo
1405 1181 1814 1252 repellendas—
1836 1179 1923 1230 Vi-

338 1283 438 1339 des
463 1298 622 1353 quam
654 1282 816 1336 mttlta
851 1278 957 1333 tela
986 1287 1112 1331 tunc
1138 1275 1495 1331 exstinxerint
1521 1273 1695 1343 justi?
1726 1273 1918 1325 Annon

341 1374 587 1429 videntur
616 1372 711 1427 tibi
735 1371 837 1426 tela
859 1384 981 1425 esse
1009 1369 1172 1439 ignita
1194 1409 1209 1434 ,
1242 1366 1383 1438 quod
1413 1367 1622 1420 interno
1645 1364 1764 1434 igne
1797 1377 1919 1416 ure-

341 1475 488 1520 retur
529 1463 829 1534 patriarcha
876 1463 1045 1516 lilium
1080 1459 1358 1516 offerens?
1387 1457 1493 1511 Alii
1533 1471 1745 1526 quoque
1789 1455 1917 1525 justi

338 1556 514 1609 omnia
537 1555 655 1624 ejus
677 1555 778 1609 tela
799 1553 1190 1608 exstinxerunt.
1215 1549 1342 1606 Sive
1362 1563 1490 1618 ergo
1514 1547 1710 1602 bellum
1732 1554 1921 1616 gerant

337 1649 712 1718 cogitationes,
743 1661 861 1700 eam
885 1657 1240 1715 Opponamus,
1269 1643 1381 1695 sive
1411 1639 1656 1694 libidines
1681 1648 1737 1693 et
1757 1637 1912 1708 cupi-

336 1738 552 1804 ditates,
578 1752 641 1792 ea
672 1745 906 1801 utamur,
940 1735 1055 1789 sive
1099 1733 1310 1786 labores
1338 1741 1392 1784 et
1418 1744 1670 1784 utrumme
1701 1769 1716 1791 ,
1761 1728 1813 1781 in
1854 1741 1914 1779 ea

335 1829 814 1899 eonquiescamus:
846 1842 910 1884 ea
956 1827 1146 1892 merito
1173 1833 1257 1878 est
1285 1839 1404 1893 qum
1443 1831 1728 1876 conservat
1768 1834 1913 1874 arma

335 1921 516 1976 omnia
548 1939 561 1975 :
593 1921 636 1976 si
665 1935 784 1976 eam
819 1935 926 1973 non
953 1917 1249 1972 habeamus
1269 1957 1282 1978 ,
1313 1915 1400 1969 illa
1429 1914 1534 1969 cito
1564 1912 1914 1981 periorabun-

337 2023 424 2067 tur
450 2020 507 2066 et
535 2011 819 2066 latdentur.
848 2008 916 2063 In
941 2007 1194 2072 onmibus,
1229 2005 1418 2074 ittquit,
1450 2014 1700 2058 sumentes
1721 2011 1916 2057 scutum

336 2104 478 2173 ﬁdei.
506 2102 644 2170 Quid
665 2111 770 2168 est,
801 2100 867 2155 In
888 2100 1120 2155 erunibus
1143 2099 1166 2152 ?
1196 2098 1263 2152 Et
1294 2097 1344 2150 in
1375 2098 1618 2162 veritate,
1647 2096 1836 2165 inquit,
1861 2105 1917 2150 et

337 2200 389 2250 in
413 2196 620 2266 justitia
644 2237 662 2262 ,
703 2203 759 2250 et
804 2194 856 2248 in
896 2191 1288 2264 praeparatione
1314 2189 1597 2260 evangelii.
1645 2189 1757 2242 lloe
1785 2199 1866 2243 est
1899 2230 1913 2253 ,

335 2288 516 2342 omnia
548 2287 664 2342 hinc
710 2301 846 2355 opus
889 2284 978 2338 illa
1023 2281 1243 2336 habent.
1276 2282 1562 2350 Pr0pterea
1603 2280 1913 2349 sultjunxit,

338 2381 404 2435 Et
430 2381 629 2452 galeam
656 2378 836 2432 salutis
864 2375 1124 2430 assumite.
1160 2373 1273 2428 Hoc
1301 2383 1385 2427 est
1405 2413 1419 2436 ,
1450 2372 1553 2427 Per
1581 2387 1697 2426 eam
1725 2371 1792 2426 de
1814 2386 1915 2426 cae-

337 2484 454 2529 tero
480 2471 726 2544 poteritis
749 2483 876 2524 esse
905 2467 1023 2532 tuti,
1054 2477 1109 2522 et
1147 2479 1308 2520 omne
1338 2464 1630 2534 periculum
1661 2463 1912 2533 ell'ugerc.

335 2565 486 2622 Sicut
513 2564 656 2618 enim
685 2563 835 2631 galea
859 2601 874 2624 ,
905 2567 1093 2615 exacte
1117 2567 1276 2627 caput
1299 2557 1532 2627 undique
1559 2564 1743 2627 tegens
1766 2595 1781 2620 ,
1809 2568 1915 2608 non

335 2658 464 2713 sinit
487 2665 544 2710 ut
583 2652 783 2725 aliquid
809 2667 972 2722 grave
999 2650 1260 2721 patiatur,
1291 2647 1386 2703 sed
1415 2647 1466 2702 id
1491 2654 1779 2702 conservat
1804 2664 1818 2699 :
1843 2645 1913 2700 ita

334 2749 496 2804 etiam
526 2747 660 2802 fides
701 2754 788 2800 est
827 2757 924 2814 pro
950 2750 1104 2799 scuto
1133 2783 1150 2806 ,
1179 2752 1235 2796 et
1278 2756 1374 2810 pro
1423 2741 1570 2810 galea
1621 2739 1828 2794 salutis.
1859 2739 1915 2793 Si

335 2841 480 2898 enim
507 2839 625 2911 ejus
652 2838 754 2894 tela
775 2836 1213 2900 exstinxerimus,
1240 2833 1350 2889 cits
1375 2833 1536 2888 etiam
1564 2831 1916 2900 suscipiemus

337 2934 572 2990 rationes
599 2947 718 3003 quae
741 2936 1098 2994 conservant,
1121 2941 1241 2996 quae
1268 2941 1375 2981 non
1406 2925 1585 2979 sinant
1614 2933 1670 2978 ut
1695 2922 1916 2978 facultas

335 3041 456 3095 quae
483 3033 630 3081 tenet
662 3021 1014 3096 principatum
1057 3016 1254 3087 aliquid
1285 3017 1551 3086 patiatur.
1596 3013 1726 3069 Nam
1757 3014 1801 3069 si
1835 3014 1916 3067 ha:

335 3115 618 3172 conn-aria:
643 3114 880 3169 rationes
909 3110 1318 3178 exstinguuntur
1348 3125 1361 3160 :
1390 3107 1498 3161 cito
1517 3121 1638 3176 qua:
1665 3121 1769 3160 non
1792 3115 1916 3159 sunt

339 3205 472 3261 tales
492 3245 510 3270 ,
538 3204 635 3260 sed
662 3219 760 3259 nos
787 3208 1006 3259 servant
1030 3240 1045 3264 ,
1077 3208 1134 3254 et
1160 3197 1398 3254 efﬁciunt
1428 3206 1484 3252 ut
1529 3198 1721 3252 bonam
1763 3209 1914 3266 spem

337 3298 630 3353 habeamus
649 3337 664 3361 ,
695 3298 750 3351 in
779 3294 932 3350 nobis
961 3282 1250 3349 nascentur
1273 3308 1287 3358 ;
1311 3301 1362 3346 et
1388 3291 1528 3346 sicut
1553 3291 1701 3361 galea
1743 3291 1796 3344 in
1822 3306 1915 3345 cu-

337 3390 466 3460 pite,
493 3388 706 3443 inerunt
741 3387 796 3443 in
831 3385 1083 3441 facultate
1111 3399 1233 3456 qua:
1262 3383 1314 3438 in
1347 3383 1502 3438 nobis
1527 3382 1734 3439 obtinet
1765 3383 1913 3453 prin-

336 3482 384 3537 ci
393 3491 592 3550 patum.

405 3579 458 3632 5.
502 3574 609 3631 Nec
635 3573 736 3628 hoc
768 3573 940 3627 solum
961 3612 978 3639 ,
1009 3571 1104 3626 sed
1135 3573 1296 3626 etiam
1321 3569 1554 3639 gladium
1581 3568 1910 3636 accipiemus

337 3669 588 3738 Spiritus,
620 3677 677 3720 ιιι
703 3666 755 3720 in
783 3675 1059 3735 posterum
1087 3677 1191 3717 non
1219 3663 1393 3717 solum
1417 3661 1516 3716 tuti
1543 3662 1711 3716 simus
1738 3677 1768 3714 a
1795 3662 1918 3716 telis

336 3775 455 3828 qua:
484 3759 786 3823 mittuntur,
815 3757 910 3811 sed
934 3771 996 3811 ea
1019 3756 1179 3810 etiam
1201 3756 1376 3823 ipsum
1411 3753 1603 3808 feriant
1619 3753 1913 3808 diabolum.

337 3850 530 3903 Anima
555 3847 700 3902 enim
727 3861 847 3915 qua:
867 3860 973 3900 non
996 3845 1284 3914 desperat,
1314 3858 1486 3912 neque
1515 3845 1618 3898 tela
1643 3844 1802 3912 ignita
1828 3859 1917 3897 ac-

336 3940 486 4008 cipit,
514 3953 636 3993 cum
678 3951 865 4004 magna
905 3935 1068 3990 animi
1116 3934 1391 3988 alacritate
1445 3932 1608 3986 stabit
1659 3932 1916 3986 adversus

337 4031 613 4086 inimicum
636 4069 652 4093 ,
684 4025 977 4098 perfringet
1007 4027 1108 4080 hoc
1135 4023 1314 4094 gladio
1342 4022 1459 4092 ejus
1484 4022 1755 4077 thoracem
1777 4063 1792 4087 ,
1823 4039 1917 4091 per

337 4137 496 4191 quem
521 4118 785 4188 confregit
811 4127 867 4173 et
888 4117 1005 4187 ejus
1033 4116 1260 4186 cogitata
1307 4114 1510 4184 redegit
1552 4114 1602 4168 in
1637 4115 1915 4183 captivita-

339 4223 446 4267 tem
477 4213 669 4267 Paulus
693 4252 709 4278 ,
742 4209 1136 4278 draconemque
1157 4205 1470 4262 conscindet
1493 4246 1506 4267 ,
1533 4217 1589 4259 et
1614 4206 1731 4273 ejus
1759 4216 1916 4275 caput

338 4300 665 4370 amputabit.
701 4298 856 4366 Quod
900 4308 976 4352 est
1013 4298 1225 4352 verbum
1263 4297 1376 4350 Dei.
1409 4300 1517 4350 Aut
1541 4295 1756 4365 jussum
1795 4296 1918 4366 ejus

338 4391 430 4445 hic
457 4391 590 4445 dicit
623 4392 872 4456 verbum,
900 4397 997 4444 aut
1025 4397 1382 4458 praeceptum,
1411 4389 1557 4457 quod
1591 4388 1821 4458 apostoli
1863 4390 1915 4443 in

336 4482 554 4537 nomine
582 4479 706 4535 Jcsu
737 4479 935 4535 Christi
975 4479 1170 4548 ubique
1201 4478 1459 4532 miracula
1487 4479 1708 4536 edentes
1736 4481 1914 4550 profe-

337 4572 548 4628 rebant.
578 4569 804 4624 Tantum
840 4584 938 4624 nos
966 4569 1018 4624 itt
1048 4568 1296 4623 omnibus
1321 4567 1668 4624 observemus
1687 4611 1702 4636 ,
1736 4578 1794 4625 ut
1822 4571 1913 4626 Dei

338 4671 605 4732 prmeepta
630 4660 990 4716 custodiamus
1017 4678 1031 4713 :
1064 4660 1111 4715 si
1136 4659 1282 4716 enim
1311 4659 1400 4715 illa
1423 4660 1699 4726 faciamus,
1731 4677 1826 4732 per
1851 4678 1913 4718 ea

338 4753 408 4808 de
434 4749 612 4806 medio
655 4750 903 4806 tollemus
930 4758 985 4804 ct
1028 4749 1337 4808 occidemus
1382 4751 1556 4820 ipsum
1584 4750 1871 4808 draconem
1897 4794 1912 4820 ,

341 4851 639 4914 tortuosum
679 4851 1008 4910 serpentem.
1055 4840 1152 4896 Hic
1195 4839 1321 4895 mihi
1353 4841 1474 4896 vide
1502 4841 1650 4896 Pauli
1677 4843 1912 4912 pruden-

343 4936 492 4989 tiam.
521 4933 655 5000 Quia
680 4930 824 4987 enim
859 4929 1014 4992 dixit,
1046 4929 1284 4985 Poteritis
1308 4930 1408 4986 tela
1431 4931 1621 4986 diaboli
1649 4935 1795 5005 ignea
1823 4951 1911 4989 ex-

340 5026 631 5096 stinguere;
659 5039 727 5078 ne
752 5023 895 5091 ipsos
925 5021 1149 5088 inflaret,
1178 5023 1411 5078 ostendit
1428 5039 1524 5079 eos
1546 5027 1775 5079 maxime
1799 5042 1913 5081 om-

341 5119 486 5172 nium
514 5118 579 5172 ad
612 5117 712 5172 huc
741 5117 852 5171 Deo
876 5129 1012 5184 opus
1035 5115 1252 5169 habere.
1279 5116 1415 5182 Quid
1440 5117 1582 5171 enim
1613 5119 1786 5174 dicit?
1811 5119 1913 5175 Per

339 5226 536 5263 omnem
561 5210 835 5262 orationem
856 5216 902 5261 et
925 5204 1336 5260 obsecrationem.
1371 5208 1446 5261 Ac
1467 5208 1510 5262 si
1531 5208 1752 5273 diceret,
1788 5211 1912 5268 lla‘c

339 5311 516 5366 erunt,
546 5310 600 5355 et
626 5309 790 5354 totum
819 5308 966 5356 recte
990 5297 1189 5370 geretis
1219 5306 1456 5352 orantes.
1491 5298 1786 5370 Numquam
1813 5320 1909 5356 au-

338 5400 445 5446 tem
475 5390 736 5448 accedens
763 5409 860 5463 pro
887 5404 937 5448 te
961 5392 1081 5450 solo
1109 5406 1256 5462 roga,
1287 5399 1342 5446 et
1369 5391 1446 5446 sic
1477 5391 1645 5448 Deum
1689 5393 1911 5452 habebis

339 5482 642 5554 propitium.
682 5481 779 5536 Per
806 5499 1025 5549 attinent,
1057 5483 1261 5555 inquit,
1294 5482 1572 5536 orationem
1597 5495 1645 5536 et
1671 5483 1909 5538 obsecra-

337 5587 517 5630 tionem
540 5584 741 5629 orantes
781 5576 833 5628 in
858 5577 990 5628 omni
1020 5586 1240 5645 tempore
1281 5576 1335 5630 in
1363 5577 1542 5645 spiritu
1565 5617 1579 5640 ,
1621 5587 1666 5630 et
1713 5578 1783 5630 ad
1817 5577 1910 5632 hoc

342 5667 509 5738 ipsum
536 5666 796 5737 vigilantes
823 5666 875 5719 in
903 5666 1039 5720 omni
1063 5667 1303 5720 instantia
1323 5709 1339 5731 ,
1367 5677 1413 5720 et
1442 5669 1779 5724 obsecratione
1815 5686 1908 5738 pro

337 5760 566 5815 omnibus
587 5757 792 5812 sanctis.
826 5753 903 5812 Ne
931 5754 1058 5810 mihi
1086 5754 1309 5811 definias
1339 5765 1577 5828 tempora
1606 5757 1708 5813 diei
1742 5777 1754 5812 :
1779 5758 1902 5815 audi

3511 339 3626 396 172*

2034 447 2174 501 enim
2202 447 2325 516 quid
2348 446 2508 507 dicat,
2535 447 2600 500 In
2623 451 2762 502 omni
2789 460 3010 517 tempore
3037 453 3253 508 at-cede.
3285 454 3412 509 Sine
3435 458 3603 513 inter—

2034 539 2322 601 missione,
2357 539 2566 608 inquit,
2598 549 2832 594 orantes.
2888 540 3003 596 Non
3047 525 3294 600 audivisti
3341 549 3611 618 quomodo

2034 629 2118 681 illa
2146 628 2302 681 vidua
2345 631 2614 697 superarit
2654 631 3010 685 assiduitate?
3043 649 3148 686 non
3177 635 3422 690 audivisti
3470 641 3607 691 ami-

2030 735 2151 772 cnm
2178 720 2322 772 illum
2353 720 2524 773 Inedia
2553 732 2710 775 nocte
2731 737 2823 775 sua
2855 725 3248 790 perseverantia
3276 727 3606 797 impetravis-

2030 810 2130 862 se?
2159 827 2262 863 non
2287 811 2533 866 audivisti
2560 813 2628 866 de
2656 814 3089 883 Syrophu'nissa,
3119 820 3388 886 QUOtltodo
3421 837 3581 891 pet-pe

2033 909 2118 952 tua
2167 915 2262 953 sua
2318 903 2748 970 interpellatione
2803 907 3082 962 Dominum
3140 913 3492 964 evocaverit?
3543 914 3603 968 lli

2028 1005 2217 1044 omnes
2249 990 2600 1061 impetrarunt
2625 1010 2720 1048 sua
2748 996 3081 1051 assiduitate.
3112 997 3328 1053 Orontes
3348 1040 3366 1065 ,
3397 1002 3566 1072 inquit
3585 1044 3600 1066 ,

2028 1081 2081 1133 in
2111 1081 2248 1133 omni
2276 1093 2502 1150 (erupere
2529 1085 2582 1136 in
2610 1086 2810 1151 spiritu.
2845 1085 2957 1140 Hoc
2981 1097 3081 1150 est,
3113 1105 3232 1157 qua:
3255 1105 3321 1144 ex
3347 1091 3454 1146 Deo
3479 1103 3603 1147 sunt

2027 1186 2346 1240 quaeramus,
2379 1173 2506 1227 nihil
2537 1175 2880 1240 mundanum,
2917 1179 3049 1232 nihil
3078 1180 3222 1248 quod
3253 1181 3317 1234 ad
3355 1180 3492 1237 hanc
3519 1185 3598 1237 vi-

2029 1273 2133 1317 tam
2165 1266 2448 1332 pertineat.
2481 1267 2598 1321 Non
2626 1267 2801 1322 solum
2827 1285 2978 1340 ergo,
3010 1271 3220 1340 inquit,
3263 1289 3399 1344 opus
3433 1285 3518 1330 est
3546 1286 3604 1332 ut

2025 1367 2238 1408 oremus
2267 1358 2386 1412 sine
2408 1357 2808 1414 intermissione
2832 1400 2846 1422 ,
2880 1362 2973 1414 sed
3005 1363 3167 1416 etiam
3192 1372 3250 1417 ut
3279 1366 3599 1434 vigilantes;

2027 1441 2094 1496 Et
2121 1445 2307 1499 adhoc
2335 1447 2502 1514 ipsum
2531 1487 2546 1512 ,
2596 1447 2787 1518 inquit,
2839 1449 3126 1520 vigilantes.
3157 1452 3283 1508 Sive
3331 1456 3415 1508 hic
3463 1456 3604 1511 dicat

2027 1539 2477 1604 pernoctationes,
2503 1541 2615 1596 sive
2637 1542 2794 1596 etiam
2815 1544 3004 1597 anima:
3025 1544 3387 1604 sobrietatem.
3409 1558 3604 1603 utrum-

1945 1637 1956 1644 ‘
2023 1640 2127 1694 que
2151 1627 2396 1684 admitto.
2428 1628 2586 1684 Vides
2607 1631 2874 1699 quomodo
2900 1633 3141 1702 vigilaret
3169 1635 3254 1689 illa
3281 1637 3599 1702 Cltanumea,
3651 1652 3667 1662 ‘

2023 1726 2078 1771 et
2107 1719 2330 1772 Domino
2367 1737 2471 1774 non
2513 1723 2872 1790 respondente
2893 1764 2907 1789 ,
2938 1724 3030 1778 sed
3068 1726 3228 1780 etiam
3267 1730 3561 1796 repellente
3582 1771 3600 1797 ,

2024 1821 2078 1864 et
2123 1827 2240 1865 eam
2285 1827 2472 1868 canem
2510 1815 2830 1882 appellante,
2863 1816 2948 1869 illa
2983 1816 3224 1883 diceret,
3257 1818 3446 1885 Etiam,
3497 1821 3603 1875 Do-

2023 1902 2156 1955 mine
2188 1918 2206 1956 :
2235 1920 2354 1956 nam
2393 1914 2440 1958 et
2485 1905 2658 1958 catelli
2704 1907 2969 1960 comedunt
3007 1925 3070 1961 ea:
3101 1910 3242 1963 micis
3267 1927 3382 1979 qua:
3416 1914 3602 1968 cadunt

2023 2013 2085 2050 ea:
2128 2014 2298 2052 mensa
2343 2002 2660 2054 dominorum
2707 2018 2916 2055 suorum
2964 2002 3176 2072 (Manli.
3222 2005 3306 2058 15.
3341 2005 3435 2076 20)
3461 2025 3475 2061 :
3505 2023 3601 2064 nec

2021 2091 2222 2146 destitit
2249 2101 2534 2161 antequam
2567 2104 2850 2164 assequnta
2884 2095 2982 2149 fuit
3011 2098 3366 2165 petitionem?
3397 2109 3452 2156 et
3478 2117 3604 2172 quo-

2021 2183 2182 2237 modo
2211 2184 2367 2239 vidua
2398 2185 2483 2238 illa
2515 2185 2804 2251 clamavit,
2853 2197 2904 2240 et
2953 2188 3153 2242 tamdiu
3202 2195 3600 2260 perseveravit,

2020 2277 2192 2333 donec
2223 2279 2423 2348 pudore
2455 2279 2695 2334 all'ecerit
2727 2282 3018 2350 principem
3046 2323 3061 2346 ,
3091 2285 3179 2353 qui
3228 2301 3401 2354 neque
3435 2288 3597 2342 Deum

2023 2371 2240 2425 timebat
2267 2411 2285 2434 ,
2328 2387 2499 2440 neque
2547 2372 2819 2426 hominem
2869 2373 3196 2428 verebatur?
3227 2385 3280 2428 et
3327 2380 3599 2446 quomodo

2021 2463 2224 2518 amicus
2251 2463 2570 2532 intempesm
2598 2475 2754 2518 nocte
2779 2467 3140 2533 perseveravit
3167 2507 3181 2530 ,
3210 2467 3383 2523 donec
3413 2471 3599 2526 effece-

2020 2558 2090 2612 rit
2116 2564 2173 2612 ut
2200 2557 2483 2628 vigilaret,
2513 2573 2607 2612 sua
2635 2558 2946 2614 assiduitate
2992 2559 3206 2615 incusso
3252 2562 3326 2616 illi
3357 2564 3600 2632 pudore?

2023 2648 2136 2703 Hoc
2163 2658 2243 2703 est
2273 2649 2514 2720 vigilare.
2550 2649 2640 2704 Vis
2681 2649 2890 2704 discere
2929 2650 3156 2720 vigiliam
3187 2654 3428 2707 animae?
3469 2657 3600 2711 vade

2020 2740 2085 2794 ad
2113 2741 2343 2803 Annam,
2369 2751 2423 2796 et
2446 2741 2570 2796 audi
2592 2742 2753 2796 verba
2777 2741 2895 2809 ejus
2919 2761 2930 2796 :
2958 2744 3178 2808 Adonei,
3206 2743 3321 2800 Elei
3373 2746 3598 2803 Sabaoth

2025 2831 2100 2899 (l.
2134 2830 2261 2901 Reg.
2292 2833 2344 2885 1.
2381 2832 2491 2901 il).
2525 2832 2636 2886 lmo
2667 2847 2796 2886 vero
2820 2833 2944 2887 audi
2985 2849 3103 2902 qmc
3154 2835 3242 2888 illa
3273 2838 3435 2892 verba
3465 2855 3596 2908 prie-

2021 2933 2317 2978 cesseruut.
2346 2923 2728 2986 Surrexerunt,
2760 2924 2949 2994 inquit,
2980 2941 3168 2981 omnes
3194 2943 3224 2981 a
3256 2945 3438 2984 mensa
3467 2951 3481 2986 :
3510 2933 3595 2987 illa

2023 3027 2150 3067 vero
2174 3029 2280 3067 non
2309 3011 2375 3066 ad
2400 3028 2646 3068 somnum
2670 3023 2754 3068 est
2781 3030 3040 3069 conversa
3067 3056 3082 3078 ,
3115 3033 3219 3070 non
3247 3018 3311 3071 ad
3338 3021 3592 3087 quietem.

2027 3102 2176 3159 Unde
2205 3103 2334 3158 mihi
2363 3102 2573 3158 videtur
2597 3103 2758 3158 etiam
2789 3105 2841 3158 in
2868 3120 3048 3158 mensa
3080 3106 3289 3163 sedisse
3314 3110 3465 3172 levis,
3499 3129 3598 3168 nec

2023 3196 2144 3251 ullis
2167 3196 2300 3251 cibis
2324 3206 2570 3266 gravata,
2599 3197 2799 3266 alioqui
2829 3213 2934 3252 non
2977 3207 3079 3252 tam
3122 3200 3319 3256 nmltas
3338 3203 3601 3259 emisisset

2024 3288 2304 3359 lacrymas.
2328 3287 2460 3342 Nam
2483 3287 2526 3341 si
2552 3302 2667 3351 nos,
2692 3302 2811 3342 cum
2836 3304 3017 3344 sumus
3035 3289 3222 3359 jejuni,
3248 3293 3334 3346 vix
3359 3309 3595 3363 oramus,

2025 3382 2132 3436 imo
2181 3394 2310 3435 vero
2351 3395 2418 3434 ne
2463 3380 2542 3434 sic
2585 3379 2802 3450 quidem
2853 3397 3104 3452 umquam
3147 3398 3406 3440 oramus:
3435 3389 3600 3443 multo

2024 3473 2193 3544 magis
2223 3473 2311 3527 illa
2349 3483 2469 3540 post
2498 3489 2739 3526 mensam
2785 3489 2888 3526 non
2929 3485 3162 3538 orasset,
3210 3477 3310 3531 nisi
3345 3478 3504 3532 etiam
3545 3481 3598 3534 in

2022 3577 2204 3619 mensa
2245 3564 2432 3619 fuisset
2461 3565 2652 3620 similis
2673 3565 3067 3634 jejunantibus.
3099 3567 3206 3622 Nos
3231 3569 3375 3623 viros
3400 3571 3600 3640 pudore

2022 3655 2293 3710 suffundat
2321 3656 2434 3711 haec
2456 3657 2684 3719 mulier;
2717 3673 2814 3712 nos
2839 3658 3036 3726 pudeat
3054 3660 3145 3728 qui
3168 3674 3263 3729 pro
3287 3677 3452 3732 regno
3473 3680 3599 3732 sup.

2023 3746 2282 3815 plicamus
2306 3757 2363 3802 et
2388 3749 2704 3814 oscitamus,
2737 3748 2877 3818 quod
2901 3763 2963 3803 ca
2992 3760 3110 3804 oret
3145 3765 3240 3819 pro
3266 3751 3374 3807 lilio
3400 3763 3455 3807 et
3484 3753 3602 3809 fun-

2023 3835 2115 3890 dat
2140 3839 2421 3908 l:tcrymas.
2453 3837 2518 3892 Et
2538 3839 2690 3903 stetit,
2722 3839 2910 3909 inquit,
2938 3856 3106 3893 coram
3131 3839 3371 3910 Domino,
3398 3853 3445 3899 et
3474 3846 3600 3914 quid

2023 3928 2194 3982 dicit?
2220 3928 2420 3981 Adonei
2451 3927 2686 3989 Domine,
2717 3927 2838 3982 Elei
2866 3929 3098 3983 sabaotlt.
3133 3931 3188 3986 Id
3215 3943 3297 3986 est
3324 3945 3522 4000 autem,
3553 3939 3597 3991 si

2025 4019 2413 4087 interpreteris,
2445 4020 2670 4074 Domine
2694 4020 2834 4074 Deus
2857 4021 3108 4075 virtutum
3129 4036 3223 4076 seu
3245 4027 3598 4082 exercituum.

2023 4109 2278 4179 Linguam
2328 4112 2728 4180 pra-currebant
2771 4111 3065 4184 lacrymte;
3113 4114 3197 4169 his
3245 4117 3495 4186 sperabat
3534 4135 3594 4175 se

2025 4202 2190 4256 Deum
2213 4216 2332 4256 esse
2355 4203 2632 4257 ﬂexuram.
2654 4202 2755 4258 Ubi
2775 4214 2897 4259 sunt
2919 4206 3184 4277 lacrymm,
3209 4210 3428 4265 omnino
3441 4212 3602 4266 etiam

2025 4292 2137 4346 illic
2165 4304 2247 4348 est
2270 4292 2490 4348 afflictio
2515 4311 2529 4348 :
2556 4295 2641 4348 ubi
2669 4305 2846 4350 autem
2875 4307 2957 4351 est
2985 4297 3224 4363 afﬂictio,
3256 4300 3366 4354 illic
3389 4316 3603 4371 quoque

2024 4394 2106 4438 est
2135 4385 2297 4439 multa
2327 4385 2664 4456 philosophia
2691 4397 2744 4442 et
2772 4390 3018 4444 attentio.
3057 4392 3118 4445 Si
3141 4393 3374 4458 audiens,
3405 4395 3598 4465 inquit,

2023 4481 2268 4534 exaudias
2292 4481 2571 4536 orationem
2594 4481 2796 4537 ancilla:
2825 4494 2942 4548 tute,
2969 4492 3019 4538 et
3047 4484 3245 4540 dederis
3271 4486 3396 4539 mihi
3414 4487 3600 4556 ﬁlium,

2023 4571 2154 4626 dabo
2182 4573 2352 4638 ipsum
2400 4571 2620 4628 Domino
2651 4583 2755 4628 toto
2799 4584 3046 4645 tempore.
3093 4575 3210 4631 Non
3237 4577 3405 4643 dixit,
3446 4579 3602 4633 Anno

2024 4679 2151 4725 uno,
2179 4673 2272 4718 aut
2299 4663 2506 4719 duobus
2532 4707 2546 4731 ,
2587 4663 2730 4720 sicut
2771 4681 2904 4731 nos;
2939 4681 3041 4722 nec
3069 4667 3240 4734 dixit,
3288 4667 3345 4724 Si
3388 4667 3602 4724 dederis

2023 4755 2154 4810 mihi
2183 4757 2352 4811 lilium
2375 4794 2392 4820 ,
2420 4755 2492 4812 do
2518 4757 2810 4826 pecunias;
2839 4757 2966 4818 sed,
2995 4757 3175 4829 Ipsum
3203 4759 3404 4815 donum
3433 4761 3602 4817 reddo

2023 4848 2310 4918 integrum,
2348 4848 2762 4918 primogenitum
2781 4890 2798 4912 ,
2827 4848 3088 4904 orationis
3115 4849 3305 4904 filium.
3338 4849 3465 4906 "(ec
3491 4850 3598 4906 filia

2021 4946 2139 4994 erat
2185 4938 2436 4994 Abrahae.
2490 4938 2584 4994 Ille
2626 4946 2806 4993 autem
2853 4949 3068 5008 rogatus
3099 4954 3222 4996 eum
3250 4939 3436 5006 dedit;
3484 4940 3598 5011 ipsa

2021 5045 2151 5085 vero
2169 5028 2318 5084 dedit
2332 5029 2494 5084 etiam
2516 5037 2638 5084 ante
2662 5029 2992 5098 petitionem.
3015 5030 3120 5085 Sed
3150 5032 3274 5085 hinc
3292 5032 3453 5087 etiam
3477 5031 3602 5087 vide

2023 5120 2141 5190 ejus
2163 5120 2434 5189 pietatem.
2472 5117 2580 5172 Vox
2601 5119 2734 5188 ejus,
2760 5118 2952 5186 inquit,
2976 5136 3078 5174 non
3100 5119 3438 5187 audiebatur;
3465 5123 3603 5176 labia

2021 5223 2189 5265 autem
2219 5211 2328 5280 ejus
2352 5210 2696 5263 movebantur.
2726 5209 2817 5264 Sic
2846 5209 3054 5264 accedit
3081 5210 3147 5264 ad
3176 5211 3341 5265 Deum
3369 5211 3459 5282 qui
3487 5213 3600 5268 vult

2025 5306 2311 5374 impetrare
2331 5343 2346 5362 ,
2376 5317 2480 5356 non
2511 5301 2690 5356 mollis
2715 5312 2770 5357 et
2811 5301 3034 5372 ignavus
3060 5343 3078 5370 ,
3107 5317 3282 5372 neque
3329 5306 3596 5368 oscitans,

2022 5409 2124 5450 nec
2147 5391 2470 5458 dissolutus,
2505 5407 2678 5463 neque
2719 5407 2780 5448 se
2805 5391 3002 5449 fricans
3028 5435 3043 5461 ,
3073 5409 3246 5466 neque
3289 5404 3507 5465 torpens
3535 5411 3598 5455 ac

2023 5483 2319 5555 negligens.
2372 5484 2566 5538 Annon
2617 5483 2758 5537 enim
2807 5492 3019 5552 pateret
3064 5483 3193 5539 dare
3248 5484 3392 5542 Deus
3435 5487 3595 5540 etiam

2021 5577 2224 5644 absque
2243 5573 2529 5629 oratione?
2556 5589 2623 5627 an
2655 5573 2930 5629 nesciebat
2951 5574 3110 5629 etiam
3137 5583 3264 5630 ante
3286 5576 3594 5645 petitionem

2018 5665 2261 5721 mulieris
2281 5663 2644 5720 desiderium?
2671 5662 2766 5719 sed
2794 5663 2838 5718 si
2863 5665 3098 5720 dedisset
3118 5675 3242 5720 ante
3262 5666 3594 5736 petitionem.

2022 5774 2126 5814 non
2159 5757 2492 5828 apparuisset
2524 5754 2762 5812 mulieris
2790 5755 2956 5813 animi
2977 5757 3248 5822 alacritas,
3278 5773 3384 5814 non
3413 5756 3600 5812 luisset
