4046 6210
412 241 506 294 171

396 358 509 419 τοῖς
535 355 720 417 πόνοις
740 355 838 424 τὴν
856 355 1044 407 ἐλπίδα
1069 355 1502 425 προϐαλλόμενος
1528 356 1622 409 καὶ
1650 355 1746 426 τὴν
1771 354 1971 418 πίστιν,

394 445 619 514 ἆτρωτα
630 444 812 499 ἐκεῖνα
825 442 979 511 διατη
988 444 1116 512 ρήσε
1126 461 1190 504 ις.
1219 441 1542 506 Πιστεῦσαι
1561 442 1657 494 δεῖ
1669 442 1774 495 τὸν
1788 456 1945 506 προσ
1955 469 1975 481 -

393 535 729 600 ερχὸμενιιν
757 530 837 594 τῷ
866 529 1010 595 Θεῷ,
1039 531 1127 584 ὅτι
1158 532 1312 594 ἐστι,
1356 532 1453 586 καί
1484 532 1607 595 τοῖς
1627 530 1979 598 ἐκζητοῦσιν

389 617 584 670 αὐτὸν
594 616 1052 686 μισθαποδότης
1071 619 1319 686 γίνεται.
1363 618 1423 670 Ἢ
1444 617 1619 681 πίστις
1641 617 1831 688 θυρεός
1861 618 1976 670 ἐστι

394 705 620 759 σκέπων
653 708 780 768 τοὺς
816 707 1163 776 ἀπεριέργως
1193 706 1546 769 πιστεύοντας
1565 721 1579 736 ⁸
1612 706 1708 757 ὲάν
1738 705 1795 757 δὲ
1824 704 1972 771 σοφίο

395 811 581 864 σματα
661 795 758 848 καὶ
793 795 1044 863 λογισμοὶ
1071 796 1168 847 καὶ
1207 788 1449 854 εύθῦναι,
1484 795 1584 846 οὐκ
1617 793 1697 845 ἔτι
1731 793 1849 844 ἐστὶ
1879 792 1972 844 θυ-

394 881 541 952 ρεὸς,
581 882 719 935 ἀλλά
753 880 1071 950 συμποδίζει
1098 882 1265 953 ἡμᾶς.
1288 882 1524 952 Τοιαύτη
1548 882 1687 934 έστω
1718 881 1749 949 ἡ
1775 880 1971 942 πίστις,

389 966 537 1019 ὥστε
570 967 976 1036 συγκαλύπτειν
997 969 1090 1021 καλ⁵
1109 969 1424 1033 συσκιάζειν
1446 968 1507 1020 τὸ
1528 970 1654 1021 πᾶν.
1685 969 1774 1036 Μὴ
1796 967 1974 1018 τοίνυν

389 1053 538 1107 ἔστω
585 1055 838 1125 βραχεῖα,
863 1055 1006 1108 ὥστε
1037 1057 1278 1126 γυμνοὺς
1309 1057 1436 1120 τοὺς
1483 1056 1671 1116 πόδας,
1700 1055 1733 1124 ἢ
1761 1054 1887 1109 ἄλλο
1921 1069 1973 1107 τι

390 1147 566 1218 μέρος
603 1147 722 1217 ὲᾷν,
751 1146 865 1200 ἀλλ’
889 1146 1029 1199 ἔστω
1051 1147 1366 1218 σύμμετρος
1393 1147 1421 1197 ό
1451 1147 1661 1216 θυρεός.
1697 1149 1972 1212 Ilurva-

380 1233 568 1304 μένα.
606 1233 801 1288 Πολλοὶ
827 1233 939 1304 γάρ
978 1235 1322 1306 διαλογισμοὶ
1353 1235 1451 1304 τὴν
1491 1233 1672 1304 ψυχὴν
1705 1234 1968 1296 καίοντες,

384 1321 595 1375 πολλαὶ
616 1322 864 1393 ἀπορίαι,
887 1321 1080 1376 πολλαὶ
1107 1323 1432 1394 ἀμηχανίαι,
1452 1323 1586 1375 ἀλλά
1610 1323 1785 1375 πάντα
1804 1321 1972 1382 ὅντως

383 1411 424 1480 ἠ
456 1410 648 1472 πίστις
676 1409 969 1463 ἀναπαύει.
1009 1409 1186 1462 Πολλά
1214 1410 1423 1480 ὲνίησιν
1449 1409 1478 1462 δ
1512 1409 1971 1476 διὰϐολος,έμπυ-

384 1498 566 1568 ρίζων
590 1498 750 1568 ἡμῶν
768 1495 868 1568 τὴν
891 1498 1092 1568 ψυχὴν,
1117 1497 1210 1550 καὶ
1235 1500 1317 1561 εἰς
1338 1497 1671 1569 ἀμφιϐολίαν
1696 1497 1866 1564 ἄγων,
1895 1495 1968 1558 ὡς

380 1589 522 1640 ὅταν
533 1585 734 1655 λέγωσί
749 1603 914 1650 τινες·
931 1582 1079 1657 *Αρα
1108 1586 1406 1649 ἀνάστασις
1428 1587 1606 1651 ἔστινς
1628 1582 1736 1656 ἆρα
1757 1585 1967 1656 κρίσις;

383 1671 506 1745 ἄρα
537 1673 925 1740 ἀνταπόδοσις;
972 1674 1110 1726 Ἀλλ’
1139 1673 1236 1728 ὲάν
1265 1673 1356 1727 τὸν
1387 1673 1580 1743 θυρεδν
1606 1675 1706 1742 τῆς
1732 1672 1969 1732 πίστεως

383 1761 560 1834 ἔχῃς,
604 1760 820 1823 σϐέσεις
861 1763 921 1814 ὲν
955 1761 1093 1832 αὐτῇ
1125 1761 1196 1813 τά
1231 1761 1358 1831 βέλη
1391 1759 1485 1812 τοῦ
1519 1759 1788 1812 διαϐόλου.
1833 1757 1963 1809 Ἐπ-

383 1849 560 1919 ῆλθεν
579 1849 781 1913 ἄτοπός
801 1866 888 1913 τις
919 1851 977 1902 ὲν
1006 1849 1089 1902 σοὶ
1118 1848 1403 1918 ἐπιθυμία,
1431 1846 1644 1919 ἀνήφθη
1675 1846 1786 1915 πῦρ
1820 1845 1969 1898 ἔνδον

387 1937 655 2008 πονηρῶν
681 1936 963 2007 λογισμῶν
988 1953 1002 2001 ;
1043 1934 1326 2007 Προϐαλοῦ
1355 1935 1456 2006 τὴν
1484 1934 1668 1986 πίστιν
1696 1933 1807 1985 τῶν
1836 1929 1966 2001 μελ-

383 2025 596 2078 λόντων
625 2024 869 2093 ἀγαθῶν,
911 2023 1004 2076 καὶ
1034 2023 1155 2076 οὐδὲ
1189 2025 1462 2091 φανεῖται,
1506 2019 1623 2074 ἀλλ’
1663 2019 1964 2073 ἀπολεῖται.

388 2112 601 2167 Πάντα
629 2115 702 2167 τὰ
740 2113 901 2180 ,βέλη
923 2129 938 2144 ο
977 2113 1038 2164 οῦ
1076 2111 1146 2165 τά
1175 2115 1273 2181 μὲν
1311 2113 1420 2176 ναὶ,
1449 2110 1517 2162 τὰ
1564 2109 1620 2162 δὲ
1649 2107 1730 2163 οὔ.
1770 2110 1968 2162 Ἀκουε

386 2200 488 2254 τοῦ
515 2199 734 2254 Παύλου
765 2200 1015 2269 λέγοντος
1039 2213 1050 2226 '
1079 2197 1390 2268 Λογίζομαι
1413 2199 1541 2266 γὰρ,
1581 2197 1668 2250 ὅτι
1690 2198 1799 2250 οὐκ
1830 2195 1971 2260 ἄξια

386 2290 466 2343 τὰ
485 2289 807 2359 παθήματα
823 2289 929 2344 τοῦ
944 2289 1061 2344 νῦν
1083 2288 1293 2357 καιροῦ
1314 2290 1464 2357 πρὸς
1485 2288 1600 2355 τὴν
1614 2286 1971 2358 μέλλουσαν

393 2376 591 2441 δόξαν
619 2377 1121 2447 ἀποκαλυφθῆναι
1144 2381 1230 2444 είς
1253 2377 1430 2446 ἡμᾶς.

473 2459 643 2532 Ὄρᾷς
675 2461 818 2514 πόσα
864 2460 992 2532 βέλη
1033 2461 1153 2514 τότε
1187 2460 1416 2513 ἔσϐεσαν
1459 2460 1507 2513 οἱ
1533 2457 1764 2523 δίκαιοι;
1805 2457 1875 2510 Ἦ
1907 2457 1968 2510 οὺ

387 2549 544 2602 δοκεί
586 2565 667 2602 σοι
697 2549 848 2619 βέλος
892 2545 1032 2601 εῐναι
1076 2547 1472 2619 πεπυρωμένον
1501 2546 1564 2600 τὸ
1593 2545 1844 2601 καίεσθαι
1878 2545 1969 2598 τὸν

389 2636 742 2708 πατριάρχην
761 2634 837 2705 τῷ
859 2634 1007 2688 ἔνδον
1027 2635 1162 2706 πυρὶ
1179 2636 1270 2689 τὸν
1293 2636 1409 2688 υίὺν
1433 2635 1837 2707 προσφέροντα;
1861 2634 1970 2688 Καὶ

391 2723 547 2777 ἄλλοι
573 2723 631 2776 δὲ
676 2723 874 2776 δίκαιοι
919 2723 1094 2776 πάντα
1133 2721 1297 2776 αὐτοῦ
1337 2721 1407 2775 τά
1447 2723 1575 2792 βέλη
1611 2722 1966 2776 κατέσϐεσαν.

399 2813 506 2864 Ἀν
529 2828 590 2864 τε
634 2808 727 2864 οὖν
766 2811 1016 2882 λογισμοὶ
1045 2810 1562 2881 ἐπιστρατεύωνται,
1603 2809 1807 2881 ταύτην
1836 2827 1970 2878 προ-

392 2899 712 2970 ϐαλιῖῳεθα,
737 2900 804 2953 ἀν
831 2917 891 2953 τε
925 2899 1214 2972 ἐπιθυμίαι
1241 2899 1455 2963 ἄτοποι,
1481 2899 1655 2970 ταύτῃ
1686 2898 1966 2969 χρώμεθα,

393 2988 461 3041 ἄν
492 3005 551 3040 τε
576 2987 728 3041 πόνοι
765 2989 860 3042 καὶ
893 2989 1289 3060 ταλαιπωρίαι,
1318 2988 1412 3040 ἐπὶ
1441 2986 1644 3057 ταύτην
1670 2985 1968 3040 ἀναπαυὼ-

398 3076 576 3145 μεθαο
607 3075 825 3129 πάντων
867 3075 977 3128 τῶν
1014 3075 1194 3128 ὃπλων
1237 3073 1374 3145 αὓτη
1413 3075 1529 3126 ἐστὶ
1568 3073 1964 3144 φυλακτήριονο

394 3163 463 3216 ἂν
492 3163 565 3234 μὴ
600 3163 805 3232 ταύτην
834 3161 1066 3233 ἔχωμεν,
1102 3162 1331 3215 κάκεῖνα
1365 3161 1574 3231 ταχέως
1604 3161 1966 3232 τρωθήσεται.

408 3251 532 3303 Ἐπί
559 3248 731 3314 πᾶσι,
751 3250 936 3319 φησὶν,
962 3249 1371 3314 ἀναλαϐόντες
1390 3249 1498 3301 τὸν
1512 3248 1726 3316 θυρεὸν
1746 3247 1856 3316 τῆς
1876 3249 1970 3300 πί-

399 3352 608 3402 στεως.
637 3336 703 3388 Τί
733 3338 902 3400 ἐστιν,
944 3337 1073 3390 Ἐπί
1096 3334 1246 3391 πᾶσι
1267 3351 1284 3398 ;
1304 3337 1412 3388 Καὶ
1435 3337 1492 3387 ὲν
1513 3338 1578 3406 τῇ
1603 3334 1844 3406 ἀληθείᾳ.
1875 3335 1967 3386 καὶ

398 3427 455 3476 έν
480 3427 543 3494 τῇ
561 3423 897 3495 δικαιοσύνῃ,
915 3424 1009 3476 καὶ
1027 3424 1084 3476 ὲν
1101 3426 1170 3494 τῇ
1188 3422 1474 3492 ἑτοιμασίᾳ
1497 3421 1590 3475 τοῦ
1612 3420 1964 3488 Εὑαγγελίου.
2006 3443 2008 3446 ν

398 3510 676 3576 Τουτέστι,
727 3509 933 3582 ταύτης
976 3510 1153 3562 πάντα
1195 3509 1368 3562 ταῦτα
1406 3508 1617 3580 χρῄζει.
1663 3508 1761 3560 Διά
1810 3505 1968 3559 τοῦτο

400 3600 666 3666 ἐπήγαγε·
691 3598 799 3652 Καί
821 3597 937 3665 τήν
950 3597 1420 3666 περικεφαλαίαν
1435 3595 1540 3648 τοῦ
1558 3595 1853 3662 σωτηρίου
1875 3594 1968 3646 δέ·

399 3684 615 3751 ξασθε,
647 3686 946 3750 τουτέστιν,
981 3687 1037 3738 έν
1071 3685 1338 3756 ἀσφαλείᾳ
1367 3684 1554 3736 λοιπὸν
1592 3682 1840 3751 γενέσθαι
1877 3681 1968 3735 διὰ

397 3773 599 3841 ταύτης
646 3772 971 3843 δυνήσεσθε,
1021 3774 1116 3825 καὶ
1166 3772 1340 3824 πάντα
1385 3769 1628 3824 κίνδυνον
1686 3771 1961 3837 ἐκφυγεῖν.

401 3858 667 3928 Καθάπερ
697 3859 805 3930 γὰρ
833 3860 866 3928 ἡ
898 3857 1294 3928 περικεφαλαία
1315 3856 1580 3910 πάντοθεν
1605 3857 1846 3926 ἀκριϐῶς
1872 3875 1964 3910 και

398 3948 672 4000 λύπτουσα
703 3947 800 4018 τὴν
831 3947 1088 4017 κεφαλὴν,
1122 3948 1221 3999 οὐκ
1257 3945 1446 4015 ἀφίησί
1475 3964 1528 4000 τι
1554 3945 1724 3999 δεινὸν
1752 3946 1963 4010 παθεῖν,

392 4035 528 4088 ἀλλὰ
561 4035 756 4099 σώζει’
789 4034 930 4088 οὕτω
954 4037 1045 4088 καὶ
1074 4037 1107 4106 ἡ
1143 4035 1324 4096 πίστις
1357 4034 1480 4087 ἀντὶ
1512 4033 1706 4104 θυρεοῦ
1737 4033 1962 4102 γίνεται,

397 4125 488 4176 καὶ
514 4124 640 4177 ἀντὶ
663 4121 1092 4193 περικεφαλαίας
1121 4123 1411 4194 σωτηρίου.
1445 4122 1540 4174 Ἂν
1569 4121 1849 4191 σϐέσωμεν
1871 4122 1966 4174 αύ-

393 4211 492 4263 τοῦ
527 4212 596 4264 τά
649 4211 798 4281 βέλη,
833 4207 1040 4281 ταχέως
1072 4212 1166 4264 καὶ
1195 4211 1321 4274 τοὺς
1361 4208 1631 4274 σώζοντας
1671 4208 1964 4278 λογισμοὺς

394 4296 664 4367 δεξόμεθα
679 4298 806 4360 τοὺς
829 4295 890 4350 τὸ
914 4297 1238 4370 ἡγεμονικὸν
1260 4297 1414 4367 ἡμῶν
1441 4295 1758 4359 ούκὲῶντάς
1785 4314 1837 4350 τι
1862 4313 1966 4350 πα-

397 4383 529 4437 θεῖν.
571 4383 698 4437 Ἐὰν
721 4384 830 4456 γὰρ
853 4377 997 4438 οὗτοι
1023 4383 1382 4438 σϐεννύωνται
1402 4385 1452 4435 οἱ
1476 4383 1726 4452 λογισμοὶ
1748 4384 1796 4436 οἱ
1813 4384 1965 4436 ὲναν-

395 4471 521 4536 τίοι,
535 4471 748 4541 ταχέως
772 4473 822 4526 οί
857 4472 931 4543 μὴ
958 4471 1210 4536 τοιοῦτοι,
1239 4469 1375 4525 ἀλλά
1406 4468 1668 4533 σώζοντες
1697 4471 1844 4538 ἡμᾶς
1871 4471 1966 4523 καὶ

395 4557 678 4623 εὐέλπιδας
713 4557 1086 4624 ποιοῦντες,έν
1108 4561 1240 4630 ἡμῖν
1267 4557 1640 4630 τεχθὴσονται,
1674 4558 1767 4610 καὶ
1797 4557 1966 4612 καθά-

396 4661 501 4716 περ
534 4645 936 4716 περικεφαλαία
982 4649 1046 4718 τῇ
1087 4646 1317 4718 κεφαλῇ,
1347 4645 1426 4716 τῷ
1457 4644 1768 4717 ἡγεμονικῷ
1808 4644 1965 4716 ἡμῶν

395 4734 753 4801 ἐγκείσονται.

467 4827 537 4887 γ’.
560 4819 716 4893 [185]
736 4822 843 4874 Καὶ
860 4820 919 4874 ού
936 4819 1094 4874 τοῦτο
1119 4821 1299 4892 μόνον,
1317 4819 1451 4874 ἀλλά
1467 4821 1560 4876 καὶ
1573 4821 1670 4893 τὴν
1690 4824 1964 4896 μάχαιραν

397 4907 659 4979 δεξόμεθα
686 4909 782 4962 τοῦ
816 4908 1148 4979 Πνεύματος,
1181 4907 1321 4962 ὥστε
1355 4907 1554 4980 μηκέτι
1574 4910 1964 4979 ἀσφαλίζεσθαι.

403 4995 556 5063 μόνον
576 5005 596 5027 ⁸
631 4995 701 5050 τά
733 4997 1076 5067 πεμπόμενα,
1109 4995 1246 5054 ἀλλά
1284 4997 1377 5054 καὶ
1409 4997 1574 5050 αὐτὸν
1591 4997 1844 5068 πλήττειν
1874 5000 1964 5053 τὸν

399 5079 659 5138 διάϐολον.
700 5083 862 5156 Ψυχὴ
916 5086 1022 5156 γὰρ
1077 5086 1152 5156 μὴ
1191 5083 1503 5153 ἀπογνοῦσα
1551 5085 1770 5156 ἑαυτῆς,
1832 5088 1964 5158 μηδὲ

400 5167 654 5242 δεχομένη
704 5171 774 5225 τὰ
828 5173 1203 5244 πεπυρωμένα
1241 5172 1392 5243 βέλη,
1446 5172 1582 5242 μετὰ
1635 5173 1832 5242 πολλῆς
1867 5178 1964 5244 τῆς

401 5257 704 5328 προθυμίας
727 5259 982 5330 στήσεται
1007 5260 1148 5314 κατά
1171 5260 1264 5312 τοῦ
1285 5260 1535 5330 Ἐχθροῦ,
1554 5261 1843 5331 ἀναῤῥὴξει
1868 5264 1966 5316 αῦ-

402 5346 487 5398 τοῦ
512 5346 606 5399 τὸν
636 5345 862 5417 θώρακα
903 5350 969 5417 τῇ
1004 5347 1243 5419 μαχαίρᾳ
1277 5345 1470 5419 ταύτῃ,
1510 5347 1577 5400 δι’
1604 5344 1671 5419 ἧς
1703 5349 1966 5420 ἀνέρρηξε

402 5434 489 5486 καὶ
519 5434 592 5487 τὰ
621 5435 870 5505 νοήματα
912 5433 1078 5489 αὑτοῦ
1106 5433 1498 5506 ῂχμαλώτευσε
1536 5435 1746 5499 Παῦλος
1766 5453 1777 5464 ·
1829 5438 1965 5490 ἀπο-

401 5527 550 5594 τεμεῖ
585 5526 677 5577 καὶ
711 5527 1082 5596 καρατομὴσει
1114 5526 1206 5578 τδν
1229 5526 1514 5598 δράκοντα.
1543 5525 1616 5578 '0
1643 5525 1774 5581 ἐστι
1801 5525 1968 5596 ῥῆμα

401 5693 403 5696 ‹
460 5667 486 5696 ⁸
507 5666 846 5730 Supplcndum
868 5670 936 5726 είς
955 5668 1034 5718 vel
1056 5668 1186 5731 πρὸς.

1296 240 1360 294 IN
1400 239 1738 298 81³15⁷1⁸.Αο
1781 239 2019 296 EPHES.
2063 240 2214 295 CAP.
2252 238 2336 294 γι.
2371 241 2600 295 IIUMIL.
2643 241 2832 296 XXIV.

3550 251 3651 306 17?.

2087 353 2252 407 Θεοῦ.
2301 353 2482 424 Ῥἧμα
2529 353 2665 408 Θεοῦ
2715 357 2832 427 ἡτοι
2881 356 2941 409 τὸ
2989 358 3316 430 πρόσταγμά
3363 378 3526 430 φησιν
3570 365 3653 416 έν-

2080 439 2272 505 ταῦθα,
2313 442 2344 510 ἢ
2378 443 2438 494 τὸ
2466 441 2744 513 κέλευσμα
2767 460 2780 474 ·
2811 444 2948 515 ὅπερ
2982 446 3076 498 καὶ
3114 447 3164 498 οί
3197 447 3482 502 ἀπόστολοι
3516 451 3684 509 θαυ·.

2081 528 2513 598 ματουργοῦντες
2543 530 2820 602 πανταχοῦ
2850 534 2908 585 ὲν
2935 531 3013 603 τῷ
3041 533 3266 604 ὀνόματι
3307 537 3484 606 Ἰησοῦ
3511 541 3646 609 Χρι-

2079 615 2204 668 στοῦ
2235 614 2441 684 ελεγον.
2477 617 2655 671 Μόνον
2683 620 2777 672 καὶ
2815 621 2974 690 ἡμεῖς
3008 623 3066 674 ἐν
3099 624 3231 676 πᾶσι
3271 624 3339 676 τὰ
3377 627 3649 695 προστάγ-

2080 720 2226 772 ματα
2255 704 2349 756 τοῦ
2385 704 2520 758 Θεοῦ
2544 705 2892 778 διατηρῶμεν
2913 726 2926 739 ·
2959 709 3054 762 ἐὰν
3082 711 3189 781 γὰρ
3218 711 3460 784 ποιῶμεν
3487 713 3649 780 αὐτὰ,

2075 792 2162 845 διὰ
2189 793 2397 846 τούτων
2440 795 2604 849 αὑτὸν
2634 795 2930 866 ἀνελοῦμεν
2956 799 3051 851 καὶ
3079 800 3374 870 κτενοῦμεν
3399 802 3490 855 τὸν
3522 803 3650 874 δράο

2076 897 2269 946 κοντα,
2292 881 2382 934 τὸν
2414 881 2536 950 δφιν
2564 883 2656 936 τὸν
2681 883 2914 941 σκολιόν.
2947 888 3054 939 Καὶ
3087 887 3278 942 σκόπει
3311 906 3400 958 μοι
3437 889 3652 944 σύνεσιν

2074 967 2308 1021 ἐνταῦθα
2333 967 2426 1021 τοῦ
2465 970 2700 1025 Παύλου.
2750 972 2968 1043 Ἐπειδὴ
3001 975 3109 1044 γὰρ
3127 972 3270 1041 εἶπε,
3301 977 3650 1044 Δυνήσεσθε

2075 1054 2144 1108 τὰ
2159 1057 2317 1122 ,ϐέλη
2342 1055 2448 1110 τοῦ
2468 1056 2753 1113 διαϐόλου
2780 1059 2852 1112 τὰ
2881 1063 3274 1131 πεπυρωμένα
3299 1063 3534 1126 σϐέσαι,
3564 1067 3650 1118 ἴνα

2075 1143 2150 1213 μὴ
2189 1144 2386 1207 αὐτοὺς
2432 1147 2672 1216 φυσὴσῃ,
2703 1145 2941 1200 δείκνυσι
2987 1149 3222 1218 μάλιστα
3268 1150 3485 1204 πάντων
3515 1152 3650 1221 πρὸς

2072 1229 2229 1284 τοῦτο
2261 1231 2354 1284 τοῦ
2389 1231 2526 1284 Θεοῦ
2552 1232 2860 1302 δεομένους.
2892 1235 2957 1287 Τί
2985 1235 3094 1304 γάρ
3121 1253 3252 1305 φησι
3279 1254 3294 1301 ;
3323 1237 3425 1290 Διὰ
3446 1238 3650 1305 πόσης

2071 1317 2420 1388 προσευχῆς
2443 1320 2541 1374 καί
2571 1319 2854 1388 δεήσεως.
2881 1322 3027 1374 Ὠσεὶ
3057 1323 3231 1391 ἔλεγε⁹
3262 1325 3305 1376 Τ
3306 1323 3446 1378 αῦτα
3477 1325 3648 1390 ἔσται,

2072 1407 2166 1460 καὶ
2186 1407 2562 1477 κατορθώσετε
2593 1408 2654 1463 τὸ
2675 1411 2783 1462 πᾶν
2809 1411 3239 1481 προσευχόμενοι
3260 1428 3273 1440 ⁸
3305 1412 3574 1482 μηδέποτε
3592 1414 3649 1466 δὲ

2073 1492 2333 1560 προσιὼν,
2379 1495 2525 1564 ὑπὲρ
2559 1496 2758 1550 σαυτοῦ
2808 1497 2970 1567 μόνου
3019 1497 3196 1562 ἀξίου,
3230 1499 3327 1553 καὶ
3369 1498 3513 1553 οὕτω
3557 1502 3649 1553 τὸν

2071 1582 2202 1634 Θεὸν
2231 1583 2387 1635 ἵλεων
2412 1582 2578 1646 ἔξεις.
2607 1583 2711 1637 Διά
2729 1584 2952 1651 πάσης,
2985 1588 3142 1655 φησὶ,
3169 1587 3521 1656 προσευχῆς
3548 1590 3647 1642 καί

2071 1667 2334 1734 δεήσεως
2357 1671 2827 1740 προσευχόμενοι
2853 1673 2922 1725 ἐν
2941 1674 3120 1725 παντί
3145 1673 3346 1742 καιρῷ,
3381 1675 3452 1727 ἐν
3469 1676 3650 1730 πνεύ-

2067 1773 2225 1825 ματι,
2265 1757 2365 1810 καί
2390 1760 2478 1823 είς
2515 1757 2662 1812 αὐτὸ
2691 1759 2865 1813 τοῦτο
2901 1760 3352 1827 ἀγρυπνοῦντες
3391 1763 3462 1814 ἐν
3489 1763 3646 1830 πάσῃ

2071 1843 2606 1912 προσκαρτερήσει,
2649 1845 2746 1898 καί
2795 1845 2999 1913 δεήσει
3046 1847 3179 1914 περὶ
3235 1847 3478 1900 πάντων
3530 1849 3648 1901 τῶν

2072 1932 2277 2001 ἁγίων.
2311 1933 2400 2002 Μή
2429 1951 2516 2002 μοι
2537 1936 2762 2006 καιροὺς
2783 1934 2930 2003 ὄριζε
2957 1934 3055 2004 τῆς
3079 1935 3291 2005 ἡμέρας
3311 1950 3322 1963 ·
3347 1936 3509 1988 ἄκουε
3539 1936 3646 2007 γάρ

2070 2021 2122 2072 τί
2151 2037 2346 2090 φησιν·
2393 2023 2495 2074 Ἐν
2523 2023 2699 2074 παντὶ
2733 2020 2916 2089 καιρῷ
2948 2022 3189 2093 πρόσιθι.
3241 2023 3643 2088 Ἀδιαλείπτως,

2071 2109 2225 2178 φησὶ,
2257 2109 2709 2179 προσευχόμενοι.
2755 2109 2869 2162 Οὐκ
2899 2109 3138 2180 ἡκουσας
3170 2111 3270 2180 τῆς
3293 2112 3468 2180 χήρας
3501 2112 3646 2163 ὲκεί-

2070 2212 2189 2265 νης,
2223 2194 2340 2260 πῶς
2380 2199 2446 2268 τῇ
2486 2197 2810 2268 προσεδρείᾳ
2856 2197 3232 2266 περιεγένετο;
3276 2200 3375 2251 οὐκ
3409 2200 3642 2268 ἤκουσας

2069 2281 2164 2335 τοῦ
2195 2282 2350 2351 φίλου
2383 2283 2592 2337 ἐκείνου
2629 2284 2723 2337 τοῦ
2753 2285 2933 2354 μέσων
2955 2285 3165 2338 νυκτῶν
3195 2288 3256 2356 τῇ
3278 2287 3492 2356 εὐτονίᾳ
3521 2286 3645 2339 δυσο

2069 2371 2423 2442 ωπὴσαντοςς
2455 2372 2556 2424 οῦκ
2597 2373 2839 2443 ἡκουσας
2874 2375 3002 2442 περὶ
3049 2373 3150 2442 τῆς
3196 2374 3642 2445 Συροφοινίσσης.

2072 2457 2189 2522 πῶς
2211 2460 2279 2530 τῇ
2315 2459 2567 2530 συνεχείᾳ
2593 2459 2692 2528 τῆς
2722 2460 3012 2524 ἐντεύξεως
3037 2461 3128 2513 τὸν
3155 2462 3432 2532 Δεσπότην
3456 2462 3645 2527 ὲξεκα·

2069 2544 2292 2608 λέσατο;
2323 2539 2482 2600 Οὗτοι
2515 2547 2713 2610 πάντες
2743 2551 2809 2618 τῇ
2837 2548 3163 2618 προσεδρείᾳ
3191 2549 3414 2619 ἡνυσαν.
3452 2554 3643 2618 Προσ-

2069 2633 2404 2702 ευχόμενοι,
2441 2633 2626 2704 φησιν,
2653 2634 2723 2686 ἐν
2743 2635 2923 2686 παντὶ
2966 2634 3151 2702 καιρῷ
3203 2635 3274 2688 ὲν
3326 2639 3636 2705 πνεύματι.

2069 2720 2351 2784 Τουτέστι,
2373 2720 2455 2773 Τὰ
2495 2719 2638 2773 κατά
2671 2719 2803 2772 Θεὸν
2841 2719 3115 2790 ζητῶμεν,
3149 2721 3318 2792 μηδὲν
3353 2725 3639 2794 κοσμικδν,

2072 2807 2238 2878 μηδὲν
2264 2806 2530 2878 βιωτικόν.
2564 2807 2638 2860 Οὐ
2677 2806 2855 2860 τοίνυν
2887 2805 2981 2859 τοῦ
3023 2805 3381 2873 ἀδιαλείπτως
3413 2811 3646 2878 προσεύ⁴

2069 2896 2262 2965 χεσθαι
2309 2895 2467 2968 χρεία
2515 2896 2710 2966 μόνον,
2744 2895 2882 2949 ἀλλὰ
2930 2896 3023 2949 καὶ
3060 2896 3468 2964 ἀγρυπνοῦντας
3493 2915 3507 2930 ·
3537 2901 3645 2954 Καί

2067 2987 2154 3052 είς
2191 2983 2339 3039 αὐτὸ
2360 3025 2375 3048 ,
2412 2985 2610 3054 φησὶν,
2643 2983 3113 3054 ἀγρυπνοῦντες.
3152 2985 3274 3037 Εττε
3317 2986 3644 3056 παννυχίδας

2069 3071 2302 3126 ἐνταῦθα
2330 3071 2500 3136 λέγει,
2530 3072 2640 3125 εἴτε
2670 3073 2768 3142 τὴν
2801 3070 2962 3141 νῆψιν
2993 3071 3094 3141 τῆς
3125 3071 3325 3143 ψυχῆς,
3360 3073 3644 3145 ἀμφότερα

2067 3159 2314 3232 δέχομαι.
2369 3159 2532 3230 Ὁρᾷς
2574 3158 2694 3222 πῶς
2723 3158 2993 3230 ἡγρύπνει
3022 3159 3205 3230 ἐκείνη
3252 3162 3284 3231 ἡ
3336 3162 3642 3228 Χαναναία,

2068 3248 2149 3301 δτι
2175 3244 2376 3300 καὶτοῦ
2405 3244 2612 3316 Κυρίου
2643 3245 2718 3316 μὴ
2734 3246 3189 3318 ἀποκρινομένου,
3218 3247 3354 3303 ἀλλά
3384 3249 3481 3303 καὶ
3510 3250 3644 3304 ἀπο-

2072 3334 2350 3404 σειομένου
2370 3371 2387 3394 ,
2431 3333 2526 3386 καὶ
2567 3332 2822 3403 κυνάριον
2865 3333 3036 3404 αὐτὴν
3067 3333 3395 3400 καλέσαντος
3414 3375 3430 3400 ,
3459 3339 3641 3408 ἐκείνη

2069 3421 2242 3488 ἔλεγε,
2273 3420 2404 3483 Ναὶ,
2435 3422 2630 3487 Κύριε,
2658 3419 2758 3472 καί
2786 3419 2858 3472 τὰ
2887 3419 3143 3489 κυνάρια
3173 3421 3361 3476 ἐσθίει
3380 3423 3501 3478 ἀπὸ
3524 3425 3643 3477 τῶν

2068 3508 2288 3576 ψιχίων
2311 3504 2429 3558 τῶν
2446 3507 2785 3560 πιπτόντων
2802 3506 2921 3561 ἀπὸ
2943 3505 3051 3574 τῆς
3073 3510 3368 3577 τραπέζης
3386 3509 3507 3564 τῶν
3533 3529 3641 3564 κυ-

2059 3595 2212 3661 ρίων
2257 3590 2486 3646 αὐτῶν·
2534 3594 2627 3646 καὶ
2659 3592 2759 3646 οὐκ
2803 3594 3096 3663 ἀφίστατο,
3139 3596 3244 3659 ἕως
3275 3597 3505 3668 ἐπέτυχε
3531 3585 3641 3669 ⁴’τῆς

2067 3680 2367 3749 αἱτὴσεως;
2399 3678 2516 3742 πῶς
2553 3679 2610 3732 δὲ
2639 3681 2671 3750 ἡ
2706 3681 2851 3750 χήρα
2881 3680 3062 3752 ἐκείνη
3097 3681 3318 3754 ἔκραξε,
3351 3673 3444 3739 καὶ
3477 3685 3640 3757 μέχρι

2066 3765 2318 3819 τοσούτου
2345 3766 2652 3836 ἐπέμεινεν,
2677 3766 2782 3832 ἕως
2809 3769 2932 3821 ὅτου
2961 3769 3052 3822 τὸν
3086 3770 3352 3841 ἄρχοντα,
3382 3772 3475 3826 τὸν
3501 3777 3638 3845 μήτε

2066 3849 2156 3903 τὸν
2196 3849 2330 3902 Θεὸν
2383 3847 2756 3918 φοϐούμενον,
2806 3853 2945 3922 μήτε
2983 3852 3268 3924 ἄνθρωπον
3322 3856 3641 3928 αἰδούμενον

2067 3935 2304 4009 ἡδυνὴθη
2339 3937 2687 4009 δυσωπῆσαι;
2719 3938 2836 4004 πῶς
2867 3940 2926 3994 δὲ
2961 3940 2990 3992 δ
3023 3941 3177 4008 φίλος
3207 3945 3474 4014 ἐπέμενεν
3502 3946 3642 4019 ἀωρὶ

2066 4025 2173 4078 τῶν
2204 4025 2413 4079 νυκτῶν
2451 4027 2808 4098 παραμένων,
2838 4029 2942 4092 ἓως
2976 4029 3100 4084 ὂτου
3149 4033 3444 4104 ἐγερθῆναι
3495 4052 3641 4104 παρ-

2073 4113 2339 4169 εσκεύασε
2360 4156 2374 4180 ,
2397 4116 2723 4187 δυσωπήσας
2749 4119 2956 4172 ἐκεῖνον
2989 4121 3052 4190 τῇ
3083 4124 3439 4194 προσεδρείᾳ;
3474 4125 3641 4178 Τοῦτό

2067 4206 2215 4258 ἔστιν
2257 4205 2576 4274 ἀγρυπνεῖν.
2627 4204 2812 4258 Βούλει
2857 4204 3050 4275 μαθεῖν
3077 4209 3387 4280 ἀγρυπνίαν
3423 4212 3636 4283 ψυῂςς

2066 4291 2221 4346 ἄπιθι
2248 4293 2383 4362 πρὸς
2403 4293 2502 4362 τὴν
2530 4294 2750 4356 Ἀνναν,
2782 4293 3011 4347 ἄκουσον
3033 4297 3212 4349 αὐτῶν
3239 4299 3347 4352 τῶν
3373 4301 3638 4370 ῥημάτων

2065 4374 2234 4443 αὐτῆς
2257 4391 2269 4405 ο
2314 4375 2583 4457 Ἀδωνατ,
2633 4377 2800 4430 Ἑλωτ
2816 4377 3078 4433 Σαϐαὼθ.
3106 4381 3317 4434 Μᾶλλον
3349 4383 3407 4436 δὲ
3432 4384 3504 4436 τά
3535 4386 3640 4457 πρὸ

2064 4457 2172 4511 τῶν
2212 4455 2473 4529 ῥημάτων
2509 4461 2759 4514 ἄκουσον.
2819 4462 3184 4533 Ἀνέστησαν,
3227 4468 3382 4536 φησὶ,
3433 4455 3635 4536 πάντες

2066 4544 2174 4600 ἀπὺ
2201 4545 2301 4614 τῆς
2324 4545 2626 4617 τραπέζης,
2657 4548 2752 4600 καὶ
2782 4548 2963 4620 ἐκείνη
2993 4549 3194 4614 εὐθέως
3225 4551 3376 4626 [184]
3409 4555 3469 4608 ού
3502 4558 3639 4628 πρὸς

2065 4633 2233 4688 ὕπνον
2257 4635 2532 4705 ἐτρέπετο,
2561 4635 2622 4688 οῦ
2650 4636 2789 4706 πρὸς
2818 4635 3144 4693 ἀνάπαυσιν.
3173 4641 3337 4695 Ὅθεν
3375 4660 3464 4713 μοι
3491 4644 3641 4697 δοκεῖ

2065 4718 2158 4770 καὶ
2203 4718 2296 4770 ἐπὶ
2340 4719 2437 4788 τῆς
2475 4719 2751 4790 τραπέζης
2785 4719 3092 4794 καθημένη,
3127 4723 3305 4795 κούφη
3352 4744 3436 4790 τις
3475 4725 3634 4792 εἶναι,

2065 4803 2157 4856 καὶ
2195 4804 2270 4874 μὴ
2299 4804 2632 4874 βεϐαρῆσθαι
2667 4806 2854 4869 σιτίοις
2876 4810 3021 4862 τισίν
3039 4829 3054 4842 -
3084 4811 3146 4865 ού
3176 4811 3283 4885 γάρ
3313 4814 3380 4867 ἂν
3399 4812 3636 4868 τοσαῦτα

2065 4885 2214 4954 ἡφίει
2243 4886 2474 4958 δάκρυα.
2506 4887 2568 4940 Εἰ
2604 4888 2713 4960 γὰρ
2758 4891 2920 4961 ἡμεῖς
2953 4895 3173 4966 νήστεις
3209 4896 3364 4960 ὄντες
3395 4899 3486 4950 καὶ
3515 4897 3635 4950 ἆσιο

2064 4990 2168 5041 τοι,
2199 4975 2351 5046 μόλις
2384 4975 2558 5041 οὕτως
2603 4979 2894 5051 εὐχόμεθα,
2937 4984 3137 5053 μᾶλλον
3172 4986 3228 5040 δὲ
3253 4985 3507 5039 οὐδέποτε
3543 4985 3634 5039 οῦ-

2065 5075 2172 5121 τως
2201 5058 2494 5129 εὐχόμεθα,
2517 5056 2698 5133 πολλῷ
2732 5063 2934 5133 μᾶλλον
2963 5067 3144 5138 ἐκείνη
3179 5067 3319 5138 μετά
3355 5068 3633 5139 τράπεζαν

2065 5144 2164 5198 οὐκ
2187 5144 2253 5197 ἂν
2283 5145 2454 5210 οὕτως
2478 5145 2714 5216 ηὔξατο,
2743 5152 2794 5203 εί
2833 5151 2906 5224 μὴ
2937 5154 3031 5208 καὶ
3063 5157 3122 5209 έν
3145 5156 3211 5226 τῇ
3247 5156 3496 5230 τραπέζῃ
3524 5159 3637 5220 τοὶς

2067 5233 2275 5296 ἅσίτοις
2304 5233 2490 5305 ἐῴκει.
2522 5237 2909 5310 Λίσχυνθῶμεν
2937 5243 2986 5295 οί
3024 5241 3214 5313 ἄνδρες
3249 5242 3350 5314 τὴν
3380 5247 3630 5313 γυναῖκα.

2067 5319 2444 5392 αἰσχυνθῶμεν
2495 5326 2545 5377 οί
2597 5325 2738 5397 ὑπὲρ
2805 5325 3082 5395 βασιλείας
3143 5331 3478 5396 ἱκετεύοντες
3540 5334 3634 5388 καὶ

2067 5406 2416 5478 χασμὼμενοι
2435 5412 2536 5480 τὴν
2556 5413 2695 5482 ὑπὲρ
2721 5413 2928 5466 παιδίου
2953 5414 3215 5487 δεομένην
3248 5418 3343 5472 καὶ
3367 5418 3636 5490 δακρύου-
3653 5462 3664 5472 .

2070 5510 2188 5547 σαν.
2221 5496 2327 5549 Καί
2361 5496 2640 5564 κατέστη,
2673 5499 2856 5568 φησὶν,
2891 5499 3150 5555 ἐνώπιον
3181 5505 3425 5572 Κυρίου,
3463 5509 3561 5562 καὶ
3587 5508 3636 5561 τί

2070 5597 2266 5649 φησιν;
2326 5583 2572 5639 Ἀδωναῖ
2605 5586 2780 5654 Κύριε
2802 5626 2816 5648 ,
2858 5588 3026 5642 Ὲλωτ
3070 5591 3332 5647 Σαϐαὼθ.
3375 5592 3545 5646 Τοῦτο
3580 5593 3640 5647 δὲ

2071 5664 2505 5738 ἑρμηνευόμενόν
2551 5667 2698 5732 ἐστι,
2741 5669 2910 5744 Κύριε
2949 5674 2978 5726 ὁ
3023 5673 3156 5738 Θεὸς
3189 5674 3296 5729 τῶν
3334 5675 3635 5743 δυνάμεων.
