4042 6212
329 331 429 384 1Ἳό

316 440 598 496 manifesta
625 440 741 510 ejus
769 443 934 495 virtus
981 482 994 503 ,
1025 456 1127 495 non
1158 450 1354 495 tantam
1388 445 1712 510 aequisiisset
1745 458 1882 495 ιιιριιο

313 537 501 592 cedem
565 535 924 604 Quamobrem
970 537 1152 590 dilatio
1195 552 1299 591 non
1335 549 1449 591 crat
1494 539 1701 592 invidia!
1732 581 1746 604 ,
1789 538 1882 591 sed

310 643 458 682 cura:
489 643 551 680 ac
583 626 946 695 providentite.

383 720 438 773 4.
475 719 550 772 De
592 725 740 772 Anna
780 729 938 772 matre
973 719 1249 772 Samuelis.
1272 749 1344 760 -—
1369 720 1590 786 Quando
1630 736 1757 788 ergo
1785 738 1882 773 au-

310 809 476 862 dieris
503 809 832 876 Scripturam
861 809 1124 862 dicentem
1149 850 1160 867 ,
1199 810 1345 874 Quod
1370 811 1612 863 conclusit
1643 813 1749 874 eius
1777 813 1886 864 rul-

310 914 445 958 uum,
488 909 534 950 et
571 900 704 966 quod
743 899 905 965 ipsam
947 900 1015 950 ad
1057 899 1188 952 iram
1217 900 1515 969 provocabat
1545 903 1652 963 eius
1676 901 1880 962 temula,

312 989 483 1054 rogita
516 989 685 1056 ipsum
714 989 999 1042 ostendere
1029 989 1167 1044 velle
1195 990 1430 1044 mulieris
1463 990 1878 1059 philosophiam.

311 1078 605 1133 Considera
655 1079 798 1134 enim
850 1097 863 1133 :
915 1079 1144 1134 habebat.
1195 1081 1442 1134 maritum
1507 1081 1880 1135 inservientem

307 1170 454 1224 sibi:
487 1169 619 1224 dixit
661 1171 802 1224 enim
834 1171 900 1222 ad
945 1186 1092 1233 eain,
1142 1169 1263 1224 Non
1306 1187 1396 1239 ego
1426 1172 1514 1224 tibi
1556 1189 1666 1224 sum
1707 1173 1883 1224 melior

306 1278 458 1330 quam
485 1261 652 1314 decem
677 1262 774 1328 filii
799 1262 825 1314 ?
858 1261 920 1314 Et
949 1263 1132 1331 ipsam,
1170 1261 1354 1330 inquit,
1390 1262 1458 1315 ad
1481 1263 1608 1315 iram
1639 1279 1881 1330 proroca-

307 1357 392 1409 bat
424 1357 534 1426 ejus
569 1355 754 1410 (urnula
784 1371 803 1420 ;
831 1355 932 1410 hoc
958 1365 1058 1418 est,
1091 1354 1298 1424 probris
1340 1355 1622 1418 alliciebat,
1653 1358 1876 1409 insulta-

306 1448 398 1502 bat
428 1467 442 1503 :
476 1459 528 1503 et
550 1465 667 1502 eam
698 1464 982 1516 nutuquam
1016 1460 1098 1503 est
1128 1447 1258 1514 ulta,
1289 1448 1548 1516 nequeilli
1577 1459 1656 1502 est
1685 1448 1876 1516 impre-

305 1549 442 1604 cata,
477 1555 647 1607 neque
674 1539 828 1603 dixit,
855 1539 1109 1606 Quoniam
1143 1555 1227 1592 me
1257 1540 1405 1608 proin
1423 1538 1466 1592 is
1487 1538 1646 1591 afﬁcit
1665 1539 1873 1600 munda,

303 1643 392 1682 me
439 1629 665 1681 vindica.
718 1629 952 1683 llabebat
1002 1628 1088 1681 illa
1140 1627 1444 1692 lilios;sed
1497 1626 1610 1681 haec
1649 1626 1878 1681 habebat

304 1718 480 1771 mariti
521 1718 860 1773 dilectiOnem
903 1733 967 1772 ex
1009 1732 1164 1786 :equo
1202 1719 1249 1772 ei
1300 1717 1733 1788 respondentem.
1765 1717 1875 1772 lloc

301 1824 433 1878 ergo
454 1808 620 1879 ipsam
645 1811 951 1864 consolatus
972 1821 1055 1864 est
1082 1809 1285 1874 dicens,
1317 1809 1436 1863 Non
1457 1810 1545 1862 tibi
1566 1827 1676 1863 smn
1697 1809 1874 1861 melior

298 1918 453 1968 quam
486 1902 654 1954 decem
683 1903 820 1968 ﬁlii?
848 1902 949 1956 Sed
986 1916 1168 1956 rursus
1197 1901 1470 1956 videamus
1499 1902 1736 1956 mulieris
1765 1903 1874 1971 phi-

303 1993 628 2060 l050pl.iam.
665 1990 734 2046 Et
775 1995 1088 2058 existimavit,
1134 1994 1322 2064 inquit,
1361 1994 1476 2048 lleli
1513 2012 1620 2047 eam
1662 1995 1868 2047 ebriam.

299 2081 413 2136 Sed
458 2083 573 2137 vide
603 2083 724 2153 quid
767 2084 877 2152 ipsa
910 2086 957 2138 ei
995 2087 1154 2148 dicat,
1190 2085 1272 2139 Ne
1298 2097 1514 2154 reputes,
1559 2086 1747 2154 inquit,
1781 2103 1872 2138 nn-

295 2173 476 2226 cillam
505 2186 638 2227 tuam
664 2176 826 2242 ﬁliam
857 2178 1171 2246 perditionis,
1201 2179 1439 2248 quoniam
1465 2194 1526 2231 ex
1548 2177 1871 2230 multitudine

294 2265 635 2318 meditationis
665 2283 790 2320 mea:
831 2268 1104 2336 liquefacta
1144 2285 1255 2320 sunt
1285 2270 1382 2320 huc
1426 2286 1598 2332 usque.
1635 2269 1746 2324 lloc
1789 2279 1871 2324 est

295 2371 424 2410 vere
450 2356 662 2410 tentriti
683 2357 883 2423 cordis,
911 2359 1124 2427 quando
1151 2375 1254 2413 non
1281 2375 1464 2413 sumus
1483 2361 1654 2427 asperi
1690 2362 1740 2412 in
1773 2378 1814 2414 c~
1842 2377 1868 2416 s

293 2447 385 2516 qui
411 2463 508 2502 nos
534 2449 873 2503 contumeliis
902 2448 1164 2510 alliciunt.
1199 2450 1410 2519 quando
1438 2467 1541 2504 non
1569 2467 1710 2519 aegre
1739 2451 1868 2505 feri-

294 2554 435 2602 ntus,
454 2539 664 2609 quando
681 2555 782 2595 nos
805 2555 1143 2596 exettsamus.
1165 2542 1304 2596 Nihil
1321 2558 1472 2611 :rque
1489 2543 1611 2596 facit
1635 2544 1865 2597 animum

294 2629 629 2699 philosophia
676 2633 950 2701 prmditam
989 2643 1147 2702 atque
1190 2633 1408 2687 alllictio
1440 2650 1452 2685 :
1486 2634 1626 2688 nulla
1672 2651 1756 2687 res
1787 2645 1870 2689 est

291 2738 445 2791 irque
465 2722 722 2791 jucunda,
751 2725 1106 2792 atque'luctus
1132 2725 1221 2794 qui
1251 2725 1539 2779 seCundum
1571 2726 1731 2779 Deum
1765 2735 1863 2780 est.

293 2811 379 2865 Ea:
422 2815 742 2868 multitudine
789 2817 1126 2869 meditationis
1171 2834 1310 2881 meat,
1360 2819 1547 2888 inquit,
1599 2821 1868 2889 liquefacta

287 2920 404 2956 sum
437 2905 730 2973 hucusque.
765 2907 908 2959 llauc
940 2922 1126 2961 omnes
1167 2908 1451 2961 imitemur.
1493 2909 1684 2963 Audite
1714 2921 1867 2977 quot-

289 3007 420 3064 quot
447 2998 577 3050 estis
595 2999 824 3060 steriles,
848 3008 900 3051 ct
918 2999 1095 3052 audite
1117 3015 1465 3070 quaecumque
1494 3002 1682 3056 amatis
1707 3001 1863 3066 lilios,

293 3087 478 3141 audite
519 3099 571 3143 et
619 3090 716 3143 viri
755 3099 807 3143 et
849 3092 1098 3144 mulieres
1131 3109 1145 3145 :
1180 3107 1300 3145 nam
1329 3093 1424 3145 viri
1472 3109 1683 3161 quoque
1723 3109 1866 3161 saepe

294 3182 654 3234 contulerunt.
699 3183 836 3235 Audi
879 3181 1205 3250 Scripturam
1251 3184 1512 3237 dicentem
1548 3202 1560 3238 :
1604 3185 1669 3237 Et
1708 3188 1866 3239 oravit

291 3268 452 3325 Isaac
491 3288 583 3336 pro
630 3287 784 3324 uxore
824 3289 918 3325 sua
961 3272 1212 3338 Rebecca,
1257 3276 1494 3342 quoniam
1537 3285 1640 3326 erat
1681 3277 1866 3329 sterilis

292 3363 458 3427 (Gen.
488 3363 578 3415 9.3.
611 3364 672 3417 21
704 3367 740 3430 ).
776 3365 989 3432 Magnas
1029 3364 1170 3419 enim
1217 3380 1303 3419 res
1349 3374 1522 3432 potest
1560 3369 1748 3420 oratio.
1801 3366 1864 3420 In

291 3455 450 3518 utiuti,
498 3455 688 3524 inquit,
735 3456 994 3513 instantia.
1041 3465 1088 3509 et
1129 3455 1464 3509 obsecratione
1503 3475 1593 3523 pro
1637 3459 1865 3511 otnnibus

287 3548 496 3607 sanctis,
531 3558 577 3600 et
612 3566 702 3615 pro
733 3563 854 3610 me;
901 3549 1130 3616 seipsutn
1176 3563 1377 3617 ponens
1419 3548 1680 3602 ultimum.
1725 3550 1860 3617 Quid

289 3637 440 3699 facis,
470 3654 502 3689 ο
530 3638 684 3691 beate
717 3638 892 3702 Paule,
930 3639 1153 3708 teipsum
1179 3640 1329 3707 ponis
1353 3641 1593 3694 ultimum
1618 3641 1641 3694 Ῥ
1663 3642 1859 3706 Etiam,

290 3727 480 3796 inquit,
517 3725 585 3781 Ut
611 3727 758 3781 detur
783 3730 907 3780 mihi
927 3746 1087 3783 sermo
1111 3730 1164 3783 in
1192 3731 1449 3800 apertione
1475 3733 1576 3785 oris
1606 3734 1720 3798 mei,
1748 3751 1860 3787 cum

288 3818 479 3884 ﬁducia
519 3829 690 3871 notum
725 3822 890 3887 [acere
927 3821 1213 3890 mysterium
1240 3824 1496 3893 evangelii,
1533 3841 1624 3892 pro
1651 3841 1746 3894 quo
1782 3827 1858 3880 [ες

286 3909 491 3975 gatione
529 3909 716 3978 [ungor
771 3911 821 3962 in
857 3920 1050 3963 catena.
1097 3910 1195 3966 Ubi
1246 3911 1483 3982 fungeris
1544 3914 1858 3984 legatione?

287 4005 320 4050 Α
337 3999 441 4066 pud
467 3999 732 4060 homines,
765 3998 952 4068 inquit.
978 4001 1149 4068 Papze,
1178 4011 1371 4070 quanta
1401 4004 1487 4056 Dei
1519 4004 1814 4074 benignitas
1842 4009 1855 4062 !

289 4089 434 4141 misit
470 4105 502 4143 e
539 4089 684 4142 ca-lis
715 4091 801 4157 qui
835 4106 930 4158 pro
958 4091 1070 4160 ipso
1097 4090 1443 4162 fungerentur
1472 4095 1734 4164 legatione
1764 4112 1858 4166 pro

290 4194 418 4245 pace
447 4197 460 4229 :
498 4189 551 4233 et
582 4197 675 4233 eos
702 4191 887 4249 captos
913 4181 1192 4235 vinxerunt
1222 4182 1486 4247 homines,
1516 4195 1569 4240 et
1596 4201 1660 4240 ne
1688 4187 1855 4256 legem

287 4269 503 4336 quidem
538 4270 798 4338 publicam
829 4282 947 4324 sunt
974 4273 1207 4337 reveriti,
1233 4273 1371 4340 quod
1402 4275 1450 4328 ci
1481 4277 1568 4344 qui
1598 4276 1860 4346 legatione

287 4361 526 4430 fungitur
552 4361 683 4416 nihil
725 4379 971 4433 umquam
1002 4363 1091 4418 fiat
1133 4365 1278 4420 ntali.
1312 4366 1417 4421 Sed
1446 4378 1620 4422 tamen
1649 4384 1747 4439 ego
1778 4384 1858 4425 te-

286 4452 501 4521 gatiune
543 4454 734 4524 fungor
760 4455 808 4508 in
848 4465 1053 4510 catena.
1086 4456 1250 4528 Urget
1273 4469 1462 4514 catena
1491 4476 1552 4515 os
1578 4462 1859 4518 obstruens

289 4544 536 4614 loquendi
572 4545 836 4614 libertati,
866 4547 959 4601 sed
997 4559 1186 4603 vestrte
1222 4566 1404 4619 preces
1443 4567 1503 4605 os
1530 4569 1703 4608 meum
1733 4569 1860 4624 ape-

290 4637 448 4699 riunt,
483 4648 541 4690 ut
568 4638 620 4690 in
651 4653 716 4690 co
746 4637 910 4692 libere
938 4638 1131 4702 dicnm,
1161 4649 1220 4694 ut
1244 4657 1328 4694 me
1358 4650 1568 4709 oportet
1598 4644 1774 4713 loqui;
1806 4646 1856 4700 id

288 4739 386 4788 est,
421 4728 484 4784 Ut
508 4745 569 4784 ea
596 4729 772 4782 omnia
803 4728 973 4783 dicam
1006 4729 1070 4784 ad
1099 4747 1216 4798 quite
1241 4732 1462 4786 dicenda
1492 4750 1606 4787 sum
1639 4736 1853 4791 missus.

293 4817 357 4871 L’t
387 4829 554 4872 autem
580 4829 627 4872 et
656 4836 742 4874 vos
766 4821 955 4887 sciatis,
984 4818 1096 4892 qua:
1120 4823 1252 4874 circa
1280 4839 1362 4877 me
1383 4833 1516 4890 sunt,
1542 4826 1662 4894 quid
1686 4844 1856 4897 agam,

289 4911 453 4961 omnia
494 4910 627 4964 vobis
667 4921 786 4963 nota
828 4913 976 4976 {aciet
1005 4909 1252 4981 Tyc/iicus
1277 4915 1564 4967 carissimus
1593 4919 1770 4985 frater,
1812 4927 1860 4970 et

287 5001 452 5064 ﬁdelis
474 5002 700 5055 minister
718 5002 772 5054 in
798 5001 1034 5056 Domino.
1063 5003 1115 5057 Si
1144 5013 1226 5057 est
1251 5005 1439 5068 lidelis,
1470 5005 1597 5059 nihil
1631 5008 1856 5061 mentie-

289 5103 395 5154 tur,
428 5093 519 5145 sed
549 5093 728 5146 omnia
760 5108 883 5146 vera
913 5094 1069 5147 dicet.
1107 5094 1266 5160 Quem
1306 5097 1421 5148 misi
1454 5096 1521 5148 ad
1549 5112 1633 5150 vos
1671 5099 1722 5150 in
1767 5098 1860 5150 ltoc

285 5179 476 5247 ipsum,
499 5192 547 5230 ut
571 5183 906 5252 cognoscatis,
933 5198 1044 5252 qua:
1068 5185 1200 5236 circa
1227 5201 1316 5237 nos
1342 5195 1478 5247 sunt,
1508 5196 1553 5238 et
1575 5187 1859 5240 consoletur

284 5269 448 5321 corda
475 5283 650 5326 uestra.
689 5273 864 5342 Pap;e,
900 5284 1093 5341 quanta
1127 5277 1316 5328 caritas
1351 5277 1363 5329 !
1393 5275 1467 5329 Ne
1491 5277 1651 5360 liccat
1675 5279 1858 5333 volen-

286 5361 430 5414 tibus
469 5377 559 5416 ros
599 5375 840 5429 terrere;
873 5375 954 5420 est
989 5366 1131 5420 enim
1177 5367 1451 5422 virisitnile
1477 5384 1571 5422 eos
1602 5368 1766 5425 luisse
1804 5371 1856 5426 itt

288 5453 444 5506 rebus
478 5454 717 5509 adversis
743 5465 797 5510 et
827 5456 1066 5512 moleStis
1099 5475 1111 5508 :
1144 5458 1269 5512 illud
1296 5459 1437 5513 enim
1459 5500 1474 5524 ,
1505 5459 1859 5516 Consolabitur

285 5545 440 5597 corda
472 5558 664 5607 ucstra,
706 5547 808 5602 hoc
851 5549 1169 5603 subiudicat.
1209 5549 1284 5604 Ne
1315 5550 1485 5612 sinat,
1522 5552 1721 5620 inquit,
1764 5569 1858 5608 vos

282 5637 458 5704 dejici.
485 5639 575 5693 25.
615 5639 728 5693 Pax
751 5641 992 5711 fratribus
1014 5652 1058 5696 et
1083 5643 1271 5696 caritas
1297 5659 1408 5696 cum
1435 5645 1536 5712 [ide
1561 5662 1592 5696 a
1623 5644 1729 5698 Deo
1758 5645 1858 5697 Pa-

284 5737 352 5780 tre
376 5739 426 5781 et
455 5728 671 5782 Domino
700 5729 820 5784 Jcsu
849 5733 1063 5788 Clu-isto.
1099 5734 1254 5804 Optat
1283 5734 1359 5789 cis
1388 5750 1568 5804 paceni
1591 5777 1604 5802 ,
1635 5745 1686 5790 et
1717 5737 1850 5791 cari-

1167 329 1232 386 ΙΝ
1272 331 1482 386 EI’IST.
1525 333 1614 385 Alt
1653 330 1893 386 El'llES.
1931 331 2087 387 CAP.
2132 333 2216 390 Vl.
2258 335 2485 392 llOMlL.
2530 339 2720 396 XXIV.

3465 348 3572 405 174

1995 453 2153 497 tatem
2185 461 2304 499 cum
2337 447 2457 502 fide.
2493 450 2655 502 ltocto
2691 451 2861 512 dixit;
2897 455 3005 508 vult
3035 454 3175 510 enim
3205 475 3297 512 eos
3326 477 3430 515 non
3473 475 3549 517 ut-

1989 546 2218 602 cumque
2246 536 2440 590 habere
2473 541 2728 593 rationem
2763 544 3014 609 caritatis,
3049 562 3146 600 nec
3176 562 3234 600 se
3263 549 3561 609 admiscere

1989 637 2108 676 Cum
2149 624 2215 678 iis
2257 629 2345 694 qui
2385 643 2504 681 sum
2545 629 2771 685 diversae
2817 634 2956 687 fidei.
3006 638 3111 691 Aut
3157 639 3274 702 hoc,
3309 652 3398 694 aut
3431 644 3554 696 illml

1989 716 2134 778 dicit,
2158 728 2212 770 ttt
2235 730 2286 772 et
2309 719 2407 787 ipsi
2438 721 2590 774 lident
2616 724 2860 788 habeam,
2885 739 2935 780 et
2961 728 3028 783 de
3055 729 3243 784 futuris
3263 735 3553 790 conlidant.

1990 804 2093 856 Pax
2126 822 2250 875 erga
2282 808 2441 862 Deum
2471 821 2522 863 et
2544 814 2752 866 caritas.
2783 815 2912 868 Nam
2941 818 2988 870 si
3017 819 3085 872 sit
3115 835 3232 887 pax,
3264 823 3366 876 erit
3397 825 3557 879 etiam

1987 896 2181 951 caritas
2211 915 2223 948 :
2253 901 2295 952 si
2337 900 2565 968 caritas,
2604 905 2704 957 erit
2739 905 2896 959 etiam
2944 910 3063 977 pax.
3112 909 3235 964 Cum
3265 915 3382 981 ﬁde.
3415 915 3554 971 Nihil

1988 987 2128 1040 enim
2163 989 2375 1056 prodest
2403 993 2596 1047 caritas
2622 995 2822 1065 absque
2851 998 2950 1051 lide
2974 1016 2988 1056 :
3017 999 3122 1052 imo
3155 1017 3282 1055 vero
3310 1019 3376 1057 ne
3401 1006 3556 1059 aliter

1985 1078 2197 1144 quidem
2227 1078 2387 1134 fuerit
2413 1085 2623 1136 caritas.
2653 1086 2741 1138 21.
2782 1084 2850 1137 Et
2875 1089 3039 1156 gratia
3068 1106 3177 1142 cum
3215 1093 3440 1147 omnibus
3468 1094 3553 1161 qui

1987 1166 2203 1236 diligunt
2235 1167 2508 1224 Dominum
2536 1185 2761 1226 nostrum
2796 1175 2972 1229 Jesum
3009 1177 3262 1232 Christum
3297 1183 3349 1234 in
3386 1184 3553 1237 incor-

1981 1260 2232 1328 ruptione.
2271 1262 2450 1335 Amen.
2497 1264 2592 1319 llic
2630 1265 2827 1331 divisit,
2861 1285 3100 1324 seorsum
3133 1274 3300 1340 posita
3342 1290 3470 1341 pace
3497 1284 3550 1329 et

1979 1349 2166 1418 gratia.
2217 1352 2281 1406 In
2317 1354 2710 1423 incorruptione,
2755 1359 2944 1424 inquit,
2978 1361 3154 1414 Amen.
3187 1363 3324 1429 Quid
3351 1375 3452 1428 est,
3481 1364 3548 1418 In

1981 1444 2356 1514 incorruptione
2377 1449 2402 1500 Ρ
2431 1451 2535 1502 Aut
2568 1450 2618 1502 itt
2651 1452 2925 1506 honestate
2949 1462 3002 1506 et
3039 1455 3402 1510 moderatione
3423 1498 3436 1520 ,
3460 1469 3549 1511 aut

1983 1549 2076 1600 pro
2107 1535 2169 1588 iis
2200 1537 2248 1588 in
2289 1552 2422 1606 quos
2463 1555 2565 1592 non
2607 1540 2747 1593 cadit
2777 1545 3087 1611 corruptio;
3128 1561 3316 1612 nempe
3348 1563 3451 1600 non
3494 1549 3544 1600 itt

1978 1624 2198 1689 divitiis,
2231 1643 2334 1680 non
2375 1629 2424 1681 in
2465 1631 2654 1698 gloria,
2692 1633 2783 1686 sed
2817 1634 2865 1686 in
2898 1635 3002 1687 illis
3030 1636 3080 1688 in
3114 1652 3232 1704 qua:
3269 1655 3372 1691 non
3403 1638 3546 1692 cadit

1976 1717 2266 1784 corruptio.
2303 1717 2448 1780 Illud,
2473 1720 2545 1782 in,
2578 1720 2718 1775 idem
2744 1731 2825 1777 est
2850 1724 3007 1790 qttod,
3043 1742 3148 1791 per.
3183 1727 3280 1781 Per
3302 1729 3543 1782 incorru-

1977 1806 2242 1872 ptionem,
2279 1807 2487 1878 inquit;
2531 1811 2631 1864 hoc
2654 1822 2754 1871 est,
2787 1828 2879 1881 per
2906 1817 3170 1868 virtutem.
3203 1816 3370 1870 Omne
3400 1821 3542 1872 enim

1977 1897 2159 1950 vitium
2189 1908 2271 1952 est
2298 1903 2587 1969 corruptio,
2615 1913 2668 1955 et
2703 1905 2836 1956 sicut
2877 1905 3132 1974 virginem
3159 1910 3422 1978 corrumpi
3452 1910 3538 1962 di-

1973 1991 2164 2057 cimus,
2208 1992 2276 2045 ita
2304 1993 2460 2045 etiam
2492 1993 2743 2047 animam.
2777 1995 3057 2062 Propterea
3086 1997 3295 2051 dicebat
3325 1999 3538 2063 Paulus,

1976 2078 2058 2132 Ne
2080 2092 2466 2152 corrumpantur
2491 2100 2666 2137 sensus
2696 2087 2844 2138 vestri
2871 2085 2924 2156 (Ξ
2957 2086 3073 2140 Cor.
3102 2088 3188 2142 11.
3211 2089 3264 2158 5)
3291 2106 3304 2151 ;
3334 2100 3384 2142 et
3419 2106 3540 2142 rur-

1973 2185 2090 2224 sum
2135 2171 2280 2236 alibi,
2328 2171 2395 2226 In
2433 2173 2659 2228 doctrina
2696 2176 3119 2246 incorruptionem
3158 2177 3330 2248 (Tim.
3357 2178 3409 2231 2.
3447 2180 3537 2250 7),

1971 2261 2164 2331 inquit.

2042 2354 2092 2408 5.
2137 2354 2271 2420 Quid
2314 2365 2394 2410 est
2423 2357 2595 2421 enim,
2629 2358 2713 2412 dic
2754 2359 2878 2412 mihi
2907 2400 2920 2423 ,
2952 2359 3224 2427 corruptio
3252 2361 3539 2427 corporis?

1970 2460 2146 2498 annon
2175 2445 2455 2500 dissolutio
2482 2449 2642 2501 totius
2661 2489 2674 2512 ,
2709 2460 2761 2501 et
2784 2449 2897 2516 ejus
2935 2449 3338 2515 compositionis
3367 2453 3389 2503 'l
3427 2451 3538 2506 Hoc

1969 2537 2127 2591 etiam
2161 2537 2219 2589 lit
2243 2536 2292 2589 iu
2315 2535 2510 2597 anima,
2545 2538 2594 2590 in
2626 2553 2740 2592 eam
2767 2539 3002 2606 ingresSo
3035 2554 3266 2608 peceato.
3301 2541 3539 2595 Pulchri-

1972 2627 2098 2680 tudo
2137 2627 2279 2681 enim
2311 2626 2501 2681 anima:
2539 2639 2619 2682 est
2648 2631 3016 2698 temperantia,
3061 2631 3263 2696 justilia
3290 2647 3304 2693 ;
3337 2634 3536 2685 sanitas

1969 2725 2160 2774 anima:
2203 2732 2282 2774 est
2315 2718 2598 2786 fortitudo,
2638 2721 2933 2789 prudentia.
2975 2721 3105 2773 Nam
3135 2721 3225 2789 qui
3261 2731 3342 2774 est
3367 2723 3535 2790 turpis

1971 2821 2024 2864 et
2050 2809 2385 2873 inhonestus,
2417 2819 2498 2863 est
2520 2809 2798 2876 deformis,
2827 2820 2881 2864 t-t
2907 2811 2992 2878 qui
3017 2819 3098 2863 est
3123 2825 3330 2872 aVarus,
3361 2821 3416 2864 et
3443 2811 3535 2879 qui

1969 2918 2028 2956 se
2053 2902 2198 2956 dedit
2229 2903 2387 2956 rebus
2423 2902 2612 2968 malis,
2656 2913 2708 2956 et
2736 2903 2822 2971 qui
2865 2915 2939 2955 est
2973 2902 3203 2964 timidus,
3239 2904 3456 2970 ignavus
3483 2912 3537 2956 et

1970 2993 2281 3055 imbecillus,
2335 3002 2416 3047 est
2464 2993 2615 3046 malae
2666 2992 3004 3046 habitudinis.
3057 2992 3205 3060 Quod
3248 3007 3371 3046 vero
3412 3009 3533 3061 pec-

1969 3094 2082 3137 cata
2109 3095 2397 3153 operentur
2423 3085 2978 3153 corruptionem,hinc
2993 3086 3160 3151 palam
3190 3092 3272 3137 est
3296 3101 3308 3136 :
3340 3084 3534 3136 faciunt

1970 3175 2112 3230 enim
2143 3185 2323 3243 turpes
2363 3185 2415 3228 et
2443 3175 2755 3236 imbecillos,
2788 3185 2843 3229 et
2867 3174 3100 3240 efﬁciunt
3131 3187 3180 3227 ιιι
3215 3175 3453 3229 laborent
3483 3187 3534 3228 et

1969 3265 2338 3334 defatigentur.
2370 3263 2682 3332 Corruplam
2723 3265 2864 3318 euitn
2902 3280 3022 3317 esse
3050 3264 3337 3332 virginem,
3371 3264 3530 3318 etiam

1971 3355 2089 3408 ideo
2128 3357 2337 3424 proprie
2367 3354 2608 3418 dicimus,
2646 3371 2750 3408 non
2780 3355 2920 3423 quod
2948 3367 3316 3424 corrumpatur
3339 3370 3534 3422 corpus

1968 3445 2156 3508 solum,
2185 3446 2276 3498 sed
2318 3455 2532 3513 propter
2571 3445 2898 3513 iniquitatem
2926 3465 2938 3498 :
2970 3462 3088 3499 nam
3121 3446 3168 3499 id
3196 3447 3332 3515 quod
3366 3448 3422 3499 tit
3450 3457 3533 3500 est

1967 3535 2248 3598 ct.itus;si
2291 3535 2391 3589 hoc
2431 3544 2608 3589 autem
2652 3544 2794 3588 esset
2838 3539 3142 3604 corruptio,
3180 3547 3319 3591 esset
3369 3540 3526 3591 etiam

1967 3625 2359 3679 matrimonium
2396 3625 2684 3694 corruptio.
2721 3625 2833 3679 Non
2876 3627 3065 3692 coitus,
3109 3629 3200 3680 Sed
3253 3638 3522 3696 peccatum

1964 3727 2046 3771 est
2082 3717 2389 3785 corruptio:
2424 3717 2592 3785 ipsum
2621 3717 2762 3772 enim
2805 3717 3066 3773 dedecore
3104 3719 3296 3774 all‘ecit.
3328 3720 3527 3773 Domus

1964 3821 2139 3865 autem
2180 3811 2303 3880 quid
2348 3809 2507 3864 fuerit
2556 3810 2858 3879 corrUptio,
2904 3827 3060 3880 quam
3102 3812 3425 3866 dissolutio?
3468 3812 3533 3866 Et

1965 3905 2159 3974 ubique
2205 3904 2476 3973 corruptio
2521 3913 2604 3958 est
2643 3905 2883 3974 quaedam
2935 3904 2985 3957 in
3023 3904 3253 3958 deterius
3287 3906 3528 3966 mutatio,

1964 4013 2080 4068 quae
2112 3997 2166 4050 lit
2194 3999 2246 4052 in
2269 3997 2428 4051 alium
2455 3997 2711 4062 habitum,
2740 4007 2794 4050 et
2816 3997 2880 4050 ad
2904 3997 3222 4052 delationem
3252 3996 3366 4064 ejus
3390 3999 3528 4066 quod

1963 4099 2078 4144 erat
2105 4090 2272 4159 prius.
2297 4089 2433 4143 Audi
2459 4090 2600 4143 cnim
2630 4090 2954 4158 Scriptor-ain
2984 4091 3266 4156 dicentem,
3295 4093 3530 4160 Corrupit

1963 4181 2124 4233 onmis
2152 4197 2270 4233 cura
2306 4183 2436 4233 viam
2477 4198 2618 4233 suam
2668 4180 2828 4248 (Gen.
2857 4183 2909 4234 ti.
2943 4182 3081 4246 1‘2);
3125 4193 3179 4236 et
3209 4201 3390 4238 rursus
3414 4227 3428 4245 ,
3464 4185 3528 4238 In

1963 4276 2284 4338 corruptione
2308 4272 2617 4324 intolerabili
2644 4288 2663 4335 ;
2688 4283 2741 4325 et
2778 4286 2979 4333 rursus,
3027 4272 3268 4326 Homines
3290 4276 3530 4344 corrupti

1962 4377 2124 4415 tuente
2145 4365 2220 4432 (‘2.
2252 4360 2382 4413 Tim.
2411 4361 2463 4413 5.
2491 4361 2566 4430 8).
2595 4361 2948 4427 Corruptibile
2965 4372 3250 4431 estcorpus
3267 4375 3526 4427 nostrum,

1961 4455 2056 4510 sed
2085 4456 2261 4508 anima
2291 4453 2727 4522 it’lCtll‘l‘tlplibillS.
2764 4453 2841 4508 Ne
2866 4455 3043 4522 itaque
3079 4455 3244 4523 ipsam
3288 4471 3526 4511 corrum-

1963 4561 2189 4616 pamus:
2228 4545 2328 4599 hoc
2363 4544 2486 4599 fecit
2532 4545 2673 4615 prius
2714 4557 3023 4614 peccaturo;
3067 4548 3206 4616 quod
3253 4550 3308 4602 lit
3348 4559 3523 4603 autem

1964 4646 2082 4706 post
2107 4637 2374 4690 lavacrum
2395 4679 2408 4699 ,
2442 4645 2613 4706 potest
2638 4639 2794 4690 etiam
2820 4637 3050 4690 animam
3078 4654 3444 4707 corrumpere,
3476 4648 3530 4692 ct

1962 4728 2174 4783 eflicere
2196 4737 2251 4781 ut
2278 4727 2427 4781 facile
2451 4729 2564 4794 capi
2596 4730 2766 4794 possit
2794 4743 2820 4777 a
2855 4743 3040 4782 vcrute
3066 4729 3346 4784 immortali
3378 4749 3390 4780 τ
3421 4748 3524 4785 non

1961 4819 2102 4873 enim
2121 4817 2401 4886 attigisset,
2429 4816 2529 4871 nisi
2544 4818 2938 4885 corruptibilem
2965 4817 3251 4872 invenisset
3270 4822 3522 4876 animam.

1961 4908 2312 4962 Adamantem
2351 4924 2453 4961 nou
2485 4906 2693 4976 attingit
2720 4908 2936 4970 vermis,
2961 4917 3014 4962 et
3045 4909 3087 4963 si
3117 4910 3368 4978 attigerit,
3397 4911 3525 4963 nihil

1961 5001 2140 5054 efﬁcit.
2164 5000 2239 5054 Ne
2267 5015 2581 5068 corrumpas
2603 4999 2834 5053 animam
2865 5017 2878 5052 :
2905 5016 3024 5053 nam
3055 5001 3192 5070 quod
3223 5003 3526 5069 corrumpi-

1964 5105 2069 5157 tur,
2096 5093 2305 5161 plenum
2332 5101 2412 5144 est
2435 5091 2638 5146 faetore.
2677 5087 2813 5145 Audi
2841 5092 2981 5146 enim
3010 5091 3314 5160 prophetam
3345 5093 3526 5146 dicen-

1964 5195 2089 5246 tom,
2117 5182 2435 5236 Putruerunt
2460 5191 2506 5234 et
2530 5192 2781 5249 corrupr
2801 5193 2916 5234 sunt
2941 5183 3198 5236 cicatrices
3215 5199 3336 5236 mete
3349 5200 3379 5234 a
3398 5184 3528 5252 facie

1961 5275 2260 5343 insipientia:
2287 5289 2410 5326 mete
2437 5274 2455 5344 (
2481 5273 2622 5326 Psal.
2655 5275 2739 5328 '57.
2769 5275 2801 5327 6
2827 5277 2865 5343 ).
2908 5274 3021 5342 Ipsa
3050 5285 3226 5327 autem
3256 5281 3528 5345 corruptio

1962 5366 2143 5419 induet
2179 5366 2668 5434 incorruptionem;
2704 5365 2815 5418 haec
2853 5380 2980 5417 vero
3026 5381 3127 5417 nou
3172 5365 3350 5418 itidem
3395 5384 3406 5419 :
3439 5368 3525 5422 ubi

1960 5468 2041 5512 est
2068 5460 2209 5512 enini
2237 5457 2582 5526 iucorruptio,
2617 5473 2718 5512 non
2745 5466 2826 5511 cst
2851 5459 3143 5526 corruptio.
3168 5458 3522 5525 Quamobrem

1960 5552 2230 5617 corruptio
2255 5560 2337 5603 est
2365 5550 2797 5618 iucorruptibilis,
2841 5549 2999 5603 liuent
3042 5565 3144 5606 non
3194 5551 3411 5616 habens,
3444 5561 3527 5605 est

1962 5658 2107 5696 mors
2130 5639 2439 5694 iuuuortalts
2461 5656 2475 5704 ;
2499 5639 2637 5709 quod
2658 5639 2869 5708 quidem
2893 5640 3125 5693 futurum
3149 5651 3261 5695 crat
3277 5643 3321 5696 si
3337 5657 3529 5710 corpus

1963 5735 2242 5790 mansisset
2270 5733 2586 5789 iunuortalc.
2603 5733 2981 5800 Quamobrem,
3005 5735 3047 5789 si
3070 5732 3191 5790 illuc
3214 5733 3530 5792 exiverintus
