  <div class='ocr_page' id='page_1' title='image "/cluster/home/n/w/nwhite01/storage/ocr_20150623/62/hvd.32044054086319/179.png"; bbox 0 0 4042 6212; ppageno 0'>
   <div class='ocr_carea' id='block_1_1' title="bbox 515 283 3778 352">
    <p class='ocr_par' dir='ltr' id='par_1_1' title="bbox 515 283 3778 352">
     <span class='ocr_line' id='line_1_1' title="bbox 515 283 3778 352; baseline 0.001 -3"><span class='ocrx_word' id='word_1_1' title='bbox 515 296 610 350; x_wconf 72' lang='lat'><strong>175</strong></span> <span class='ocrx_word' id='word_1_2' title='bbox 1240 284 1301 340; x_wconf 83' lang='lat' dir='ltr'><strong>S.</strong></span> <span class='ocrx_word' id='word_1_3' title='bbox 1339 283 1622 341; x_wconf 75' lang='lat' dir='ltr'><strong>JOANNIS</strong></span> <span class='ocrx_word' id='word_1_4' title='bbox 1657 286 2139 345; x_wconf 75' lang='lat' dir='ltr'><strong>CHRYSOSTUMI</strong></span> <span class='ocrx_word' id='word_1_5' title='bbox 2179 288 2497 347; x_wconf 76' lang='lat' dir='ltr'><strong>ARCIIIEP.</strong></span> <span class='ocrx_word' id='word_1_6' title='bbox 2539 288 3083 346; x_wconf 67' lang='lat' dir='ltr'><strong>CONSTANTI‘NOP.</strong></span> <span class='ocrx_word' id='word_1_7' title='bbox 3679 297 3778 352; x_wconf 61' lang='lat'><strong>£76</strong></span> 
     </span>
    </p>
   </div>
   <div class='ocr_carea' id='block_1_2' title="bbox 509 405 2087 477">
    <p class='ocr_par' dir='ltr' id='par_1_2' title="bbox 509 405 2087 477">
     <span class='ocr_line' id='line_1_2' title="bbox 509 405 2087 477; baseline -0.006 -14"><span class='ocrx_word' id='word_1_8' title='bbox 509 410 766 463; x_wconf 78' lang='lat' dir='ltr'><strong>habentes</strong></span> <span class='ocrx_word' id='word_1_9' title='bbox 821 407 1261 477; x_wconf 83' lang='lat' dir='ltr'><strong>corruptionem,</strong></span> <span class='ocrx_word' id='word_1_10' title='bbox 1319 405 1637 460; x_wconf 75' lang='lat' dir='ltr'><strong>habebimus</strong></span> <span class='ocrx_word' id='word_1_11' title='bbox 1684 405 2087 472; x_wconf 74' lang='lat' dir='ltr'><strong>corruptionem</strong></span> 
     </span>
    </p>
   </div>
   <div class='ocr_carea' id='block_1_3' title="bbox 507 500 2091 572">
    <p class='ocr_par' dir='ltr' id='par_1_3' title="bbox 507 500 2091 572">
     <span class='ocr_line' id='line_1_3' title="bbox 507 500 2091 572; baseline -0.003 -14"><span class='ocrx_word' id='word_1_12' title='bbox 507 503 992 572; x_wconf 83' lang='lat' dir='ltr'><strong>incorruptibilem,</strong></span> <span class='ocrx_word' id='word_1_13' title='bbox 1019 503 1180 556; x_wconf 86' lang='lat' dir='ltr'><strong>linem</strong></span> <span class='ocrx_word' id='word_1_14' title='bbox 1211 517 1315 554; x_wconf 90' lang='lat' dir='ltr'><strong>non</strong></span> <span class='ocrx_word' id='word_1_15' title='bbox 1349 500 1653 556; x_wconf 78' lang='lat' dir='ltr'><strong>habentem.</strong></span> <span class='ocrx_word' id='word_1_16' title='bbox 1684 501 1776 557; x_wconf 88' lang='lat' dir='ltr'><strong>Uri</strong></span> <span class='ocrx_word' id='word_1_17' title='bbox 1803 503 1942 556; x_wconf 90' lang='lat' dir='ltr'><strong>enim</strong></span> <span class='ocrx_word' id='word_1_18' title='bbox 1977 510 2031 553; x_wconf 90' lang='lat' dir='ltr'><strong>et</strong></span> <span class='ocrx_word' id='word_1_19' title='bbox 2059 516 2091 554; x_wconf 87' lang='lat' dir='ltr'><strong>a</strong></span> 
     </span>
    </p>
   </div>
   <div class='ocr_carea' id='block_1_4' title="bbox 509 592 2088 666">
    <p class='ocr_par' dir='ltr' id='par_1_4' title="bbox 509 592 2088 666">
     <span class='ocr_line' id='line_1_4' title="bbox 509 592 2088 666; baseline -0.004 -15"><span class='ocrx_word' id='word_1_20' title='bbox 509 612 687 651; x_wconf 75' lang='lat' dir='ltr'><strong>verme</strong></span> <span class='ocrx_word' id='word_1_21' title='bbox 713 607 970 666; x_wconf 85' lang='lat' dir='ltr'><strong>perpetuo</strong></span> <span class='ocrx_word' id='word_1_22' title='bbox 1005 592 1270 659; x_wconf 86' lang='lat' dir='ltr'><strong>consumi,</strong></span> <span class='ocrx_word' id='word_1_23' title='bbox 1299 604 1380 648; x_wconf 88' lang='lat' dir='ltr'><strong>est</strong></span> <span class='ocrx_word' id='word_1_24' title='bbox 1400 595 1696 663; x_wconf 73' lang='lat' dir='ltr'><strong>corruptio,</strong></span> <span class='ocrx_word' id='word_1_25' title='bbox 1723 594 1772 646; x_wconf 90' lang='lat' dir='ltr'><strong>in</strong></span> <span class='ocrx_word' id='word_1_26' title='bbox 1801 608 1958 663; x_wconf 89' lang='lat' dir='ltr'><strong>quam</strong></span> <span class='ocrx_word' id='word_1_27' title='bbox 1981 608 2088 646; x_wconf 89' lang='lat' dir='ltr'><strong>non</strong></span> 
     </span>
    </p>
   </div>
   <div class='ocr_carea' id='block_1_5' title="bbox 506 682 2088 756">
    <p class='ocr_par' dir='ltr' id='par_1_5' title="bbox 506 682 2088 756">
     <span class='ocr_line' id='line_1_5' title="bbox 506 682 2088 756; baseline -0.003 -15"><span class='ocrx_word' id='word_1_28' title='bbox 506 689 648 741; x_wconf 81' lang='lat' dir='ltr'><strong>cadit</strong></span> <span class='ocrx_word' id='word_1_29' title='bbox 680 687 1008 756; x_wconf 87' lang='lat' dir='ltr'><strong>ineorruptio</strong></span> <span class='ocrx_word' id='word_1_30' title='bbox 1041 683 1219 755; x_wconf 89' lang='lat' dir='ltr'><strong>:quod</strong></span> <span class='ocrx_word' id='word_1_31' title='bbox 1250 693 1366 738; x_wconf 83' lang='lat' dir='ltr'><strong>erat</strong></span> <span class='ocrx_word' id='word_1_32' title='bbox 1392 695 1445 740; x_wconf 89' lang='lat' dir='ltr'><strong>et</strong></span> <span class='ocrx_word' id='word_1_33' title='bbox 1474 684 1526 738; x_wconf 87' lang='lat' dir='ltr'><strong>itt</strong></span> <span class='ocrx_word' id='word_1_34' title='bbox 1552 685 1707 739; x_wconf 87' lang='lat' dir='ltr'><strong>beato</strong></span> <span class='ocrx_word' id='word_1_35' title='bbox 1725 683 1826 738; x_wconf 79' lang='lat' dir='ltr'><strong>Job</strong></span> <span class='ocrx_word' id='word_1_36' title='bbox 1857 685 1872 751; x_wconf 96' lang='lat'><strong>(</strong></span> <span class='ocrx_word' id='word_1_37' title='bbox 1903 682 2002 737; x_wconf 85' lang='lat' dir='ltr'><strong>Job</strong></span> <span class='ocrx_word' id='word_1_38' title='bbox 2033 683 2088 736; x_wconf 84' lang='lat'><strong>7.</strong></span> 
     </span>
    </p>
   </div>
   <div class='ocr_carea' id='block_1_6' title="bbox 507 774 2085 844">
    <p class='ocr_par' dir='ltr' id='par_1_6' title="bbox 507 774 2085 844">
     <span class='ocr_line' id='line_1_6' title="bbox 507 774 2085 844; baseline -0.004 -11"><span class='ocrx_word' id='word_1_39' title='bbox 507 778 559 833; x_wconf 80' lang='lat'><strong>5.</strong></span> <span class='ocrx_word' id='word_1_40' title='bbox 593 779 644 830; x_wconf 83' lang='lat' dir='ltr'><strong>in</strong></span> <span class='ocrx_word' id='word_1_41' title='bbox 675 776 879 844; x_wconf 72' lang='lat' dir='ltr'><strong>erco)</strong></span> <span class='ocrx_word' id='word_1_42' title='bbox 915 794 928 830; x_wconf 88' lang='lat'><strong>:</strong></span> <span class='ocrx_word' id='word_1_43' title='bbox 957 775 1404 844; x_wconf 74' lang='lat' dir='ltr'><strong>corrumpebatur</strong></span> <span class='ocrx_word' id='word_1_44' title='bbox 1431 775 1598 839; x_wconf 86' lang='lat' dir='ltr'><strong>enim,</strong></span> <span class='ocrx_word' id='word_1_45' title='bbox 1629 784 1681 830; x_wconf 90' lang='lat' dir='ltr'><strong>et</strong></span> <span class='ocrx_word' id='word_1_46' title='bbox 1717 790 1822 829; x_wconf 89' lang='lat' dir='ltr'><strong>non</strong></span> <span class='ocrx_word' id='word_1_47' title='bbox 1856 774 2085 843; x_wconf 75' lang='lat' dir='ltr'><strong>peribat,</strong></span> 
     </span>
    </p>
   </div>
   <div class='ocr_carea' id='block_1_7' title="bbox 503 869 2088 938">
    <p class='ocr_par' dir='ltr' id='par_1_7' title="bbox 503 869 2088 938">
     <span class='ocr_line' id='line_1_7' title="bbox 503 869 2088 938; baseline -0.003 -12"><span class='ocrx_word' id='word_1_48' title='bbox 503 883 558 926; x_wconf 87' lang='lat' dir='ltr'><strong>et</strong></span> <span class='ocrx_word' id='word_1_49' title='bbox 586 873 698 924; x_wconf 76' lang='lat' dir='ltr'><strong>inec</strong></span> <span class='ocrx_word' id='word_1_50' title='bbox 728 887 820 935; x_wconf 85' lang='lat' dir='ltr'><strong>per</strong></span> <span class='ocrx_word' id='word_1_51' title='bbox 842 870 1066 922; x_wconf 88' lang='lat' dir='ltr'><strong>multum</strong></span> <span class='ocrx_word' id='word_1_52' title='bbox 1089 870 1346 938; x_wconf 90' lang='lat' dir='ltr'><strong>temporis</strong></span> <span class='ocrx_word' id='word_1_53' title='bbox 1369 886 1384 932; x_wconf 83' lang='lat'><strong>;</strong></span> <span class='ocrx_word' id='word_1_54' title='bbox 1412 869 1506 922; x_wconf 86' lang='lat' dir='ltr'><strong>sed</strong></span> <span class='ocrx_word' id='word_1_55' title='bbox 1535 883 1750 937; x_wconf 85' lang='lat' dir='ltr'><strong>semper</strong></span> <span class='ocrx_word' id='word_1_56' title='bbox 1775 883 2088 938; x_wconf 83' lang='lat' dir='ltr'><strong>corrumpe-</strong></span> 
     </span>
    </p>
   </div>
   <div class='ocr_carea' id='block_1_8' title="bbox 503 957 2086 1029">
    <p class='ocr_par' dir='ltr' id='par_1_8' title="bbox 503 957 2086 1029">
     <span class='ocr_line' id='line_1_8' title="bbox 503 957 2086 1029; baseline -0.001 -15"><span class='ocrx_word' id='word_1_57' title='bbox 503 963 590 1014; x_wconf 83' lang='lat' dir='ltr'><strong>bat</strong></span> <span class='ocrx_word' id='word_1_58' title='bbox 635 971 789 1014; x_wconf 69' lang='lat' dir='ltr'><strong>terrae</strong></span> <span class='ocrx_word' id='word_1_59' title='bbox 836 957 1058 1028; x_wconf 80' lang='lat' dir='ltr'><strong>glebas,</strong></span> <span class='ocrx_word' id='word_1_60' title='bbox 1109 959 1313 1014; x_wconf 86' lang='lat' dir='ltr'><strong>saniem</strong></span> <span class='ocrx_word' id='word_1_61' title='bbox 1349 959 1599 1014; x_wconf 85' lang='lat' dir='ltr'><strong>eradens.</strong></span> <span class='ocrx_word' id='word_1_62' title='bbox 1630 959 1761 1014; x_wconf 85' lang='lat' dir='ltr'><strong>Tale</strong></span> <span class='ocrx_word' id='word_1_63' title='bbox 1801 959 1926 1029; x_wconf 90' lang='lat' dir='ltr'><strong>quid</strong></span> <span class='ocrx_word' id='word_1_64' title='bbox 1960 967 2086 1013; x_wconf 87' lang='lat' dir='ltr'><strong>tunc</strong></span> 
     </span>
    </p>
   </div>
   <div class='ocr_carea' id='block_1_9' title="bbox 503 1049 2085 1118">
    <p class='ocr_par' dir='ltr' id='par_1_9' title="bbox 503 1049 2085 1118">
     <span class='ocr_line' id='line_1_9' title="bbox 503 1049 2085 1118; baseline 0.003 -18"><span class='ocrx_word' id='word_1_65' title='bbox 503 1053 736 1118; x_wconf 83' lang='lat' dir='ltr'><strong>patietur</strong></span> <span class='ocrx_word' id='word_1_66' title='bbox 764 1051 964 1112; x_wconf 83' lang='lat' dir='ltr'><strong>anima.</strong></span> <span class='ocrx_word' id='word_1_67' title='bbox 995 1066 1112 1106; x_wconf 86' lang='lat' dir='ltr'><strong>eam</strong></span> <span class='ocrx_word' id='word_1_68' title='bbox 1143 1050 1665 1106; x_wconf 83' lang='lat' dir='ltr'><strong>circumsistentibus</strong></span> <span class='ocrx_word' id='word_1_69' title='bbox 1703 1058 1758 1105; x_wconf 91' lang='lat' dir='ltr'><strong>et</strong></span> <span class='ocrx_word' id='word_1_70' title='bbox 1779 1049 2085 1106; x_wconf 86' lang='lat' dir='ltr'><strong>arrodenti-</strong></span> 
     </span>
    </p>
   </div>
   <div class='ocr_carea' id='block_1_10' title="bbox 503 1131 2082 1210">
    <p class='ocr_par' dir='ltr' id='par_1_10' title="bbox 503 1131 2082 1210">
     <span class='ocr_line' id='line_1_10' title="bbox 503 1131 2082 1210; baseline -0.001 -12"><span class='ocrx_word' id='word_1_71' title='bbox 503 1131 600 1198; x_wconf 81' lang='lat' dir='ltr'><strong>bus</strong></span> <span class='ocrx_word' id='word_1_72' title='bbox 626 1144 918 1210; x_wconf 83' lang='lat' dir='ltr'><strong>vermibus,</strong></span> <span class='ocrx_word' id='word_1_73' title='bbox 952 1160 1059 1198; x_wconf 91' lang='lat' dir='ltr'><strong>nun</strong></span> <span class='ocrx_word' id='word_1_74' title='bbox 1091 1144 1224 1198; x_wconf 89' lang='lat' dir='ltr'><strong>duos</strong></span> <span class='ocrx_word' id='word_1_75' title='bbox 1250 1157 1440 1210; x_wconf 88' lang='lat' dir='ltr'><strong>annos,</strong></span> <span class='ocrx_word' id='word_1_76' title='bbox 1471 1158 1570 1198; x_wconf 88' lang='lat' dir='ltr'><strong>nec</strong></span> <span class='ocrx_word' id='word_1_77' title='bbox 1601 1153 1728 1207; x_wconf 88' lang='lat' dir='ltr'><strong>tres,</strong></span> <span class='ocrx_word' id='word_1_78' title='bbox 1753 1159 1851 1198; x_wconf 92' lang='lat' dir='ltr'><strong>nec</strong></span> <span class='ocrx_word' id='word_1_79' title='bbox 1876 1143 2082 1204; x_wconf 82' lang='lat' dir='ltr'><strong>decem.</strong></span> 
     </span>
    </p>
   </div>
   <div class='ocr_carea' id='block_1_11' title="bbox 497 1233 2084 1304">
    <p class='ocr_par' dir='ltr' id='par_1_11' title="bbox 497 1233 2084 1304">
     <span class='ocr_line' id='line_1_11' title="bbox 497 1233 2084 1304; baseline -0.003 -13"><span class='ocrx_word' id='word_1_80' title='bbox 497 1252 602 1291; x_wconf 89' lang='lat' dir='ltr'><strong>nec</strong></span> <span class='ocrx_word' id='word_1_81' title='bbox 633 1246 870 1299; x_wconf 88' lang='lat' dir='ltr'><strong>centum,</strong></span> <span class='ocrx_word' id='word_1_82' title='bbox 905 1251 1004 1290; x_wconf 89' lang='lat' dir='ltr'><strong>nec</strong></span> <span class='ocrx_word' id='word_1_83' title='bbox 1043 1235 1222 1290; x_wconf 85' lang='lat' dir='ltr'><strong>decies</strong></span> <span class='ocrx_word' id='word_1_84' title='bbox 1252 1233 1420 1298; x_wconf 86' lang='lat' dir='ltr'><strong>mille,</strong></span> <span class='ocrx_word' id='word_1_85' title='bbox 1450 1233 1544 1288; x_wconf 87' lang='lat' dir='ltr'><strong>sed</strong></span> <span class='ocrx_word' id='word_1_86' title='bbox 1583 1234 1676 1304; x_wconf 87' lang='lat' dir='ltr'><strong>qui</strong></span> <span class='ocrx_word' id='word_1_87' title='bbox 1705 1250 1992 1302; x_wconf 86' lang='lat' dir='ltr'><strong>numquam</strong></span> <span class='ocrx_word' id='word_1_88' title='bbox 2020 1233 2084 1286; x_wconf 83' lang='lat' dir='ltr'><strong>ti-</strong></span> 
     </span>
    </p>
   </div>
   <div class='ocr_carea' id='block_1_12' title="bbox 499 1325 2086 1396">
    <p class='ocr_par' dir='ltr' id='par_1_12' title="bbox 499 1325 2086 1396">
     <span class='ocr_line' id='line_1_12' title="bbox 499 1325 2086 1396; baseline -0.004 -13"><span class='ocrx_word' id='word_1_89' title='bbox 499 1328 714 1383; x_wconf 88' lang='lat' dir='ltr'><strong>uieutur</strong></span> <span class='ocrx_word' id='word_1_90' title='bbox 747 1345 761 1382; x_wconf 86' lang='lat'><strong>:</strong></span> <span class='ocrx_word' id='word_1_91' title='bbox 799 1325 992 1380; x_wconf 80' lang='lat' dir='ltr'><strong>Vermis</strong></span> <span class='ocrx_word' id='word_1_92' title='bbox 1032 1328 1208 1390; x_wconf 87' lang='lat' dir='ltr'><strong>enim,</strong></span> <span class='ocrx_word' id='word_1_93' title='bbox 1255 1325 1460 1396; x_wconf 90' lang='lat' dir='ltr'><strong>inquit,</strong></span> <span class='ocrx_word' id='word_1_94' title='bbox 1492 1341 1664 1378; x_wconf 83' lang='lat' dir='ltr'><strong>eorum</strong></span> <span class='ocrx_word' id='word_1_95' title='bbox 1707 1339 1809 1378; x_wconf 85' lang='lat' dir='ltr'><strong>non</strong></span> <span class='ocrx_word' id='word_1_96' title='bbox 1847 1325 2086 1378; x_wconf 81' lang='lat' dir='ltr'><strong>morietur</strong></span> 
     </span>
    </p>
   </div>
   <div class='ocr_carea' id='block_1_13' title="bbox 500 1416 2081 1488">
    <p class='ocr_par' dir='ltr' id='par_1_13' title="bbox 500 1416 2081 1488">
     <span class='ocr_line' id='line_1_13' title="bbox 500 1416 2081 1488; baseline -0.001 -16"><span class='ocrx_word' id='word_1_97' title='bbox 500 1420 692 1488; x_wconf 68' lang='grc' dir='ltr'><strong>(Μαῖα.</strong></span> <span class='ocrx_word' id='word_1_98' title='bbox 715 1418 769 1474; x_wconf 87' lang='lat'><strong>9.</strong></span> <span class='ocrx_word' id='word_1_99' title='bbox 789 1419 903 1487; x_wconf 76' lang='grc'><strong>45).</strong></span> <span class='ocrx_word' id='word_1_100' title='bbox 921 1420 1226 1474; x_wconf 78' lang='lat' dir='ltr'><strong>Timeamus</strong></span> <span class='ocrx_word' id='word_1_101' title='bbox 1244 1433 1395 1487; x_wconf 77' lang='lat' dir='ltr'><strong>ergo,</strong></span> <span class='ocrx_word' id='word_1_102' title='bbox 1419 1433 1569 1488; x_wconf 79' lang='lat' dir='ltr'><strong>rogo,</strong></span> <span class='ocrx_word' id='word_1_103' title='bbox 1594 1418 1874 1472; x_wconf 84' lang='lat' dir='ltr'><strong>timeamus</strong></span> <span class='ocrx_word' id='word_1_104' title='bbox 1899 1416 2081 1482; x_wconf 83' lang='lat' dir='ltr'><strong>verba,</strong></span> 
     </span>
    </p>
   </div>
   <div class='ocr_carea' id='block_1_14' title="bbox 500 1506 2079 1579">
    <p class='ocr_par' dir='ltr' id='par_1_14' title="bbox 500 1506 2079 1579">
     <span class='ocr_line' id='line_1_14' title="bbox 500 1506 2079 1579; baseline -0.001 -16"><span class='ocrx_word' id='word_1_105' title='bbox 500 1529 565 1564; x_wconf 86' lang='lat' dir='ltr'><strong>ne</strong></span> <span class='ocrx_word' id='word_1_106' title='bbox 605 1511 657 1563; x_wconf 90' lang='lat' dir='ltr'><strong>in</strong></span> <span class='ocrx_word' id='word_1_107' title='bbox 700 1527 788 1564; x_wconf 81' lang='lat' dir='ltr'><strong>res</strong></span> <span class='ocrx_word' id='word_1_108' title='bbox 841 1510 984 1579; x_wconf 86' lang='lat' dir='ltr'><strong>ipsas</strong></span> <span class='ocrx_word' id='word_1_109' title='bbox 1027 1509 1340 1562; x_wconf 86' lang='lat' dir='ltr'><strong>incidamus.</strong></span> <span class='ocrx_word' id='word_1_110' title='bbox 1378 1509 1614 1562; x_wconf 80' lang='lat' dir='ltr'><strong>Avaritia</strong></span> <span class='ocrx_word' id='word_1_111' title='bbox 1663 1517 1747 1562; x_wconf 90' lang='lat' dir='ltr'><strong>est</strong></span> <span class='ocrx_word' id='word_1_112' title='bbox 1787 1506 2079 1575; x_wconf 84' lang='lat' dir='ltr'><strong>corruptio,</strong></span> 
     </span>
    </p>
   </div>
   <div class='ocr_carea' id='block_1_15' title="bbox 497 1598 2084 1670">
    <p class='ocr_par' dir='ltr' id='par_1_15' title="bbox 497 1598 2084 1670">
     <span class='ocr_line' id='line_1_15' title="bbox 497 1598 2084 1670; baseline -0.002 -16"><span class='ocrx_word' id='word_1_113' title='bbox 497 1603 766 1670; x_wconf 82' lang='lat' dir='ltr'><strong>corruptio</strong></span> <span class='ocrx_word' id='word_1_114' title='bbox 813 1600 1051 1654; x_wconf 90' lang='lat' dir='ltr'><strong>onminm</strong></span> <span class='ocrx_word' id='word_1_115' title='bbox 1090 1601 1420 1670; x_wconf 81' lang='lat' dir='ltr'><strong>gravissima,</strong></span> <span class='ocrx_word' id='word_1_116' title='bbox 1467 1599 1726 1654; x_wconf 86' lang='lat' dir='ltr'><strong>inducens</strong></span> <span class='ocrx_word' id='word_1_117' title='bbox 1756 1598 1824 1652; x_wconf 87' lang='lat' dir='ltr'><strong>ad</strong></span> <span class='ocrx_word' id='word_1_118' title='bbox 1856 1598 2084 1652; x_wconf 80' lang='lat' dir='ltr'><strong>idolola-</strong></span> 
     </span>
    </p>
   </div>
   <div class='ocr_carea' id='block_1_16' title="bbox 499 1689 2085 1760">
    <p class='ocr_par' dir='ltr' id='par_1_16' title="bbox 499 1689 2085 1760">
     <span class='ocr_line' id='line_1_16' title="bbox 499 1689 2085 1760; baseline -0.001 -16"><span class='ocrx_word' id='word_1_119' title='bbox 499 1691 653 1744; x_wconf 86' lang='lat' dir='ltr'><strong>triam</strong></span> <span class='ocrx_word' id='word_1_120' title='bbox 682 1708 695 1743; x_wconf 86' lang='lat'><strong>:</strong></span> <span class='ocrx_word' id='word_1_121' title='bbox 719 1689 982 1760; x_wconf 74' lang='lat' dir='ltr'><strong>fugiamus</strong></span> <span class='ocrx_word' id='word_1_122' title='bbox 1003 1689 1426 1759; x_wconf 84' lang='lat' dir='ltr'><strong>Corrtlptiottetn,</strong></span> <span class='ocrx_word' id='word_1_123' title='bbox 1446 1691 1704 1760; x_wconf 82' lang='lat' dir='ltr'><strong>eligamus</strong></span> <span class='ocrx_word' id='word_1_124' title='bbox 1728 1690 2085 1758; x_wconf 88' lang='lat' dir='ltr'><strong>incorruptio-</strong></span> 
     </span>
    </p>
   </div>
   <div class='ocr_carea' id='block_1_17' title="bbox 498 1781 2080 1850">
    <p class='ocr_par' dir='ltr' id='par_1_17' title="bbox 498 1781 2080 1850">
     <span class='ocr_line' id='line_1_17' title="bbox 498 1781 2080 1850; baseline 0.001 -16"><span class='ocrx_word' id='word_1_125' title='bbox 498 1797 642 1834; x_wconf 86' lang='lat' dir='ltr'><strong>nem.</strong></span> <span class='ocrx_word' id='word_1_126' title='bbox 676 1781 831 1834; x_wconf 86' lang='lat' dir='ltr'><strong>Huue</strong></span> <span class='ocrx_word' id='word_1_127' title='bbox 857 1781 1072 1850; x_wconf 86' lang='lat' dir='ltr'><strong>quidem</strong></span> <span class='ocrx_word' id='word_1_128' title='bbox 1101 1791 1190 1835; x_wconf 91' lang='lat' dir='ltr'><strong>aut</strong></span> <span class='ocrx_word' id='word_1_129' title='bbox 1224 1781 1370 1835; x_wconf 90' lang='lat' dir='ltr'><strong>illum</strong></span> <span class='ocrx_word' id='word_1_130' title='bbox 1398 1797 1493 1850; x_wconf 87' lang='lat' dir='ltr'><strong>per</strong></span> <span class='ocrx_word' id='word_1_131' title='bbox 1513 1782 1791 1835; x_wconf 82' lang='lat' dir='ltr'><strong>avaritiam</strong></span> <span class='ocrx_word' id='word_1_132' title='bbox 1823 1781 2080 1836; x_wconf 82' lang='lat' dir='ltr'><strong>fraudasti</strong></span> 
     </span>
    </p>
   </div>
   <div class='ocr_carea' id='block_1_18' title="bbox 497 1871 2080 1942">
    <p class='ocr_par' dir='ltr' id='par_1_18' title="bbox 497 1871 2080 1942">
     <span class='ocr_line' id='line_1_18' title="bbox 497 1871 2080 1942; baseline 0.001 -18"><span class='ocrx_word' id='word_1_133' title='bbox 497 1880 549 1924; x_wconf 90' lang='lat' dir='ltr'><strong>et</strong></span> <span class='ocrx_word' id='word_1_134' title='bbox 581 1871 725 1940; x_wconf 89' lang='lat' dir='ltr'><strong>plura</strong></span> <span class='ocrx_word' id='word_1_135' title='bbox 758 1871 1087 1941; x_wconf 75' lang='lat' dir='ltr'><strong>acquisivisti</strong></span> <span class='ocrx_word' id='word_1_136' title='bbox 1119 1871 1291 1939; x_wconf 75' lang='lat' dir='ltr'><strong>‘?Qu;e</strong></span> <span class='ocrx_word' id='word_1_137' title='bbox 1324 1887 1418 1940; x_wconf 87' lang='lat' dir='ltr'><strong>per</strong></span> <span class='ocrx_word' id='word_1_138' title='bbox 1439 1872 1715 1926; x_wconf 79' lang='lat' dir='ltr'><strong>avaritiam</strong></span> <span class='ocrx_word' id='word_1_139' title='bbox 1747 1882 1870 1926; x_wconf 87' lang='lat' dir='ltr'><strong>sunt</strong></span> <span class='ocrx_word' id='word_1_140' title='bbox 1895 1874 2080 1942; x_wconf 90' lang='lat' dir='ltr'><strong>acqui-</strong></span> 
     </span>
    </p>
   </div>
   <div class='ocr_carea' id='block_1_19' title="bbox 495 1963 2081 2034">
    <p class='ocr_par' dir='ltr' id='par_1_19' title="bbox 495 1963 2081 2034">
     <span class='ocr_line' id='line_1_19' title="bbox 495 1963 2081 2034; baseline 0.003 -21"><span class='ocrx_word' id='word_1_141' title='bbox 495 1963 593 2015; x_wconf 87' lang='lat' dir='ltr'><strong>sita</strong></span> <span class='ocrx_word' id='word_1_142' title='bbox 624 1972 1065 2032; x_wconf 88' lang='lat' dir='ltr'><strong>corrumpuntur,</strong></span> <span class='ocrx_word' id='word_1_143' title='bbox 1098 1971 1278 2016; x_wconf 87' lang='lat' dir='ltr'><strong>manet</strong></span> <span class='ocrx_word' id='word_1_144' title='bbox 1304 1973 1480 2017; x_wconf 84' lang='lat' dir='ltr'><strong>autem</strong></span> <span class='ocrx_word' id='word_1_145' title='bbox 1522 1963 1763 2026; x_wconf 83' lang='lat' dir='ltr'><strong>avaritia,</strong></span> <span class='ocrx_word' id='word_1_146' title='bbox 1809 1966 2081 2034; x_wconf 86' lang='lat' dir='ltr'><strong>corruptio</strong></span> 
     </span>
    </p>
   </div>
   <div class='ocr_carea' id='block_1_20' title="bbox 494 2054 2077 2126">
    <p class='ocr_par' dir='ltr' id='par_1_20' title="bbox 494 2054 2077 2126">
     <span class='ocr_line' id='line_1_20' title="bbox 494 2054 2077 2126; baseline 0 -19"><span class='ocrx_word' id='word_1_147' title='bbox 494 2069 651 2107; x_wconf 84' lang='lat' dir='ltr'><strong>causa</strong></span> <span class='ocrx_word' id='word_1_148' title='bbox 691 2054 1106 2121; x_wconf 82' lang='lat' dir='ltr'><strong>ineorruptiouis</strong></span> <span class='ocrx_word' id='word_1_149' title='bbox 1139 2071 1152 2104; x_wconf 87' lang='lat'><strong>:</strong></span> <span class='ocrx_word' id='word_1_150' title='bbox 1197 2055 1388 2108; x_wconf 85' lang='lat' dir='ltr'><strong>transit</strong></span> <span class='ocrx_word' id='word_1_151' title='bbox 1431 2054 1647 2123; x_wconf 88' lang='lat' dir='ltr'><strong>quidem</strong></span> <span class='ocrx_word' id='word_1_152' title='bbox 1693 2056 1939 2124; x_wconf 85' lang='lat' dir='ltr'><strong>voluptas</strong></span> <span class='ocrx_word' id='word_1_153' title='bbox 1976 2074 2077 2126; x_wconf 86' lang='lat' dir='ltr'><strong>qua</strong></span> 
     </span>
    </p>
   </div>
   <div class='ocr_carea' id='block_1_21' title="bbox 494 2143 2080 2216">
    <p class='ocr_par' dir='ltr' id='par_1_21' title="bbox 494 2143 2080 2216">
     <span class='ocr_line' id='line_1_21' title="bbox 494 2143 2080 2216; baseline 0.003 -18"><span class='ocrx_word' id='word_1_154' title='bbox 494 2143 720 2210; x_wconf 81' lang='lat' dir='ltr'><strong>t’rm-ris,</strong></span> <span class='ocrx_word' id='word_1_155' title='bbox 771 2153 949 2198; x_wconf 83' lang='lat' dir='ltr'><strong>manet</strong></span> <span class='ocrx_word' id='word_1_156' title='bbox 990 2155 1167 2199; x_wconf 89' lang='lat' dir='ltr'><strong>autem</strong></span> <span class='ocrx_word' id='word_1_157' title='bbox 1219 2153 1492 2214; x_wconf 87' lang='lat' dir='ltr'><strong>peccatum</strong></span> <span class='ocrx_word' id='word_1_158' title='bbox 1534 2145 1584 2198; x_wconf 88' lang='lat' dir='ltr'><strong>in</strong></span> <span class='ocrx_word' id='word_1_159' title='bbox 1627 2148 1766 2216; x_wconf 85' lang='lat' dir='ltr'><strong>quod</strong></span> <span class='ocrx_word' id='word_1_160' title='bbox 1801 2163 1906 2202; x_wconf 91' lang='lat' dir='ltr'><strong>non</strong></span> <span class='ocrx_word' id='word_1_161' title='bbox 1937 2149 2080 2203; x_wconf 87' lang='lat' dir='ltr'><strong>cadit</strong></span> 
     </span>
    </p>
   </div>
   <div class='ocr_carea' id='block_1_22' title="bbox 493 2235 2077 2307">
    <p class='ocr_par' dir='ltr' id='par_1_22' title="bbox 493 2235 2077 2307">
     <span class='ocr_line' id='line_1_22' title="bbox 493 2235 2077 2307; baseline 0.006 -21"><span class='ocrx_word' id='word_1_162' title='bbox 493 2235 787 2304; x_wconf 75' lang='lat' dir='ltr'><strong>corruptio.</strong></span> <span class='ocrx_word' id='word_1_163' title='bbox 819 2235 992 2290; x_wconf 82' lang='lat' dir='ltr'><strong>Grave</strong></span> <span class='ocrx_word' id='word_1_164' title='bbox 1016 2246 1097 2289; x_wconf 89' lang='lat' dir='ltr'><strong>est</strong></span> <span class='ocrx_word' id='word_1_165' title='bbox 1122 2237 1317 2289; x_wconf 88' lang='lat' dir='ltr'><strong>malmn</strong></span> <span class='ocrx_word' id='word_1_166' title='bbox 1348 2253 1452 2290; x_wconf 90' lang='lat' dir='ltr'><strong>non</strong></span> <span class='ocrx_word' id='word_1_167' title='bbox 1486 2237 1535 2291; x_wconf 91' lang='lat' dir='ltr'><strong>in</strong></span> <span class='ocrx_word' id='word_1_168' title='bbox 1561 2241 1811 2307; x_wconf 67' lang='lat' dir='ltr'><strong>prmsenti</strong></span> <span class='ocrx_word' id='word_1_169' title='bbox 1835 2243 1941 2295; x_wconf 86' lang='lat' dir='ltr'><strong>vita</strong></span> <span class='ocrx_word' id='word_1_170' title='bbox 1961 2258 2077 2296; x_wconf 87' lang='lat' dir='ltr'><strong>om-</strong></span> 
     </span>
    </p>
   </div>
   <div class='ocr_carea' id='block_1_23' title="bbox 493 2327 2077 2395">
    <p class='ocr_par' dir='ltr' id='par_1_23' title="bbox 493 2327 2077 2395">
     <span class='ocr_line' id='line_1_23' title="bbox 493 2327 2077 2395; baseline 0.006 -17"><span class='ocrx_word' id='word_1_171' title='bbox 493 2327 577 2378; x_wconf 89' lang='lat' dir='ltr'><strong>nia</strong></span> <span class='ocrx_word' id='word_1_172' title='bbox 613 2341 811 2380; x_wconf 69' lang='lat' dir='ltr'><strong>exuere</strong></span> <span class='ocrx_word' id='word_1_173' title='bbox 842 2342 855 2378; x_wconf 89' lang='lat'><strong>:</strong></span> <span class='ocrx_word' id='word_1_174' title='bbox 889 2341 1077 2395; x_wconf 81' lang='lat' dir='ltr'><strong>magna</strong></span> <span class='ocrx_word' id='word_1_175' title='bbox 1105 2338 1185 2381; x_wconf 89' lang='lat' dir='ltr'><strong>est</strong></span> <span class='ocrx_word' id='word_1_176' title='bbox 1211 2328 1490 2384; x_wconf 82' lang='lat' dir='ltr'><strong>calamitas</strong></span> <span class='ocrx_word' id='word_1_177' title='bbox 1520 2329 1644 2384; x_wconf 88' lang='lat' dir='ltr'><strong>hinc</strong></span> <span class='ocrx_word' id='word_1_178' title='bbox 1687 2333 1949 2388; x_wconf 82' lang='lat' dir='ltr'><strong>excedere</strong></span> <span class='ocrx_word' id='word_1_179' title='bbox 1977 2334 2077 2388; x_wconf 85' lang='lat' dir='ltr'><strong>ha-</strong></span> 
     </span>
    </p>
   </div>
   <div class='ocr_carea' id='block_1_24' title="bbox 492 2419 2072 2497">
    <p class='ocr_par' dir='ltr' id='par_1_24' title="bbox 492 2419 2072 2497">
     <span class='ocr_line' id='line_1_24' title="bbox 492 2419 2072 2497; baseline 0.005 -25"><span class='ocrx_word' id='word_1_180' title='bbox 492 2419 679 2474; x_wconf 86' lang='lat' dir='ltr'><strong>bentes</strong></span> <span class='ocrx_word' id='word_1_181' title='bbox 719 2435 908 2489; x_wconf 76' lang='lat' dir='ltr'><strong>magna</strong></span> <span class='ocrx_word' id='word_1_182' title='bbox 952 2431 1292 2489; x_wconf 86' lang='lat' dir='ltr'><strong>peccatorum</strong></span> <span class='ocrx_word' id='word_1_183' title='bbox 1337 2437 1503 2477; x_wconf 87' lang='lat' dir='ltr'><strong>onera</strong></span> <span class='ocrx_word' id='word_1_184' title='bbox 1533 2440 1546 2475; x_wconf 88' lang='lat'><strong>:</strong></span> <span class='ocrx_word' id='word_1_185' title='bbox 1582 2439 1704 2478; x_wconf 85' lang='lat' dir='ltr'><strong>nam</strong></span> <span class='ocrx_word' id='word_1_186' title='bbox 1734 2424 1801 2478; x_wconf 87' lang='lat' dir='ltr'><strong>In</strong></span> <span class='ocrx_word' id='word_1_187' title='bbox 1832 2427 2034 2497; x_wconf 81' lang='lat' dir='ltr'><strong>inferno</strong></span> <span class='ocrx_word' id='word_1_188' title='bbox 2058 2469 2072 2493; x_wconf 96' lang='lat'><strong>,</strong></span> 
     </span>
    </p>
   </div>
   <div class='ocr_carea' id='block_1_25' title="bbox 493 2509 2078 2587">
    <p class='ocr_par' dir='ltr' id='par_1_25' title="bbox 493 2509 2078 2587">
     <span class='ocr_line' id='line_1_25' title="bbox 493 2509 2078 2587; baseline 0.006 -24"><span class='ocrx_word' id='word_1_189' title='bbox 493 2509 682 2576; x_wconf 86' lang='lat' dir='ltr'><strong>inquit,</strong></span> <span class='ocrx_word' id='word_1_190' title='bbox 722 2511 835 2579; x_wconf 85' lang='lat' dir='ltr'><strong>quis</strong></span> <span class='ocrx_word' id='word_1_191' title='bbox 871 2512 1190 2579; x_wconf 74' lang='lat' dir='ltr'><strong>conﬁtebitur</strong></span> <span class='ocrx_word' id='word_1_192' title='bbox 1217 2513 1303 2566; x_wconf 79' lang='lat' dir='ltr'><strong>tibi</strong></span> <span class='ocrx_word' id='word_1_193' title='bbox 1326 2513 1496 2584; x_wconf 83' lang='lat' dir='ltr'><strong>(Psal.</strong></span> <span class='ocrx_word' id='word_1_194' title='bbox 1522 2514 1574 2568; x_wconf 84' lang='lat'><strong>6.</strong></span> <span class='ocrx_word' id='word_1_195' title='bbox 1601 2515 1657 2587; x_wconf 87' lang='lat'><strong>6)</strong></span> <span class='ocrx_word' id='word_1_196' title='bbox 1681 2517 1704 2570; x_wconf 70' lang='grc' dir='ltr'><em>Υ</em></span> <span class='ocrx_word' id='word_1_197' title='bbox 1733 2517 1843 2572; x_wconf 86' lang='lat' dir='ltr'><strong>Illic</strong></span> <span class='ocrx_word' id='word_1_198' title='bbox 1872 2527 1956 2572; x_wconf 89' lang='lat' dir='ltr'><strong>est</strong></span> <span class='ocrx_word' id='word_1_199' title='bbox 1988 2520 2078 2586; x_wconf 82' lang='lat' dir='ltr'><strong>ju-</strong></span> 
     </span>
    </p>
   </div>
   <div class='ocr_carea' id='block_1_26' title="bbox 493 2599 2074 2676">
    <p class='ocr_par' dir='ltr' id='par_1_26' title="bbox 493 2599 2074 2676">
     <span class='ocr_line' id='line_1_26' title="bbox 493 2599 2074 2676; baseline 0.008 -23"><span class='ocrx_word' id='word_1_200' title='bbox 493 2599 714 2666; x_wconf 78' lang='lat' dir='ltr'><strong>dicium,</strong></span> <span class='ocrx_word' id='word_1_201' title='bbox 749 2603 1072 2670; x_wconf 75' lang='lat' dir='ltr'><strong>poenitentia:</strong></span> <span class='ocrx_word' id='word_1_202' title='bbox 1111 2604 1218 2671; x_wconf 87' lang='lat' dir='ltr'><strong>jam</strong></span> <span class='ocrx_word' id='word_1_203' title='bbox 1265 2619 1371 2659; x_wconf 90' lang='lat' dir='ltr'><strong>non</strong></span> <span class='ocrx_word' id='word_1_204' title='bbox 1413 2617 1498 2660; x_wconf 87' lang='lat' dir='ltr'><strong>est</strong></span> <span class='ocrx_word' id='word_1_205' title='bbox 1547 2616 1776 2676; x_wconf 81' lang='lat' dir='ltr'><strong>tempus.</strong></span> <span class='ocrx_word' id='word_1_206' title='bbox 1809 2609 2074 2675; x_wconf 85' lang='lat' dir='ltr'><strong>Quantum</strong></span> 
     </span>
    </p>
   </div>
   <div class='ocr_carea' id='block_1_27' title="bbox 490 2690 2075 2764">
    <p class='ocr_par' dir='ltr' id='par_1_27' title="bbox 490 2690 2075 2764">
     <span class='ocr_line' id='line_1_27' title="bbox 490 2690 2075 2764; baseline 0.008 -20"><span class='ocrx_word' id='word_1_207' title='bbox 490 2690 649 2745; x_wconf 80' lang='lat' dir='ltr'><strong>tlebat</strong></span> <span class='ocrx_word' id='word_1_208' title='bbox 680 2692 829 2748; x_wconf 75' lang='lat' dir='ltr'><strong>dives</strong></span> <span class='ocrx_word' id='word_1_209' title='bbox 853 2695 876 2732; x_wconf 70' lang='grc' dir='ltr'><strong><em>ν</em></strong></span> <span class='ocrx_word' id='word_1_210' title='bbox 902 2705 957 2747; x_wconf 90' lang='lat' dir='ltr'><strong>et</strong></span> <span class='ocrx_word' id='word_1_211' title='bbox 986 2693 1116 2748; x_wconf 86' lang='lat' dir='ltr'><strong>nihil</strong></span> <span class='ocrx_word' id='word_1_212' title='bbox 1147 2691 1342 2750; x_wconf 68' lang='lat' dir='ltr'><strong>effecit.</strong></span> <span class='ocrx_word' id='word_1_213' title='bbox 1409 2697 1578 2764; x_wconf 88' lang='lat' dir='ltr'><strong>Quam</strong></span> <span class='ocrx_word' id='word_1_214' title='bbox 1624 2699 1792 2754; x_wconf 87' lang='lat' dir='ltr'><strong>multa</strong></span> <span class='ocrx_word' id='word_1_215' title='bbox 1821 2701 2075 2758; x_wconf 75' lang='lat' dir='ltr'><strong>dixerunt</strong></span> 
     </span>
    </p>
   </div>
   <div class='ocr_carea' id='block_1_28' title="bbox 2196 403 3777 472">
    <p class='ocr_par' dir='ltr' id='par_1_28' title="bbox 2196 403 3777 472">
     <span class='ocr_line' id='line_1_28' title="bbox 2196 403 3777 472; baseline 0.012 -20"><span class='ocrx_word' id='word_1_216' title='bbox 2196 404 2284 472; x_wconf 87' lang='lat' dir='ltr'><strong>qui</strong></span> <span class='ocrx_word' id='word_1_217' title='bbox 2311 403 2578 460; x_wconf 62' lang='lat' dir='ltr'><strong>Christum</strong></span> <span class='ocrx_word' id='word_1_218' title='bbox 2605 421 2713 462; x_wconf 90' lang='lat' dir='ltr'><strong>non</strong></span> <span class='ocrx_word' id='word_1_219' title='bbox 2738 407 3012 463; x_wconf 84' lang='lat' dir='ltr'><strong>aluerunt!</strong></span> <span class='ocrx_word' id='word_1_220' title='bbox 3061 411 3152 465; x_wconf 72' lang='lat' dir='ltr'><strong>setl</strong></span> <span class='ocrx_word' id='word_1_221' title='bbox 3209 423 3380 468; x_wconf 78' lang='lat' dir='ltr'><strong>tamen</strong></span> <span class='ocrx_word' id='word_1_222' title='bbox 3411 413 3626 470; x_wconf 84' lang='lat' dir='ltr'><strong>abducti</strong></span> <span class='ocrx_word' id='word_1_223' title='bbox 3653 428 3777 471; x_wconf 84' lang='lat' dir='ltr'><strong>sunt</strong></span> 
     </span>
    </p>
   </div>
   <div class='ocr_carea' id='block_1_29' title="bbox 2197 494 3774 577">
    <p class='ocr_par' dir='ltr' id='par_1_29' title="bbox 2197 494 3774 577">
     <span class='ocr_line' id='line_1_29' title="bbox 2197 494 3774 577; baseline 0.01 -31"><span class='ocrx_word' id='word_1_224' title='bbox 2197 494 2246 546; x_wconf 89' lang='lat' dir='ltr'><strong>in</strong></span> <span class='ocrx_word' id='word_1_225' title='bbox 2278 495 2450 564; x_wconf 80' lang='lat' dir='ltr'><strong>ignem</strong></span> <span class='ocrx_word' id='word_1_226' title='bbox 2479 506 2759 551; x_wconf 80' lang='lat' dir='ltr'><strong>:etcrnum.</strong></span> <span class='ocrx_word' id='word_1_227' title='bbox 2789 498 2957 566; x_wconf 85' lang='lat' dir='ltr'><strong>Quam</strong></span> <span class='ocrx_word' id='word_1_228' title='bbox 2986 504 3148 555; x_wconf 87' lang='lat' dir='ltr'><strong>multa</strong></span> <span class='ocrx_word' id='word_1_229' title='bbox 3185 503 3438 558; x_wconf 72' lang='lat' dir='ltr'><strong>dixerunt</strong></span> <span class='ocrx_word' id='word_1_230' title='bbox 3463 508 3550 575; x_wconf 86' lang='lat' dir='ltr'><strong>qui</strong></span> <span class='ocrx_word' id='word_1_231' title='bbox 3578 507 3774 577; x_wconf 85' lang='lat' dir='ltr'><strong>iniqui-</strong></span> 
     </span>
    </p>
   </div>
   <div class='ocr_carea' id='block_1_30' title="bbox 2197 585 3774 666">
    <p class='ocr_par' dir='ltr' id='par_1_30' title="bbox 2197 585 3774 666">
     <span class='ocr_line' id='line_1_30' title="bbox 2197 585 3774 666; baseline 0.009 -28"><span class='ocrx_word' id='word_1_232' title='bbox 2197 595 2354 640; x_wconf 88' lang='lat' dir='ltr'><strong>tatem</strong></span> <span class='ocrx_word' id='word_1_233' title='bbox 2395 585 2653 649; x_wconf 85' lang='lat' dir='ltr'><strong>t&#39;ccerunt,</strong></span> <span class='ocrx_word' id='word_1_234' title='bbox 2684 588 2920 656; x_wconf 84' lang='lat' dir='ltr'><strong>Domine,</strong></span> <span class='ocrx_word' id='word_1_235' title='bbox 2959 609 3058 644; x_wconf 86' lang='lat' dir='ltr'><strong>non</strong></span> <span class='ocrx_word' id='word_1_236' title='bbox 3084 595 3134 646; x_wconf 83' lang='lat' dir='ltr'><strong>in</strong></span> <span class='ocrx_word' id='word_1_237' title='bbox 3165 596 3366 648; x_wconf 78' lang='lat' dir='ltr'><strong>nomine</strong></span> <span class='ocrx_word' id='word_1_238' title='bbox 3393 609 3480 650; x_wconf 83' lang='lat' dir='ltr'><strong>tuo</strong></span> <span class='ocrx_word' id='word_1_239' title='bbox 3503 600 3774 666; x_wconf 78' lang='lat' dir='ltr'><strong>propheta-</strong></span> 
     </span>
    </p>
   </div>
   <div class='ocr_carea' id='block_1_31' title="bbox 2193 678 3775 760">
    <p class='ocr_par' dir='ltr' id='par_1_31' title="bbox 2193 678 3775 760">
     <span class='ocr_line' id='line_1_31' title="bbox 2193 678 3775 760; baseline 0.01 -31"><span class='ocrx_word' id='word_1_240' title='bbox 2193 678 2371 743; x_wconf 80' lang='lat' dir='ltr'><strong>vimus,</strong></span> <span class='ocrx_word' id='word_1_241' title='bbox 2387 689 2432 732; x_wconf 83' lang='lat' dir='ltr'><strong>et</strong></span> <span class='ocrx_word' id='word_1_242' title='bbox 2451 680 2502 732; x_wconf 83' lang='lat' dir='ltr'><strong>in</strong></span> <span class='ocrx_word' id='word_1_243' title='bbox 2515 682 2715 734; x_wconf 79' lang='lat' dir='ltr'><strong>nomine</strong></span> <span class='ocrx_word' id='word_1_244' title='bbox 2730 690 2816 736; x_wconf 88' lang='lat' dir='ltr'><strong>tuo</strong></span> <span class='ocrx_word' id='word_1_245' title='bbox 2832 682 3080 738; x_wconf 67' lang='lat' dir='ltr'><strong>demonia</strong></span> <span class='ocrx_word' id='word_1_246' title='bbox 3097 687 3333 754; x_wconf 80' lang='lat' dir='ltr'><strong>ejecimns</strong></span> <span class='ocrx_word' id='word_1_247' title='bbox 3351 688 3564 760; x_wconf 76' lang='lat' dir='ltr'><strong>(Matth.</strong></span> <span class='ocrx_word' id='word_1_248' title='bbox 3583 692 3635 744; x_wconf 89' lang='lat'><strong>7.</strong></span> <span class='ocrx_word' id='word_1_249' title='bbox 3653 691 3724 745; x_wconf 66' lang='grc'><strong>92</strong></span> <span class='ocrx_word' id='word_1_250' title='bbox 3738 694 3775 753; x_wconf 80' lang='lat'><strong>)?</strong></span> 
     </span>
    </p>
   </div>
   <div class='ocr_carea' id='block_1_32' title="bbox 2191 776 3773 850">
    <p class='ocr_par' dir='ltr' id='par_1_32' title="bbox 2191 776 3773 850">
     <span class='ocr_line' id='line_1_32' title="bbox 2191 776 3773 850; baseline 0.008 -27"><span class='ocrx_word' id='word_1_251' title='bbox 2191 778 2247 823; x_wconf 89' lang='lat' dir='ltr'><strong>et</strong></span> <span class='ocrx_word' id='word_1_252' title='bbox 2281 778 2455 825; x_wconf 88' lang='lat' dir='ltr'><strong>tamen</strong></span> <span class='ocrx_word' id='word_1_253' title='bbox 2492 787 2596 826; x_wconf 86' lang='lat' dir='ltr'><strong>non</strong></span> <span class='ocrx_word' id='word_1_254' title='bbox 2623 785 2740 826; x_wconf 83' lang='lat' dir='ltr'><strong>sunt</strong></span> <span class='ocrx_word' id='word_1_255' title='bbox 2771 776 2986 844; x_wconf 82' lang='lat' dir='ltr'><strong>cogniti.</strong></span> <span class='ocrx_word' id='word_1_256' title='bbox 3031 779 3218 830; x_wconf 85' lang='lat' dir='ltr'><strong>Omnia</strong></span> <span class='ocrx_word' id='word_1_257' title='bbox 3251 781 3362 832; x_wconf 74' lang='lat' dir='ltr'><strong>ltzrc</strong></span> <span class='ocrx_word' id='word_1_258' title='bbox 3389 782 3603 850; x_wconf 82' lang='lat' dir='ltr'><strong>quidem</strong></span> <span class='ocrx_word' id='word_1_259' title='bbox 3649 795 3773 837; x_wconf 68' lang='lat' dir='ltr'><strong>tunc:</strong></span> 
     </span>
    </p>
   </div>
   <div class='ocr_carea' id='block_1_33' title="bbox 2195 861 3774 935">
    <p class='ocr_par' dir='ltr' id='par_1_33' title="bbox 2195 861 3774 935">
     <span class='ocr_line' id='line_1_33' title="bbox 2195 861 3774 935; baseline 0.008 -21"><span class='ocrx_word' id='word_1_260' title='bbox 2195 861 2348 929; x_wconf 81' lang='lat' dir='ltr'><strong>tiunt,</strong></span> <span class='ocrx_word' id='word_1_261' title='bbox 2377 863 2471 918; x_wconf 89' lang='lat' dir='ltr'><strong>sed</strong></span> <span class='ocrx_word' id='word_1_262' title='bbox 2500 865 2839 935; x_wconf 88' lang='lat' dir='ltr'><strong>nibiljnvant</strong></span> <span class='ocrx_word' id='word_1_263' title='bbox 2866 867 2966 921; x_wconf 84' lang='lat' dir='ltr'><strong>nisi</strong></span> <span class='ocrx_word' id='word_1_264' title='bbox 2995 885 3134 923; x_wconf 88' lang='lat' dir='ltr'><strong>nunc</strong></span> <span class='ocrx_word' id='word_1_265' title='bbox 3159 870 3293 924; x_wconf 77' lang='lat' dir='ltr'><strong>facta</strong></span> <span class='ocrx_word' id='word_1_266' title='bbox 3321 872 3533 926; x_wconf 78' lang='lat' dir='ltr'><strong>fuerint.</strong></span> <span class='ocrx_word' id='word_1_267' title='bbox 3562 873 3774 928; x_wconf 82' lang='lat' dir='ltr'><strong>Timea-</strong></span> 
     </span>
    </p>
   </div>
   <div class='ocr_carea' id='block_1_34' title="bbox 2193 958 3772 1036">
    <p class='ocr_par' dir='ltr' id='par_1_34' title="bbox 2193 958 3772 1036">
     <span class='ocr_line' id='line_1_34' title="bbox 2193 958 3772 1036; baseline 0.008 -28"><span class='ocrx_word' id='word_1_268' title='bbox 2193 969 2312 1008; x_wconf 89' lang='lat' dir='ltr'><strong>mus</strong></span> <span class='ocrx_word' id='word_1_269' title='bbox 2339 970 2467 1026; x_wconf 77' lang='lat' dir='ltr'><strong>ergo</strong></span> <span class='ocrx_word' id='word_1_270' title='bbox 2504 971 2572 1012; x_wconf 90' lang='lat' dir='ltr'><strong>ne</strong></span> <span class='ocrx_word' id='word_1_271' title='bbox 2598 958 2735 1012; x_wconf 77' lang='lat' dir='ltr'><strong>forte</strong></span> <span class='ocrx_word' id='word_1_272' title='bbox 2767 971 2892 1014; x_wconf 86' lang='lat' dir='ltr'><strong>tunc</strong></span> <span class='ocrx_word' id='word_1_273' title='bbox 2918 961 3184 1027; x_wconf 80' lang='lat' dir='ltr'><strong>dicamus,</strong></span> <span class='ocrx_word' id='word_1_274' title='bbox 3226 961 3464 1030; x_wconf 79' lang='lat' dir='ltr'><strong>Domine,</strong></span> <span class='ocrx_word' id='word_1_275' title='bbox 3496 969 3698 1036; x_wconf 73' lang='lat' dir='ltr'><strong>quando</strong></span> <span class='ocrx_word' id='word_1_276' title='bbox 3726 979 3772 1020; x_wconf 84' lang='lat' dir='ltr'><strong>te</strong></span> 
     </span>
    </p>
   </div>
   <div class='ocr_carea' id='block_1_35' title="bbox 2191 1043 3771 1126">
    <p class='ocr_par' dir='ltr' id='par_1_35' title="bbox 2191 1043 3771 1126">
     <span class='ocr_line' id='line_1_35' title="bbox 2191 1043 3771 1126; baseline 0.011 -30"><span class='ocrx_word' id='word_1_277' title='bbox 2191 1043 2405 1099; x_wconf 81' lang='lat' dir='ltr'><strong>vidimus</strong></span> <span class='ocrx_word' id='word_1_278' title='bbox 2430 1048 2759 1112; x_wconf 73' lang='lat' dir='ltr'><strong>esurientem,</strong></span> <span class='ocrx_word' id='word_1_279' title='bbox 2796 1061 2842 1104; x_wconf 86' lang='lat' dir='ltr'><strong>et</strong></span> <span class='ocrx_word' id='word_1_280' title='bbox 2882 1043 2981 1105; x_wconf 74' lang='lat' dir='ltr'><strong>non</strong></span> <span class='ocrx_word' id='word_1_281' title='bbox 3024 1052 3245 1108; x_wconf 83' lang='lat' dir='ltr'><strong>aluimus</strong></span> <span class='ocrx_word' id='word_1_282' title='bbox 3293 1054 3470 1120; x_wconf 75' lang='lat' dir='ltr'><strong>(Ibid.</strong></span> <span class='ocrx_word' id='word_1_283' title='bbox 3503 1058 3594 1112; x_wconf 66' lang='lat'><strong>25.</strong></span> <span class='ocrx_word' id='word_1_284' title='bbox 3627 1061 3692 1113; x_wconf 82' lang='grc'><strong>57</strong></span> <span class='ocrx_word' id='word_1_285' title='bbox 3719 1061 3771 1126; x_wconf 76' lang='lat'><strong>)?</strong></span> 
     </span>
    </p>
   </div>
   <div class='ocr_carea' id='block_1_36' title="bbox 2189 1135 3770 1211">
    <p class='ocr_par' dir='ltr' id='par_1_36' title="bbox 2189 1135 3770 1211">
     <span class='ocr_line' id='line_1_36' title="bbox 2189 1135 3770 1211; baseline 0.009 -21"><span class='ocrx_word' id='word_1_286' title='bbox 2189 1135 2340 1191; x_wconf 84' lang='lat' dir='ltr'><strong>Nunc</strong></span> <span class='ocrx_word' id='word_1_287' title='bbox 2379 1138 2552 1206; x_wconf 89' lang='lat' dir='ltr'><strong>ipsum</strong></span> <span class='ocrx_word' id='word_1_288' title='bbox 2594 1141 2911 1207; x_wconf 86' lang='lat' dir='ltr'><strong>nutriamus,</strong></span> <span class='ocrx_word' id='word_1_289' title='bbox 2953 1158 3058 1197; x_wconf 87' lang='lat' dir='ltr'><strong>non</strong></span> <span class='ocrx_word' id='word_1_290' title='bbox 3107 1160 3236 1211; x_wconf 89' lang='lat' dir='ltr'><strong>uno,</strong></span> <span class='ocrx_word' id='word_1_291' title='bbox 3279 1155 3374 1200; x_wconf 84' lang='lat' dir='ltr'><strong>aut</strong></span> <span class='ocrx_word' id='word_1_292' title='bbox 3411 1148 3639 1209; x_wconf 74' lang='lat' dir='ltr'><strong>duobus.</strong></span> <span class='ocrx_word' id='word_1_293' title='bbox 3679 1161 3770 1205; x_wconf 77' lang='lat' dir='ltr'><strong>aut</strong></span> 
     </span>
    </p>
   </div>
   <div class='ocr_carea' id='block_1_37' title="bbox 2191 1228 3772 1308">
    <p class='ocr_par' dir='ltr' id='par_1_37' title="bbox 2191 1228 3772 1308">
     <span class='ocr_line' id='line_1_37' title="bbox 2191 1228 3772 1308; baseline 0.009 -26"><span class='ocrx_word' id='word_1_294' title='bbox 2191 1228 2359 1283; x_wconf 89' lang='lat' dir='ltr'><strong>tribus</strong></span> <span class='ocrx_word' id='word_1_295' title='bbox 2386 1229 2572 1286; x_wconf 87' lang='lat' dir='ltr'><strong>diebus</strong></span> <span class='ocrx_word' id='word_1_296' title='bbox 2605 1251 2619 1285; x_wconf 90' lang='lat'><strong>:</strong></span> <span class='ocrx_word' id='word_1_297' title='bbox 2649 1231 2996 1306; x_wconf 67' lang='lat' dir='ltr'><strong>Elemnosync</strong></span> <span class='ocrx_word' id='word_1_298' title='bbox 3031 1237 3203 1298; x_wconf 87' lang='lat' dir='ltr'><strong>enim,</strong></span> <span class='ocrx_word' id='word_1_299' title='bbox 3238 1237 3441 1308; x_wconf 86' lang='lat' dir='ltr'><strong>inquit,</strong></span> <span class='ocrx_word' id='word_1_300' title='bbox 3474 1248 3522 1293; x_wconf 85' lang='lat' dir='ltr'><strong>et</strong></span> <span class='ocrx_word' id='word_1_301' title='bbox 3555 1241 3682 1308; x_wconf 82' lang='lat' dir='ltr'><strong>ﬁdes</strong></span> <span class='ocrx_word' id='word_1_302' title='bbox 3723 1253 3772 1297; x_wconf 70' lang='lat' dir='ltr'><strong>te</strong></span> 
     </span>
    </p>
   </div>
   <div class='ocr_carea' id='block_1_38' title="bbox 2188 1323 3768 1404">
    <p class='ocr_par' dir='ltr' id='par_1_38' title="bbox 2188 1323 3768 1404">
     <span class='ocr_line' id='line_1_38' title="bbox 2188 1323 3768 1404; baseline 0.009 -30"><span class='ocrx_word' id='word_1_303' title='bbox 2188 1338 2289 1377; x_wconf 88' lang='lat' dir='ltr'><strong>non</strong></span> <span class='ocrx_word' id='word_1_304' title='bbox 2310 1323 2540 1378; x_wconf 72' lang='lat' dir='ltr'><strong>deserant</strong></span> <span class='ocrx_word' id='word_1_305' title='bbox 2566 1324 2746 1396; x_wconf 85' lang='lat' dir='ltr'><strong>(Prov.</strong></span> <span class='ocrx_word' id='word_1_306' title='bbox 2769 1328 2822 1382; x_wconf 76' lang='lat'><strong>5.</strong></span> <span class='ocrx_word' id='word_1_307' title='bbox 2843 1329 2920 1397; x_wconf 77' lang='grc'><strong>5).</strong></span> <span class='ocrx_word' id='word_1_308' title='bbox 2942 1327 3056 1382; x_wconf 84' lang='lat' dir='ltr'><strong>Non</strong></span> <span class='ocrx_word' id='word_1_309' title='bbox 3078 1329 3231 1395; x_wconf 78' lang='lat' dir='ltr'><strong>dixit,</strong></span> <span class='ocrx_word' id='word_1_310' title='bbox 3254 1331 3359 1386; x_wconf 84' lang='lat' dir='ltr'><strong>Fac</strong></span> <span class='ocrx_word' id='word_1_311' title='bbox 3380 1333 3569 1399; x_wconf 81' lang='lat' dir='ltr'><strong>semel,</strong></span> <span class='ocrx_word' id='word_1_312' title='bbox 3594 1350 3768 1404; x_wconf 84' lang='lat' dir='ltr'><strong>neque</strong></span> 
     </span>
    </p>
   </div>
   <div class='ocr_carea' id='block_1_39' title="bbox 2190 1414 3766 1488">
    <p class='ocr_par' dir='ltr' id='par_1_39' title="bbox 2190 1414 3766 1488">
     <span class='ocr_line' id='line_1_39' title="bbox 2190 1414 3766 1488; baseline 0.008 -20"><span class='ocrx_word' id='word_1_313' title='bbox 2190 1414 2271 1468; x_wconf 86' lang='lat' dir='ltr'><strong>bis</strong></span> <span class='ocrx_word' id='word_1_314' title='bbox 2307 1434 2319 1470; x_wconf 92' lang='lat'><strong>:</strong></span> <span class='ocrx_word' id='word_1_315' title='bbox 2351 1431 2470 1470; x_wconf 87' lang='lat' dir='ltr'><strong>nam</strong></span> <span class='ocrx_word' id='word_1_316' title='bbox 2518 1417 2751 1488; x_wconf 68' lang='lat' dir='ltr'><strong>virgines</strong></span> <span class='ocrx_word' id='word_1_317' title='bbox 2793 1419 3059 1475; x_wconf 85' lang='lat' dir='ltr'><strong>habebant</strong></span> <span class='ocrx_word' id='word_1_318' title='bbox 3100 1423 3298 1486; x_wconf 89' lang='lat' dir='ltr'><strong>oleum,</strong></span> <span class='ocrx_word' id='word_1_319' title='bbox 3341 1425 3435 1479; x_wconf 84' lang='lat' dir='ltr'><strong>sed</strong></span> <span class='ocrx_word' id='word_1_320' title='bbox 3466 1443 3572 1480; x_wconf 88' lang='lat' dir='ltr'><strong>non</strong></span> <span class='ocrx_word' id='word_1_321' title='bbox 3613 1428 3766 1481; x_wconf 79' lang='lat' dir='ltr'><strong>sufﬁ-</strong></span> 
     </span>
    </p>
   </div>
   <div class='ocr_carea' id='block_1_40' title="bbox 2189 1506 3768 1584">
    <p class='ocr_par' dir='ltr' id='par_1_40' title="bbox 2189 1506 3768 1584">
     <span class='ocr_line' id='line_1_40' title="bbox 2189 1506 3768 1584; baseline 0.01 -26"><span class='ocrx_word' id='word_1_322' title='bbox 2189 1506 2353 1560; x_wconf 90' lang='lat' dir='ltr'><strong>ciens.</strong></span> <span class='ocrx_word' id='word_1_323' title='bbox 2388 1509 2743 1573; x_wconf 84' lang='lat' dir='ltr'><strong>Quamobrem</strong></span> <span class='ocrx_word' id='word_1_324' title='bbox 2775 1511 2932 1566; x_wconf 89' lang='lat' dir='ltr'><strong>nobis</strong></span> <span class='ocrx_word' id='word_1_325' title='bbox 2962 1515 3131 1569; x_wconf 88' lang='lat' dir='ltr'><strong>multo</strong></span> <span class='ocrx_word' id='word_1_326' title='bbox 3155 1531 3292 1584; x_wconf 87' lang='lat' dir='ltr'><strong>opus</strong></span> <span class='ocrx_word' id='word_1_327' title='bbox 3317 1528 3398 1572; x_wconf 85' lang='lat' dir='ltr'><strong>est</strong></span> <span class='ocrx_word' id='word_1_328' title='bbox 3426 1519 3566 1584; x_wconf 90' lang='lat' dir='ltr'><strong>oleo,</strong></span> <span class='ocrx_word' id='word_1_329' title='bbox 3593 1528 3648 1576; x_wconf 90' lang='lat' dir='ltr'><strong>et</strong></span> <span class='ocrx_word' id='word_1_330' title='bbox 3674 1539 3768 1576; x_wconf 71' lang='lat'><strong>&quot;06</strong></span> 
     </span>
    </p>
   </div>
   <div class='ocr_carea' id='block_1_41' title="bbox 2190 1600 3768 1675">
    <p class='ocr_par' dir='ltr' id='par_1_41' title="bbox 2190 1600 3768 1675">
     <span class='ocr_line' id='line_1_41' title="bbox 2190 1600 3768 1675; baseline 0.013 -25"><span class='ocrx_word' id='word_1_331' title='bbox 2190 1606 2456 1668; x_wconf 87' lang='lat' dir='ltr'><strong>tamquam</strong></span> <span class='ocrx_word' id='word_1_332' title='bbox 2505 1600 2810 1671; x_wconf 76' lang='lat' dir='ltr'><strong>frugiferam</strong></span> <span class='ocrx_word' id='word_1_333' title='bbox 2863 1606 3037 1660; x_wconf 87' lang='lat' dir='ltr'><strong>oleam</strong></span> <span class='ocrx_word' id='word_1_334' title='bbox 3089 1618 3299 1675; x_wconf 83' lang='lat' dir='ltr'><strong>oportet</strong></span> <span class='ocrx_word' id='word_1_335' title='bbox 3341 1626 3478 1667; x_wconf 86' lang='lat' dir='ltr'><strong>csse.</strong></span> <span class='ocrx_word' id='word_1_336' title='bbox 3510 1614 3562 1667; x_wconf 90' lang='lat' dir='ltr'><strong>in</strong></span> <span class='ocrx_word' id='word_1_337' title='bbox 3607 1614 3768 1670; x_wconf 87' lang='lat' dir='ltr'><strong>dumo</strong></span> 
     </span>
    </p>
   </div>
   <div class='ocr_carea' id='block_1_42' title="bbox 2191 1689 3765 1771">
    <p class='ocr_par' dir='ltr' id='par_1_42' title="bbox 2191 1689 3765 1771">
     <span class='ocr_line' id='line_1_42' title="bbox 2191 1689 3765 1771; baseline 0.012 -29"><span class='ocrx_word' id='word_1_338' title='bbox 2191 1689 2306 1743; x_wconf 87' lang='lat' dir='ltr'><strong>Dei.</strong></span> <span class='ocrx_word' id='word_1_339' title='bbox 2339 1689 2643 1760; x_wconf 72' lang='lat' dir='ltr'><strong>Cogitemus</strong></span> <span class='ocrx_word' id='word_1_340' title='bbox 2671 1709 2801 1765; x_wconf 77' lang='lat' dir='ltr'><strong>ergo</strong></span> <span class='ocrx_word' id='word_1_341' title='bbox 2848 1712 3006 1766; x_wconf 88' lang='lat' dir='ltr'><strong>quam</strong></span> <span class='ocrx_word' id='word_1_342' title='bbox 3050 1700 3244 1753; x_wconf 88' lang='lat' dir='ltr'><strong>multas</strong></span> <span class='ocrx_word' id='word_1_343' title='bbox 3277 1713 3612 1771; x_wconf 88' lang='lat' dir='ltr'><strong>peccatorum</strong></span> <span class='ocrx_word' id='word_1_344' title='bbox 3650 1722 3765 1760; x_wconf 88' lang='lat' dir='ltr'><strong>sar-</strong></span> 
     </span>
    </p>
   </div>
   <div class='ocr_carea' id='block_1_43' title="bbox 2187 1779 3770 1866">
    <p class='ocr_par' dir='ltr' id='par_1_43' title="bbox 2187 1779 3770 1866">
     <span class='ocr_line' id='line_1_43' title="bbox 2187 1779 3770 1866; baseline 0.013 -35"><span class='ocrx_word' id='word_1_345' title='bbox 2187 1779 2336 1834; x_wconf 84' lang='lat' dir='ltr'><strong>cinas</strong></span> <span class='ocrx_word' id='word_1_346' title='bbox 2368 1781 2529 1836; x_wconf 78' lang='lat' dir='ltr'><strong>liabet</strong></span> <span class='ocrx_word' id='word_1_347' title='bbox 2574 1788 2942 1858; x_wconf 87' lang='lat' dir='ltr'><strong>unusquisque</strong></span> <span class='ocrx_word' id='word_1_348' title='bbox 2974 1800 3238 1859; x_wconf 85' lang='lat' dir='ltr'><strong>nostrum,</strong></span> <span class='ocrx_word' id='word_1_349' title='bbox 3280 1793 3641 1866; x_wconf 78' lang='lat' dir='ltr'><strong>faciamusque</strong></span> <span class='ocrx_word' id='word_1_350' title='bbox 3671 1798 3770 1853; x_wconf 81' lang='lat' dir='ltr'><strong>be-</strong></span> 
     </span>
    </p>
   </div>
   <div class='ocr_carea' id='block_1_44' title="bbox 2188 1872 3770 1959">
    <p class='ocr_par' dir='ltr' id='par_1_44' title="bbox 2188 1872 3770 1959">
     <span class='ocr_line' id='line_1_44' title="bbox 2188 1872 3770 1959; baseline 0.013 -35"><span class='ocrx_word' id='word_1_351' title='bbox 2188 1872 2461 1940; x_wconf 79' lang='lat' dir='ltr'><strong>nignitatis</strong></span> <span class='ocrx_word' id='word_1_352' title='bbox 2491 1889 2541 1929; x_wconf 87' lang='lat' dir='ltr'><strong>et</strong></span> <span class='ocrx_word' id='word_1_353' title='bbox 2572 1877 2872 1933; x_wconf 66' lang='lat' dir='ltr'><strong>clementiae</strong></span> <span class='ocrx_word' id='word_1_354' title='bbox 2901 1896 3086 1950; x_wconf 88' lang='lat' dir='ltr'><strong>opera,</strong></span> <span class='ocrx_word' id='word_1_355' title='bbox 3117 1900 3235 1954; x_wconf 78' lang='lat' dir='ltr'><strong>qua:</strong></span> <span class='ocrx_word' id='word_1_356' title='bbox 3263 1885 3343 1941; x_wconf 91' lang='lat' dir='ltr'><strong>eis</strong></span> <span class='ocrx_word' id='word_1_357' title='bbox 3373 1889 3424 1942; x_wconf 90' lang='lat' dir='ltr'><strong>iu</strong></span> <span class='ocrx_word' id='word_1_358' title='bbox 3463 1891 3770 1959; x_wconf 64' lang='lat' dir='ltr'><strong>aquilibrio</strong></span> 
     </span>
    </p>
   </div>
   <div class='ocr_carea' id='block_1_45' title="bbox 2187 1967 3769 2048">
    <p class='ocr_par' dir='ltr' id='par_1_45' title="bbox 2187 1967 3769 2048">
     <span class='ocr_line' id='line_1_45' title="bbox 2187 1967 3769 2048; baseline 0.012 -30"><span class='ocrx_word' id='word_1_359' title='bbox 2187 1967 2565 2034; x_wconf 85' lang='lat' dir='ltr'><strong>respondeant,</strong></span> <span class='ocrx_word' id='word_1_360' title='bbox 2600 1968 2705 2024; x_wconf 90' lang='lat' dir='ltr'><strong>imo</strong></span> <span class='ocrx_word' id='word_1_361' title='bbox 2734 1986 2862 2026; x_wconf 84' lang='lat' dir='ltr'><strong>vero</strong></span> <span class='ocrx_word' id='word_1_362' title='bbox 2886 1972 3047 2028; x_wconf 88' lang='lat' dir='ltr'><strong>etiam</strong></span> <span class='ocrx_word' id='word_1_363' title='bbox 3077 1976 3232 2047; x_wconf 73' lang='lat' dir='ltr'><strong>longe</strong></span> <span class='ocrx_word' id='word_1_364' title='bbox 3262 1978 3433 2048; x_wconf 83' lang='lat' dir='ltr'><strong>plura,</strong></span> <span class='ocrx_word' id='word_1_365' title='bbox 3459 1989 3513 2035; x_wconf 90' lang='lat' dir='ltr'><strong>ut</strong></span> <span class='ocrx_word' id='word_1_366' title='bbox 3544 1997 3648 2035; x_wconf 88' lang='lat' dir='ltr'><strong>non</strong></span> <span class='ocrx_word' id='word_1_367' title='bbox 3674 1997 3769 2036; x_wconf 79' lang='lat' dir='ltr'><strong>so-</strong></span> 
     </span>
    </p>
   </div>
   <div class='ocr_carea' id='block_1_46' title="bbox 2186 2057 3768 2142">
    <p class='ocr_par' dir='ltr' id='par_1_46' title="bbox 2186 2057 3768 2142">
     <span class='ocr_line' id='line_1_46' title="bbox 2186 2057 3768 2142; baseline 0.013 -31"><span class='ocrx_word' id='word_1_368' title='bbox 2186 2057 2294 2111; x_wconf 91' lang='lat' dir='ltr'><strong>lum</strong></span> <span class='ocrx_word' id='word_1_369' title='bbox 2338 2059 2744 2132; x_wconf 79' lang='lat' dir='ltr'><strong>exstinguantur</strong></span> <span class='ocrx_word' id='word_1_370' title='bbox 2785 2078 3038 2134; x_wconf 85' lang='lat' dir='ltr'><strong>peccata,</strong></span> <span class='ocrx_word' id='word_1_371' title='bbox 3084 2068 3179 2124; x_wconf 88' lang='lat' dir='ltr'><strong>sed</strong></span> <span class='ocrx_word' id='word_1_372' title='bbox 3209 2069 3369 2125; x_wconf 88' lang='lat' dir='ltr'><strong>etiam</strong></span> <span class='ocrx_word' id='word_1_373' title='bbox 3399 2073 3466 2127; x_wconf 89' lang='lat' dir='ltr'><strong>ad</strong></span> <span class='ocrx_word' id='word_1_374' title='bbox 3504 2073 3768 2142; x_wconf 85' lang='lat' dir='ltr'><strong>justitiam</strong></span> 
     </span>
    </p>
   </div>
   <div class='ocr_carea' id='block_1_47' title="bbox 2186 2152 3772 2227">
    <p class='ocr_par' dir='ltr' id='par_1_47' title="bbox 2186 2152 3772 2227">
     <span class='ocr_line' id='line_1_47' title="bbox 2186 2152 3772 2227; baseline 0.013 -24"><span class='ocrx_word' id='word_1_375' title='bbox 2186 2152 2342 2205; x_wconf 88' lang='lat' dir='ltr'><strong>nobis</strong></span> <span class='ocrx_word' id='word_1_376' title='bbox 2369 2163 2682 2222; x_wconf 83' lang='lat' dir='ltr'><strong>reputentut‘</strong></span> <span class='ocrx_word' id='word_1_377' title='bbox 2709 2172 2870 2225; x_wconf 86' lang='lat' dir='ltr'><strong>opera</strong></span> <span class='ocrx_word' id='word_1_378' title='bbox 2893 2159 3133 2227; x_wconf 70' lang='lat' dir='ltr'><strong>justitite.</strong></span> <span class='ocrx_word' id='word_1_379' title='bbox 3163 2161 3293 2216; x_wconf 86' lang='lat' dir='ltr'><strong>Nam</strong></span> <span class='ocrx_word' id='word_1_380' title='bbox 3324 2162 3367 2216; x_wconf 92' lang='lat' dir='ltr'><strong>si</strong></span> <span class='ocrx_word' id='word_1_381' title='bbox 3401 2181 3506 2218; x_wconf 86' lang='lat' dir='ltr'><strong>non</strong></span> <span class='ocrx_word' id='word_1_382' title='bbox 3529 2165 3638 2220; x_wconf 83' lang='lat' dir='ltr'><strong>sint</strong></span> <span class='ocrx_word' id='word_1_383' title='bbox 3658 2177 3772 2223; x_wconf 87' lang='lat' dir='ltr'><strong>tam</strong></span> 
     </span>
    </p>
   </div>
   <div class='ocr_carea' id='block_1_48' title="bbox 2187 2244 3770 2330">
    <p class='ocr_par' dir='ltr' id='par_1_48' title="bbox 2187 2244 3770 2330">
     <span class='ocr_line' id='line_1_48' title="bbox 2187 2244 3770 2330; baseline 0.011 -35"><span class='ocrx_word' id='word_1_384' title='bbox 2187 2244 2348 2298; x_wconf 86' lang='lat' dir='ltr'><strong>multa</strong></span> <span class='ocrx_word' id='word_1_385' title='bbox 2383 2244 2519 2299; x_wconf 88' lang='lat' dir='ltr'><strong>bona</strong></span> <span class='ocrx_word' id='word_1_386' title='bbox 2541 2287 2556 2310; x_wconf 91' lang='lat'><strong>,</strong></span> <span class='ocrx_word' id='word_1_387' title='bbox 2592 2257 2649 2300; x_wconf 90' lang='lat' dir='ltr'><strong>ut</strong></span> <span class='ocrx_word' id='word_1_388' title='bbox 2677 2257 2732 2302; x_wconf 85' lang='lat' dir='ltr'><strong>et</strong></span> <span class='ocrx_word' id='word_1_389' title='bbox 2771 2249 2993 2304; x_wconf 87' lang='lat' dir='ltr'><strong>crimiua</strong></span> <span class='ocrx_word' id='word_1_390' title='bbox 3022 2266 3301 2318; x_wconf 78' lang='lat' dir='ltr'><strong>exuamus,</strong></span> <span class='ocrx_word' id='word_1_391' title='bbox 3348 2269 3404 2310; x_wconf 90' lang='lat' dir='ltr'><strong>et</strong></span> <span class='ocrx_word' id='word_1_392' title='bbox 3441 2273 3506 2312; x_wconf 83' lang='lat' dir='ltr'><strong>ex</strong></span> <span class='ocrx_word' id='word_1_393' title='bbox 3549 2259 3616 2314; x_wconf 88' lang='lat' dir='ltr'><strong>iis</strong></span> <span class='ocrx_word' id='word_1_394' title='bbox 3643 2275 3770 2330; x_wconf 77' lang='lat' dir='ltr'><strong>qua:</strong></span> 
     </span>
    </p>
   </div>
   <div class='ocr_carea' id='block_1_49' title="bbox 2185 2340 3771 2418">
    <p class='ocr_par' dir='ltr' id='par_1_49' title="bbox 2185 2340 3771 2418">
     <span class='ocr_line' id='line_1_49' title="bbox 2185 2340 3771 2418; baseline 0.011 -27"><span class='ocrx_word' id='word_1_395' title='bbox 2185 2350 2308 2392; x_wconf 89' lang='lat' dir='ltr'><strong>sunt</strong></span> <span class='ocrx_word' id='word_1_396' title='bbox 2335 2340 2514 2394; x_wconf 88' lang='lat' dir='ltr'><strong>relicta</strong></span> <span class='ocrx_word' id='word_1_397' title='bbox 2543 2342 2699 2397; x_wconf 89' lang='lat' dir='ltr'><strong>nobis</strong></span> <span class='ocrx_word' id='word_1_398' title='bbox 2719 2343 3048 2413; x_wconf 88' lang='lat' dir='ltr'><strong>imputentur</strong></span> <span class='ocrx_word' id='word_1_399' title='bbox 3070 2347 3135 2402; x_wconf 87' lang='lat' dir='ltr'><strong>ad</strong></span> <span class='ocrx_word' id='word_1_400' title='bbox 3158 2348 3441 2418; x_wconf 85' lang='lat' dir='ltr'><strong>justitiam,</strong></span> <span class='ocrx_word' id='word_1_401' title='bbox 3483 2368 3641 2409; x_wconf 87' lang='lat' dir='ltr'><strong>nemo</strong></span> <span class='ocrx_word' id='word_1_402' title='bbox 3666 2369 3771 2408; x_wconf 89' lang='lat' dir='ltr'><strong>nos</strong></span> 
     </span>
    </p>
   </div>
   <div class='ocr_carea' id='block_1_50' title="bbox 2184 2430 3771 2508">
    <p class='ocr_par' dir='ltr' id='par_1_50' title="bbox 2184 2430 3771 2508">
     <span class='ocr_line' id='line_1_50' title="bbox 2184 2430 3771 2508; baseline 0.009 -22"><span class='ocrx_word' id='word_1_403' title='bbox 2184 2430 2384 2486; x_wconf 76' lang='lat' dir='ltr'><strong>eximet</strong></span> <span class='ocrx_word' id='word_1_404' title='bbox 2411 2449 2440 2486; x_wconf 87' lang='lat' dir='ltr'><strong>a</strong></span> <span class='ocrx_word' id='word_1_405' title='bbox 2478 2435 2741 2504; x_wconf 84' lang='lat' dir='ltr'><strong>supplicio</strong></span> <span class='ocrx_word' id='word_1_406' title='bbox 2775 2452 2788 2490; x_wconf 93' lang='lat'>:</span> <span class='ocrx_word' id='word_1_407' title='bbox 2821 2439 2961 2508; x_wconf 91' lang='lat' dir='ltr'><strong>quod</strong></span> <span class='ocrx_word' id='word_1_408' title='bbox 3004 2441 3158 2495; x_wconf 89' lang='lat' dir='ltr'><strong>nobis</strong></span> <span class='ocrx_word' id='word_1_409' title='bbox 3187 2443 3434 2499; x_wconf 85' lang='lat' dir='ltr'><strong>omnibus</strong></span> <span class='ocrx_word' id='word_1_410' title='bbox 3458 2444 3612 2500; x_wconf 88' lang='lat' dir='ltr'><strong>detur</strong></span> <span class='ocrx_word' id='word_1_411' title='bbox 3631 2446 3771 2500; x_wconf 73' lang='grc' dir='ltr'><strong>εσυ-</strong></span> 
     </span>
    </p>
   </div>
   <div class='ocr_carea' id='block_1_51' title="bbox 2183 2527 3767 2606">
    <p class='ocr_par' dir='ltr' id='par_1_51' title="bbox 2183 2527 3767 2606">
     <span class='ocr_line' id='line_1_51' title="bbox 2183 2527 3767 2606; baseline 0.011 -29"><span class='ocrx_word' id='word_1_412' title='bbox 2183 2538 2328 2592; x_wconf 80' lang='lat' dir='ltr'><strong>gere,</strong></span> <span class='ocrx_word' id='word_1_413' title='bbox 2353 2527 2519 2594; x_wconf 69' lang='lat' dir='ltr'><strong>gratia</strong></span> <span class='ocrx_word' id='word_1_414' title='bbox 2547 2537 2602 2582; x_wconf 88' lang='lat' dir='ltr'><strong>et</strong></span> <span class='ocrx_word' id='word_1_415' title='bbox 2621 2528 2948 2599; x_wconf 74' lang='lat' dir='ltr'><strong>benignitate</strong></span> <span class='ocrx_word' id='word_1_416' title='bbox 2975 2533 3183 2588; x_wconf 86' lang='lat' dir='ltr'><strong>Domini</strong></span> <span class='ocrx_word' id='word_1_417' title='bbox 3207 2536 3374 2591; x_wconf 86' lang='lat' dir='ltr'><strong>nostri</strong></span> <span class='ocrx_word' id='word_1_418' title='bbox 3393 2537 3518 2593; x_wconf 83' lang='lat' dir='ltr'><strong>Jcsu</strong></span> <span class='ocrx_word' id='word_1_419' title='bbox 3539 2538 3767 2606; x_wconf 58' lang='lat' dir='ltr'><strong>Christi,</strong></span> 
     </span>
    </p>
   </div>
   <div class='ocr_carea' id='block_1_52' title="bbox 2182 2617 3286 2692">
    <p class='ocr_par' dir='ltr' id='par_1_52' title="bbox 2182 2617 3286 2692">
     <span class='ocr_line' id='line_1_52' title="bbox 2182 2617 3286 2692; baseline 0.012 -23"><span class='ocrx_word' id='word_1_420' title='bbox 2182 2617 2266 2670; x_wconf 86' lang='lat' dir='ltr'><strong>cui</strong></span> <span class='ocrx_word' id='word_1_421' title='bbox 2294 2632 2416 2672; x_wconf 91' lang='lat' dir='ltr'><strong>cum</strong></span> <span class='ocrx_word' id='word_1_422' title='bbox 2447 2618 2605 2676; x_wconf 88' lang='lat' dir='ltr'><strong>Patre</strong></span> <span class='ocrx_word' id='word_1_423' title='bbox 2630 2630 2685 2677; x_wconf 87' lang='lat' dir='ltr'><strong>et</strong></span> <span class='ocrx_word' id='word_1_424' title='bbox 2713 2621 2915 2692; x_wconf 88' lang='lat' dir='ltr'><strong>Spiritu</strong></span> <span class='ocrx_word' id='word_1_425' title='bbox 2943 2636 3152 2689; x_wconf 89' lang='lat' dir='ltr'><strong>sancto.</strong></span> <span class='ocrx_word' id='word_1_426' title='bbox 3180 2637 3286 2684; x_wconf 86' lang='lat' dir='ltr'><strong>etc.</strong></span> 
     </span>
    </p>
   </div>
   <div class='ocr_carea' id='block_1_53' title="bbox 1719 4267 2496 4303">
    <p class='ocr_par' dir='ltr' id='par_1_53' title="bbox 1719 4267 2496 4303">
     <span class='ocr_line' id='line_1_53' title="bbox 1719 4267 2496 4303; baseline 0.018 -32"><span class='ocrx_word' id='word_1_427' title='bbox 1719 4279 1844 4290; x_wconf 44' lang='grc' dir='ltr'><strong>ρ*</strong></span> <span class='ocrx_word' id='word_1_428' title='bbox 1977 4267 2048 4300; x_wconf 63' lang='grc' dir='ltr'><strong>-Ι</strong></span> <span class='ocrx_word' id='word_1_429' title='bbox 2094 4268 2129 4303; x_wconf 48' lang='lat'><strong>.2</strong></span> <span class='ocrx_word' id='word_1_430' title='bbox 2161 4269 2496 4300; x_wconf 77' lang='lat'><strong>_____._...</strong></span> 
     </span>
    </p>
   </div>
  </div>
