4042 6212
444 327 542 380 179

440 442 563 496 dem
611 439 976 506 defensionis,
1027 454 1088 492 ac
1144 438 1470 493 liberationis
1515 446 1756 506 tempore
1801 434 2021 490 minime

439 531 676 588 adfuisse
705 531 1043 586 Timotheum
1076 539 1285 584 constat
1313 546 1326 580 :
1357 529 1527 597 inquit
1555 528 1696 584 enim
1715 569 1728 590 ,
1762 527 1827 581 In
1859 528 2022 596 prima

440 643 550 679 mea
575 625 864 695 defensione
891 639 1036 677 nemo
1065 623 1187 674 mihi
1219 622 1401 690 adfuit.
1432 619 1594 690 quue
1623 619 1857 676 ostendit
1885 619 2019 677 scri-

440 717 571 770 bens
607 718 722 770 sic:
753 731 856 768 non
897 715 1038 767 enim
1072 712 1144 765 illi
1177 727 1274 781 per
1302 711 1484 765 literas
1510 710 1846 773 nuntiasset,
1877 710 2018 779 quod

441 817 624 861 notum
651 806 746 874 ipsi
776 821 894 858 esse
919 804 1097 856 sciret.
1123 802 1240 871 Quo
1263 811 1438 856 autem
1466 812 1706 877 tempore
1733 802 1869 856 hanc
1889 803 2024 856 scri-

443 901 596 953 bebat
617 897 919 965 epistolam,
943 893 1257 951 Timotheus
1283 911 1385 948 una
1409 909 1586 949 secum
1611 893 1795 950 aderat
1821 909 1834 948 :
1863 893 2020 961 idque

441 990 618 1044 verbis
664 989 779 1043 istis
825 987 1101 1043 ostendit:
1131 987 1296 1053 Spero
1335 997 1503 1040 autem
1546 987 1598 1038 in
1639 985 1853 1040 Domino
1892 985 2018 1042 Jcsu

442 1080 754 1134 Timotheum
791 1095 868 1132 me
905 1080 1004 1131 cito
1046 1079 1237 1131 mittere
1275 1076 1342 1130 ad
1381 1092 1502 1140 vos;
1531 1085 1583 1129 et
1615 1091 1833 1138 rursus,
1867 1074 2020 1127 Ilunc

437 1174 594 1242 igitur
616 1188 762 1241 spero
793 1187 870 1223 me
898 1171 996 1224 cito
1025 1170 1218 1224 mittere
1242 1169 1310 1222 ad
1339 1185 1438 1232 vos,
1470 1184 1587 1221 mox
1611 1177 1661 1220 ut
1687 1167 1876 1231 videro,
1907 1183 2019 1237 quin

437 1264 571 1316 circa
614 1279 693 1316 nte
719 1272 830 1316 sunt
858 1263 875 1332 (
911 1261 1140 1331 Philipp.
1169 1260 1222 1316 2.
1260 1260 1344 1316 19.
1376 1259 1447 1316 25
1472 1259 1515 1326 ).
1547 1259 1587 1312 Ε
1619 1259 1842 1317 vinculis
1871 1260 2016 1315 enim

437 1353 687 1406 dimissus
719 1363 832 1416 est;
869 1362 1029 1422 atque
1060 1352 1109 1404 in
1143 1366 1224 1412 ea,
1260 1361 1535 1419 postquam
1566 1347 1633 1402 ad
1666 1349 1810 1418 ipsos
1836 1349 2015 1403 venis-

436 1453 557 1512 set,
591 1459 777 1500 rursus
819 1444 1114 1512 conjectns.
1161 1441 1313 1509 Quod
1357 1443 1499 1496 enim
1541 1441 1749 1510 inquit,
1784 1440 1892 1496 Sed
1925 1441 2018 1495 etsi

432 1536 670 1590 immolor
709 1553 866 1604 supra
904 1535 1210 1602 sacri/icium
1233 1575 1248 1599 ,
1282 1543 1327 1611 et
1365 1533 1652 1602 obsequium
1688 1533 1809 1603 ﬁdei
1841 1543 2016 1589 vestra:

433 1626 452 1698 (
485 1625 616 1679 ibid.
643 1643 688 1680 υ.
726 1628 790 1680 17
820 1628 868 1695 );
900 1641 1002 1680 non
1054 1626 1121 1678 ita
1162 1625 1320 1687 dicit,
1351 1624 1501 1694 quasi
1534 1638 1673 1678 nunc
1700 1623 1888 1688 ﬁeret;
1917 1624 2012 1679 sed

431 1721 691 1785 Quoniam
735 1719 777 1773 si
817 1719 865 1772 id
905 1719 1150 1779 eveniat,
1193 1725 1247 1772 et
1285 1717 1728 1788 quandocumque
1763 1718 2009 1785 eveniat,

430 1810 658 1877 gaudeo,
686 1810 876 1878 inquit,
899 1809 1143 1865 revelans
1166 1808 1284 1862 illos
1307 1822 1558 1874 lltCBI‘OI'e,
1578 1823 1733 1877 quem
1758 1823 1822 1866 es
1845 1807 2010 1878 ipsius

430 1901 658 1954 vinculis
680 1913 1040 1970 conceperant
1068 1918 1081 1954 :
1111 1915 1250 1954 nunc
1273 1900 1416 1954 enim
1446 1915 1549 1954 non
1583 1908 1808 1954 mortem
1835 1900 2010 1956 obitu-

429 2009 544 2046 rum
583 1993 743 2046 fuisse
765 2035 778 2057 ,
811 2010 876 2046 ex
922 1993 1028 2046 illis
1056 1992 1233 2048 verbis
1276 1992 1612 2062 perspicumn
1645 2004 1726 2050 est
1751 2010 1764 2046 :
1793 1975 2008 2063 conﬁdo

429 2094 594 2138 autent
624 2084 676 2138 in
701 2084 942 2150 Domino,
973 2083 1212 2153 quoniam
1238 2092 1283 2136 et
1311 2083 1418 2151 ipse
1442 2085 1638 2137 veniam
1663 2085 1731 2139 ad
1755 2101 1840 2140 vos
1868 2085 1964 2139 cito
1986 2104 2007 2151 ;

425 2186 477 2228 et
511 2189 694 2228 rursus
713 2217 727 2238 ,
771 2174 832 2228 Et
869 2175 962 2226 hoc
990 2173 1248 2241 conﬁdens
1273 2175 1376 2230 scio
1402 2175 1522 2243 quia
1547 2175 1754 2230 manebo
1777 2217 1792 2240 ,
1820 2185 1868 2229 et
1895 2193 2009 2236 per-

425 2267 634 2320 manebo
660 2266 888 2319 omnibus
914 2267 1050 2322 vobis
1074 2265 1330 2336 (Philipp.
1356 2266 1412 2320 2.
1439 2266 1528 2320 Ἡ.
1560 2277 1605 2319 et
1631 2269 1680 2322 1.
1706 2267 1821 2336 '25).
1850 2269 2009 2323 illise-

421 2368 542 2414 rant
583 2370 759 2413 autem
787 2358 851 2412 ad
880 2373 1002 2414 eum
1033 2358 1400 2428 Pliilippenses
1431 2360 1850 2428 Epaphroditum
1871 2403 1885 2426 ,
1914 2365 2002 2433 qui

422 2449 677 2517 pecunias
717 2447 782 2503 ad
827 2448 997 2517 ipsum
1041 2448 1292 2514 alierret,
1337 2459 1391 2502 et
1428 2465 1534 2518 quo
1574 2451 1693 2504 loco
1722 2466 1808 2506 res
1839 2453 2004 2521 ipsius

421 2549 600 2595 essent
643 2550 988 2610 cognosceret
1032 2557 1044 2592 :
1092 2555 1212 2593 nam
1273 2550 1612 2608 peramantcr
1655 2544 1831 2598 affecti
1875 2561 1999 2617 erga

420 2633 565 2686 illum
597 2643 765 2688 erant.
806 2633 957 2700 Quod
988 2634 1130 2688 enim
1157 2633 1225 2687 ab
1251 2633 1355 2688 illis
1385 2635 1577 2689 missus
1607 2637 2001 2706 Epaphroditus

419 2723 613 2787 fuerit,
640 2724 760 2777 audi
793 2725 962 2793 ipsum
992 2724 1252 2782 dicentem
1281 2745 1292 2780 :
1324 2725 1497 2782 llabeo
1528 2737 1695 2784 autem
1720 2731 1921 2797 omnia,
1956 2743 2002 2790 et

415 2814 619 2872 abundo
642 2854 658 2876 .
697 2815 918 2883 repletus
958 2833 1068 2872 sum
1094 2856 1109 2880 ,
1153 2817 1370 2885 acceptis
1410 2817 1470 2875 ab
1511 2818 1861 2889 Epaphrodito
1887 2840 2002 2893 qua:

418 2905 624 2958 misistis
648 2904 919 2975 (Philipp.
951 2907 1003 2959 4.
1037 2907 1160 2976 18).
1195 2906 1276 2961 Ob
1304 2908 1438 2963 hanc
1469 2910 1626 2978 igitur
1650 2926 1864 2966 causam
1896 2915 1998 2968 mi-

416 3008 618 3063 serant,
650 3007 705 3050 ut
733 3007 786 3052 et
811 2999 959 3052 illum
990 3000 1416 3066 consolarentur,
1442 3012 1498 3057 et
1526 3019 1612 3058 res
1639 3004 1778 3059 illius
1803 3021 1998 3078 cogno.

415 3097 648 3143 scerent.
676 3087 806 3142 Nam
836 3090 974 3156 quod
1005 3099 1057 3144 et
1084 3090 1183 3144 hoc
1204 3092 1468 3162 cognituri
1500 3096 1771 3164 miserint,
1797 3098 1848 3151 in
1881 3102 1999 3170 ipso

415 3179 593 3232 statim
626 3180 867 3248 epistola:
899 3181 1050 3234 initio
1077 3182 1328 3248 ostendit,
1358 3183 1425 3237 de
1450 3200 1547 3239 suo
1574 3196 1712 3240 statu
1736 3189 1993 3254 scribens,

414 3286 477 3324 ac
515 3271 700 3325 dicens
731 3290 744 3326 :
784 3273 930 3326 Scire
970 3284 1135 3326 autem
1163 3291 1249 3329 vos
1285 3277 1398 3330 volo
1422 3318 1436 3341 ,
1465 3279 1583 3345 quia
1617 3295 1728 3344 qua:
1754 3282 1889 3334 circa
1921 3301 1998 3338 me

413 3373 556 3426 sunt,
595 3363 752 3435 magis
778 3363 846 3420 ad
869 3369 1146 3437 profectum
1176 3379 1414 3428 venerunt
1440 3370 1684 3441 evangelii
1710 3374 1726 3442 (
1757 3373 1994 3446 Philipp.

412 3456 468 3512 1.
499 3454 566 3509 12
587 3456 631 3524 );
659 3464 714 3510 ct
757 3471 943 3512 rursus
967 3499 981 3524 ,
1027 3457 1190 3528 Spero
1224 3471 1389 3516 autem
1429 3459 1742 3518 Timotheum
1784 3482 1862 3518 me
1897 3468 1997 3522 cito

413 3547 609 3601 mittere
637 3547 704 3600 ad
733 3565 840 3612 vos,
870 3559 926 3601 ut
954 3559 998 3602 et
1029 3567 1118 3620 ego
1149 3550 1278 3603 bono
1305 3553 1474 3605 animo
1503 3555 1616 3614 sim,
1647 3558 1857 3626 cognitis
1884 3574 1997 3624 (nuc

411 3639 546 3692 circa
571 3653 656 3693 vos
687 3648 800 3693 sunt
826 3638 1099 3710 (Philipp.
1129 3641 1184 3693 2.
1218 3641 1346 3711 l9).
1385 3642 1450 3698 Ut
1476 3653 1523 3696 et
1548 3663 1639 3713 ego
1662 3687 1676 3710 ,
1718 3648 2000 3716 perspicue

413 3729 514 3783 hoc
539 3729 802 3799 signiﬁcat
826 3747 840 3782 τ
867 3739 926 3784 ιιι
951 3730 1398 3799 quemadmodum
1428 3749 1542 3799 vos,
1573 3752 1678 3802 quo
1705 3737 1853 3791 vobis
1881 3741 1996 3793 ani-

411 3837 561 3874 tnum
585 3822 894 3890 expleretis,
924 3823 1145 3876 misistis
1172 3825 1236 3878 ad
1270 3841 1384 3879 mea
1411 3830 1780 3896 cognoscenda
1808 3849 1818 3882 :
1849 3831 1913 3885 ita
1941 3843 1996 3888 et

412 3926 512 3979 ego
535 3951 550 3976 ,
586 3910 652 3964 Ut
679 3913 808 3963 bona
837 3911 1007 3964 animo
1032 3913 1128 3966 sim
1151 3956 1166 3978 ,
1193 3915 1406 3984 cognitis
1435 3933 1548 3986 quia
1577 3919 1710 3972 circa
1739 3936 1825 3976 vos
1853 3936 1990 3980 sunt.

412 4001 674 4068 Quoniam
712 4002 870 4072 igitur
893 4016 1013 4056 cum
1050 4003 1206 4074 longo
1227 4006 1336 4074 jam
1369 4007 1648 4064 intervallo
1674 4027 1779 4065 non
1813 4013 1989 4068 misis-

413 4104 553 4158 sent,
583 4095 677 4149 scd
710 4103 834 4150 tunc
864 4095 1119 4150 miserant
1144 4098 1217 4166 (id
1246 4100 1388 4152 enim
1418 4101 1615 4155 indicat
1644 4103 1745 4159 illis
1773 4107 1948 4161 verbis
1973 4151 1988 4174 ,

413 4186 663 4252 Quoniam
701 4186 901 4239 tandem
940 4187 1215 4256 aliquando
1252 4192 1550 4258 reﬂoruistis
1588 4211 1782 4260 prome
1808 4199 1993 4252 sentire

409 4277 670 4349 [Philipp.
699 4279 752 4333 4.
785 4279 894 4351 12])
919 4297 932 4343 ;
966 4281 1354 4350 audieliantque
1381 4293 1506 4338 tunc
1537 4286 1705 4355 ipsum
1734 4289 1784 4341 in
1808 4291 1991 4345 vincu-

412 4370 476 4425 lis
513 4385 634 4424 esse
661 4369 819 4442 (nam
845 4373 889 4426 si
919 4373 985 4427 de
1017 4373 1363 4442 Epaplnoditi
1396 4377 1528 4430 mala
1560 4380 1861 4436 valetudine
1890 4400 1987 4438 au-

409 4460 638 4523 dierant,
657 4461 887 4516 hominis
906 4478 1007 4516 non
1032 4464 1183 4518 valde
1199 4467 1351 4528 clari,
1371 4468 1542 4535 quatis
1561 4469 1774 4538 quidem
1796 4472 1989 4529 Paulus

410 4561 526 4605 erat
547 4592 562 4615 ,
604 4553 768 4608 multo
797 4555 964 4624 magis
993 4555 1059 4610 de
1087 4556 1319 4624 Paulo);
1349 4569 1401 4611 et
1429 4571 1840 4617 consentaneum
1875 4579 1989 4621 erat

413 4642 556 4712 ipsos
580 4645 880 4712 perturbari
901 4662 914 4710 ;
935 4646 1134 4701 idcirco
1153 4649 1201 4704 in
1227 4650 1464 4720 cpistolzc
1484 4654 1743 4719 prooemio
1767 4657 1986 4712 multam

414 4733 617 4788 inducit
657 4737 1074 4792 consolationem
1119 4757 1212 4806 pro
1243 4740 1371 4809 ipsis
1396 4741 1506 4795 suis
1535 4744 1777 4809 vinculis,
1808 4757 1990 4802 osten-

409 4823 540 4881 dens
570 4834 770 4882 tantum
803 4827 991 4882 abesse
1018 4870 1031 4893 ,
1063 4838 1118 4882 ut
1152 4830 1272 4884 inde
1300 4833 1591 4901 perturbari
1621 4847 1862 4902 oporteat
1887 4880 1900 4904 ,
1932 4849 1990 4893 ut

407 4915 745 4984 gaudendum
779 4919 951 4986 potius
981 4920 1067 4972 sit.
1103 4920 1303 4976 Deinde
1332 4924 1610 4978 consilium
1642 4926 1743 4980 illis
1772 4927 1899 4994 dat,
1933 4941 1990 4984 ιιι

409 5009 569 5064 etiam
596 5008 936 5063 concordiam
963 5018 1124 5078 atque
1150 5011 1501 5068 humilitatem
1525 5017 1724 5083 colant,
1756 5019 1856 5073 hoc
1885 5021 1989 5076 illis

409 5099 732 5154 tutissimum
759 5113 879 5154 esse
903 5101 1204 5168 prtesidinm
1229 5102 1451 5170 docens,
1474 5115 1633 5176 atque
1662 5108 1757 5162 hac
1785 5110 1988 5166 ratione

409 5190 565 5245 facile
606 5191 725 5248 illos
763 5191 991 5247 inimicis
1025 5193 1135 5248 suis
1173 5195 1477 5262 superiores
1514 5197 1626 5252 ﬁeri
1668 5215 1843 5268 posse.
1871 5201 1984 5256 Non

412 5281 554 5336 enim
576 5283 880 5340 doctoribus
901 5286 1094 5340 vestris
1119 5285 1400 5339 molestum
1421 5296 1503 5342 est
1525 5290 1576 5343 in
1603 5291 1821 5346 vinculis
1843 5310 1983 5358 esse,

410 5369 505 5423 sed
529 5369 814 5442 discipulos
838 5375 975 5429 inter
993 5390 1050 5430 se
1072 5375 1290 5430 minime
1311 5377 1603 5432 concordes
1625 5381 1824 5435 videre.
1852 5383 1985 5439 illud

410 5462 555 5516 enim
582 5464 662 5518 vel
689 5465 754 5520 ad
780 5467 1177 5535 provehendam
1201 5469 1532 5538 evangelium
1559 5471 1713 5536 facit;
1744 5472 1842 5528 hoc
1862 5491 1988 5530 vero

411 5551 477 5606 ad
501 5551 927 5610 disturbandum.

484 5644 538 5694 ἓ.
567 5645 832 5712 Quomodo
860 5646 1054 5703 Paulus
1071 5649 1122 5702 in
1148 5651 1363 5719 epistola
1378 5669 1470 5707 sua
1498 5653 1753 5723 procedat.
1777 5654 1986 5723 Philip-

410 5735 644 5801 pensium
674 5737 867 5790 letales.
899 5767 968 5779 --
999 5739 1129 5794 Cum
1164 5741 1321 5811 igitur
1370 5743 1486 5796 illos
1525 5744 1590 5797 ad
1637 5732 1979 5803 cbucordiam

1110 324 1166 380 S.
1207 321 1482 378 JOANNIS
1516 318 1991 377 CHRYSOSTOMI
2030 317 2344 376 ARCHIEP.
2385 321 2914 382 CONSTANTINOP.

3609 328 3708 385 l80

2129 444 2274 487 esset
2325 435 2672 502 cohortatus,
2724 437 3066 492 concordiam
3117 453 3246 492 vero
3290 440 3362 492 sb
3408 440 3708 497 humilitate

2125 522 2389 591 proﬁcisci
2431 524 2738 590 docuisset,
2793 537 2954 595 atque
3001 528 3263 582 adversus
3311 529 3568 598 Judteos,
3617 533 3705 601 qui

2123 612 2589 673 Christianismum
2641 619 3071 686 przetendentes,
3100 621 3349 676 omnibus
3395 622 3570 679 modis
3612 625 3706 678 do-

2124 708 2286 775 gmati
2314 707 2641 774 efﬁciebant,
2662 711 2901 764 invectus
2927 723 3266 777 esset,canes
3293 729 3386 768 eos
3415 729 3613 770 vocans
3642 731 3704 770 ac

2126 799 2294 853 malos
2329 802 2639 868 operarios,
2690 811 2850 872 atque
2900 804 2967 857 ab
3009 803 3115 859 illis
3163 806 3537 860 abstinendum
3581 823 3702 865 esse

2123 887 2406 954 suasisset,
2435 898 2491 944 et
2519 891 2707 960 quibus
2752 892 2912 947 rebus
2965 894 3283 949 studendum
3329 908 3475 954 esset
3519 897 3705 953 admo-

2125 977 2356 1044 nuisset,
2403 980 2675 1051 multaque
2718 982 3066 1040 disseruisset
3126 985 3193 1038 de
3245 987 3406 1041 rebus
3430 986 3496 1041 ad
3526 1003 3700 1045 mOres

2124 1067 2548 1136 pertinentibus,
2596 1087 2799 1142 eosque
2849 1076 3242 1143 composuisset
3286 1091 3350 1129 ac
3404 1090 3696 1135 recreasset

2120 1159 2300 1214 verbis
2327 1160 2433 1216 illis
2457 1203 2472 1228 ,
2505 1161 2756 1217 Dominus
2785 1181 2942 1234 prope
2966 1175 3040 1220 est
3074 1165 3334 1236 (Philipp.
3358 1167 3412 1222 4.
3443 1169 3498 1236 5)
3535 1185 3546 1221 :
3582 1179 3692 1226 tum

2121 1267 2249 1308 vero
2273 1267 2334 1305 ea
2356 1294 2371 1318 ,
2403 1269 2522 1322 qua:
2555 1255 2726 1324 ipsum
2756 1254 3001 1324 decebat,
3037 1256 3315 1326 prudentia
3340 1274 3518 1318 rerum
3536 1262 3695 1316 etiam

2118 1342 2184 1396 ad
2210 1357 2268 1397 se
2292 1345 2576 1398 missarum
2623 1349 2950 1403 mentionem
2981 1348 3133 1412 facit,
3165 1360 3325 1420 atque
3348 1353 3418 1405 ita
3451 1367 3695 1423 magnam

2117 1433 2272 1488 aliert
2315 1437 2758 1492 consolationem.
2808 1439 2989 1495 Facile
3033 1450 3212 1496 autem
3265 1443 3695 1500 animadvertere

2121 1524 2244 1579 licet
2270 1525 2491 1581 Paulum
2520 1528 2571 1582 in
2603 1529 2888 1586 scribendo
2914 1531 3011 1586 hos
3038 1533 3370 1602 potissimum
3405 1535 3694 1594 honoriﬁce

2120 1626 2364 1682 tractare,
2396 1635 2492 1674 nec
2515 1620 2785 1690 quidpiam
2814 1638 3035 1692 usquam
3065 1625 3396 1693 interjicere,
3420 1629 3564 1697 quod
3596 1630 3694 1685 ob-

2110 1711 2359 1780 jurgandi
2407 1712 2509 1766 vim
2559 1712 2774 1766 haheat.
2826 1713 2938 1768 Hoc
2992 1731 3120 1770 vero
3170 1732 3416 1786 magnum
3473 1719 3685 1773 illorum

2115 1801 2324 1856 virtutis
2371 1814 2743 1872 argumentum
2795 1815 2912 1872 est,
2969 1807 3167 1862 nullam
3223 1808 3436 1868 dediSse
3489 1811 3689 1868 doctori

2113 1893 2451 1948 occasionem
2480 1894 2817 1966 obiurgandi,
2847 1899 3133 1969 omniaque
3158 1899 3223 1956 ad
3252 1916 3345 1956 eos
3374 1919 3478 1957 non
3511 1920 3691 1974 repre-

2114 1985 2416 2052 hensionis,
2451 1987 2546 2042 sed
2575 1990 2839 2042 suasionis
2864 1990 3022 2044 modo
3046 2007 3168 2047 esse
3195 1993 3415 2064 scripta.
3449 1995 3644 2050 Verum
3670 2040 3686 2064 ,

2113 2085 2172 2130 ut
2198 2092 2340 2131 nunc
2362 2079 2523 2132 etiam
2557 2091 2789 2147 repetam
2816 2081 2958 2151 quod
2989 2084 3136 2136 initio
3153 2083 3416 2151 dicebam,
3445 2104 3686 2158 magnam

2111 2168 2225 2228 iure
2237 2171 2421 2225 civitas
2437 2172 2502 2224 ad
2525 2171 2681 2227 ﬁdem
2701 2174 3005 2230 ostenderat
3024 2179 3689 2251 propensionem,quando-

2109 2261 2321 2329 quidem
2345 2271 2527 2317 custos
2558 2265 2672 2332 ipse
2685 2266 2914 2320 carceris
2938 2267 3114 2337 (quam
3133 2284 3260 2323 vero
3285 2270 3542 2340 ejusmodi
3569 2290 3688 2327 mu-

2109 2354 2252 2406 neris
2270 2353 2658 2409 administratio
2688 2372 2872 2426 magna
2904 2374 3025 2412 cmn
3051 2359 3388 2429 improbitate
3408 2364 3685 2432 conjuncta

2107 2459 2227 2500 esse
2247 2445 2438 2511 soleat,
2469 2463 2570 2501 non
2589 2449 2862 2518 ignoratis)
2883 2467 2986 2505 uno
3003 2453 3180 2505 Statim
3195 2455 3346 2522 signo
3359 2466 3410 2508 et
3436 2459 3685 2519 accurrit,

2106 2545 2161 2591 et
2207 2536 2499 2605 baptizatus
2540 2548 2624 2593 est
2665 2555 2785 2594 cum
2832 2551 2938 2595 tota
2969 2541 3164 2597 familia
3207 2561 3322 2598 sua.
3355 2549 3431 2600 Ac
3475 2549 3682 2618 signum

2104 2627 2351 2697 quidem,
2385 2629 2525 2696 quod
2558 2628 2753 2682 factum
2784 2643 2886 2689 est.
2921 2632 3033 2700 ipse
3073 2634 3220 2688 solus
3248 2636 3421 2700 vidit,
3453 2635 3681 2692 fructum

2105 2733 2232 2773 vero
2278 2717 2344 2773 ad
2375 2719 2583 2773 lucrum
2629 2736 2734 2778 non
2793 2723 2938 2776 solus
2984 2726 3258 2794 percepit,
3288 2726 3381 2781 sed
3429 2744 3530 2784 una
3560 2744 3682 2783 cum

2104 2809 2330 2864 muliere
2378 2822 2539 2881 atque
2581 2811 2830 2866 universa
2881 2813 3062 2868 domo.
3087 2815 3194 2880 Sed
3236 2826 3290 2870 et
3336 2820 3682 2889 magistratus

2104 2901 2270 2972 ipsos,
2310 2905 2396 2972 qui
2449 2904 2667 2958 Paulum
2712 2906 3030 2961 verberibus
3077 2907 3405 2977 aﬂ‘eccrunt,
3456 2914 3679 2968 tumultu

2103 2996 2279 3064 potius
2309 3006 2362 3050 et
2389 2995 2589 3066 impetu
2616 2997 2883 3068 quodam,
2915 3015 3074 3070 quam
3117 3002 3456 3071 improbitate
3503 3006 3551 3058 id
3602 3007 3680 3058 l'c-

2102 3087 2242 3142 cisse
2271 3101 2336 3140 ex
2364 3101 2428 3146 eo
2459 3088 2789 3158 intelligitur,
2821 3091 2960 3160 quod
2985 3093 3091 3144 cito
3121 3092 3268 3147 illum
3295 3093 3486 3146 dimitti
3515 3095 3682 3161 jusseo

2102 3187 2264 3241 runt,
2308 3190 2468 3248 atque
2517 3181 2565 3234 in
2615 3190 2758 3235 metu
2792 3193 2975 3251 postea
3021 3185 3254 3238 luerunt.
3287 3184 3675 3240 Testimonium

2101 3279 2278 3324 autem
2311 3271 2416 3325 illis
2444 3271 2534 3325 dat
2582 3288 2686 3326 non
2721 3275 2891 3329 solum
2927 3273 3048 3328 ﬁdei
3094 3284 3148 3328 et
3189 3277 3542 3344 periculorum
3584 3295 3674 3329 no-

2102 3360 2245 3414 mine
2269 3400 2284 3425 ,
2315 3361 2404 3416 sed
2437 3362 2599 3414 etiam
2630 3362 3031 3426 beneﬁcentiae,
3082 3365 3171 3418 ulti
3211 3365 3414 3435 inquit,
3458 3366 3606 3434 Quod
3632 3378 3680 3421 et

2098 3452 2151 3506 in
2180 3451 2432 3524 principio
2458 3453 2726 3522 evangelii,
2757 3462 2803 3507 el
2831 3455 2983 3510 sentel
3005 3465 3053 3514 et
3079 3455 3152 3510 bis
3182 3456 3234 3513 in
3262 3472 3407 3510 usum
3437 3458 3560 3510 mihi
3578 3458 3675 3510 mi-

2098 3543 2232 3595 sistis
2255 3583 2269 3607 ,
2300 3543 2496 3595 nemine
2524 3544 2628 3596 alio
2673 3544 2728 3596 id
2776 3554 3047 3614 pra’stante
3074 3561 3091 3599 .'
3121 3562 3242 3600 nam
3267 3588 3282 3612 ,
3319 3546 3484 3600 Nulla
3512 3548 3634 3600 mihi
3656 3587 3672 3613 ,

2102 3633 2306 3702 inquit,
2343 3633 2572 3688 Ecclesia
2623 3638 3006 3690 communicavit
3047 3639 3097 3690 in
3146 3639 3342 3691 ratione
3369 3641 3474 3692 dati
3503 3650 3548 3693 et
3591 3657 3677 3693 ac-

2096 3728 2226 3794 cepti
2271 3725 2520 3793 (lbid.v.
2553 3729 2780 3799 15.16).
2842 3729 2994 3797 Quod
3063 3731 3106 3784 si
3171 3730 3459 3801 aliquando
3515 3733 3676 3786 inter-

2099 3821 2362 3883 miserint,
2398 3821 2738 3875 occasioncm
2772 3823 2970 3890 potius,
3001 3837 3157 3892 quam
3187 3824 3517 3878 voluntatem
3547 3824 3676 3894 ipsis

2097 3912 2330 3966 defuisse
2363 3913 2478 3966 istis
2521 3913 2700 3966 verbis
2726 3914 2961 3968 ostendit
2989 3933 3002 3968 :
3034 3915 3149 3969 Non
3175 3915 3317 3985 quod
3345 3933 3450 3970 tton
3489 3917 3554 3970 de
3585 3933 3674 3973 me

2098 4003 2234 4057 bene
2261 4002 2554 4067 sentiretis,
2581 4003 2787 4072 inquit,
2821 4004 2914 4058 sed
2946 4006 3190 4074 occupati
3232 4008 3414 4060 eratis.
3451 4007 3504 4061 id
3537 4023 3668 4062 vero

2097 4110 2347 4162 maguum
2391 4109 2514 4163 erga
2563 4096 2705 4162 ipsos
2744 4096 2944 4149 amoris
2992 4096 3262 4151 stimulum
3320 4114 3425 4166 prae
3451 4113 3508 4151 se
3549 4097 3670 4152 fert.

2095 4185 2245 4253 Quod
2279 4185 2422 4240 enim
2472 4188 2822 4242 vehementer
2867 4203 2961 4242 eos
3005 4189 3286 4254 dilexerit,
3336 4189 3461 4246 hinc
3508 4191 3672 4246 etiam

2097 4276 2435 4331 manifestum
2467 4295 2482 4332 :
2518 4277 2782 4330 Neminem
2809 4279 2942 4331 enim
2964 4280 3141 4344 habeo,
3174 4281 3362 4348 inquit,
3396 4291 3496 4332 tam
3537 4297 3672 4333 una-

2096 4371 2279 4423 nimem
2302 4412 2317 4434 ,
2348 4371 2433 4440 qui
2461 4371 2658 4422 sincera
2684 4369 2952 4436 affectione
2994 4388 3086 4441 pro
3130 4373 3265 4425 vobis
3294 4373 3540 4426 sollicitus
3564 4372 3629 4427 sit
3653 4389 3673 4434 ;

2097 4473 2150 4516 et
2182 4478 2390 4527 rursus,
2426 4461 2506 4516 Ea:
2531 4478 2589 4515 eo
2619 4461 2754 4531 quod
2782 4461 2990 4516 habeam
3019 4481 3104 4517 vos
3127 4466 3177 4516 in
3209 4465 3360 4517 corde
3379 4465 3430 4517 in
3463 4465 3674 4517 vinculis

2094 4557 2214 4609 meis
2237 4552 2394 4624 (Ibid.
2423 4553 2477 4606 2.
2505 4553 2593 4607 20.
2626 4565 2671 4607 et
2698 4555 2741 4607 l.
2770 4555 2849 4621 7).

2167 4649 2220 4701 5.
2245 4645 2390 4700 Bona
2420 4663 2574 4716 opera
2596 4647 3040 4701 commendantur.
3067 4676 3136 4687 -—
3164 4648 3288 4702 lla-c
3319 4649 3476 4713 igitur
3490 4655 3545 4700 ct
3574 4663 3674 4701 nos

2097 4739 2473 4810 intelligentes,
2499 4754 2562 4792 ac
2582 4749 2655 4791 tot
2687 4738 2945 4792 habentes
2974 4741 3213 4793 caritatis
3234 4738 3487 4792 formulas
3513 4748 3674 4806 atque

2095 4831 2442 4901 exemplaria,
2477 4832 2808 4898 prtebeamus
2838 4846 2936 4884 nos
2963 4831 3107 4899 ipsos
3137 4830 3326 4900 dignos
3370 4829 3671 4898 hujusmodi

2095 4921 2378 4990 exemplis,
2401 4921 2628 4991 proinpti
2659 4936 2720 4974 ac
2750 4922 2916 4989 parati
2945 4935 3043 4989 pro
3067 4921 3282 4974 Christo
3314 4920 3671 4989 pati.Etcnim

2097 5015 2199 5071 hoc
2229 5025 2471 5085 tempore
2500 5030 2604 5071 non
2634 4994 2718 5068 cst
2742 5057 2756 5078 ,
2789 5015 2876 5084 qui
2908 5013 3244 5070 Christianos
3291 5015 3582 5068 inseetemr
3619 5022 3672 5068 et

2095 5115 2272 5163 vexet.
2304 5106 2470 5178 Ergo,
2504 5107 2591 5159 tibi
2620 5105 2750 5160 nihil
2778 5106 2950 5173 aliud,
2981 5108 3171 5162 saltem
3203 5108 3476 5162 efﬁcacem
3503 5116 3558 5161 et
3584 5123 3674 5159 ve-

2095 5199 2401 5256 hementem
2443 5199 2654 5253 illorum
2703 5198 3106 5255 beneﬁcentiam
3147 5201 3450 5264 imitemur,
3499 5215 3675 5269 neque

2095 5291 2184 5345 ulti
2211 5291 2378 5344 semel
2410 5300 2570 5362 atque
2599 5289 2790 5346 iterum
2817 5290 3146 5356 dederimus,
3176 5293 3320 5346 omni
3347 5291 3524 5347 ofﬁcio
3556 5307 3677 5361 per-

2097 5383 2306 5438 functos
2360 5397 2459 5437 nos
2487 5383 2813 5438 arbitremur
2846 5403 2858 5438 :
2889 5387 3084 5439 etenim
3123 5401 3220 5455 per
3266 5401 3479 5440 omnem
3510 5387 3673 5438 vitam

2097 5474 2148 5528 id
2195 5473 2496 5529 faciendum
2538 5483 2621 5529 est
2649 5494 2661 5529 :
2694 5491 2800 5530 non
2847 5477 2992 5531 enim
3040 5478 3241 5542 semel,
3271 5477 3363 5532 sed
3415 5485 3676 5547 perpetuo

2095 5566 2310 5636 placere
2339 5575 2573 5638 oportet.
2603 5566 2735 5622 Nam
2759 5569 2848 5640 qui
2877 5569 3087 5634 currit,
3115 5571 3161 5624 si
3191 5570 3374 5625 decem
3403 5570 3678 5625 circuitioo

2095 5657 2273 5722 nibus,
2299 5673 2432 5729 quas
2452 5657 2623 5716 Graeci
2655 5671 2846 5717 vocant
2869 5666 3105 5729 διαύλους,
3126 5664 3236 5732 jam
3262 5661 3436 5724 factis.
3469 5670 3679 5734 posue-

2097 5764 2239 5804 mam
2261 5749 2488 5818 omittat,
2517 5760 2688 5807 totum
2720 5753 2947 5824 perdidit
2973 5773 2986 5808 :
3012 5755 3082 5809 ita
3110 5763 3160 5808 et
3187 5768 3285 5810 nos
3308 5754 3352 5808 si
3370 5753 3439 5808 ab
3464 5753 3679 5824 incepto
