4042 6212
270 350 363 408 ιιιι

271 466 533 516 iuniorum
555 466 779 526 operum
801 463 962 507 cursu
987 445 1343 503 defecerimus
1360 483 1379 509 ,
1409 452 1574 496 totum
1616 437 1846 508 perdidi-

268 567 411 607 mus.
437 560 608 603 totum
637 545 994 613 corrupimus.
1035 537 1170 593 Audi
1219 534 1501 607 perutilem
1529 530 1851 586 admonitio-

269 657 394 698 nem
426 640 533 693 illis
557 636 955 707 pronuntiatum
982 628 1160 683 verbis
1193 644 1206 680 :
1236 623 1605 693 Eleemosyme,
1634 620 1803 689 inquit
1824 658 1841 680 ,

266 747 316 787 et
347 734 471 801 ﬁdes
497 746 548 783 te
566 744 671 781 non
700 727 933 779 deserant
964 720 1148 791 (Prov.
1173 720 1227 774 ὅ.
1247 718 1325 788 5).
1349 716 1464 772 Non
1491 715 1644 780 dixit,
1674 712 1854 768 Semel

270 825 434 879 tacito
453 864 468 887 ,
492 830 584 874 aut
614 820 696 875 bis
714 860 731 883 ,
753 826 843 870 aut
871 825 952 869 ter
973 856 988 878 ,
1016 822 1107 867 aut
1129 812 1306 867 decies
1326 852 1342 876 ,
1371 818 1463 862 aut
1490 806 1694 861 centies
1715 846 1728 866 ._
1757 803 1854 858 sed

270 925 573 990 perpetuo:
604 910 675 965 Te
701 924 804 963 non
851 908 1121 968 deserant,
1151 903 1340 971 inquit.
1371 899 1482 954 Nec
1521 913 1648 953 vero
1673 896 1854 960 dixit,

273 1011 425 1079 lpsas
446 1023 511 1060 ne
535 1005 752 1059 deseras
777 1044 792 1066 ,
821 1000 914 1053 sed
939 1040 955 1061 ,
987 996 1011 1049 1
1021 1010 1127 1065 pste
1150 1005 1198 1051 te
1222 1011 1323 1048 non
1365 992 1641 1050 deserant;
1665 996 1854 1042 osten-

268 1078 408 1157 dens
420 1114 516 1153 nos
542 1112 685 1156 esse.
704 1094 792 1161 qui
813 1095 1049 1161 ipsarum
1070 1101 1342 1158 egeamus,
1358 1098 1465 1138 non
1485 1085 1627 1151 ipsas
1650 1078 1852 1143 nostri;

265 1196 578 1262 decensque
608 1187 744 1243 nihil
774 1187 931 1239 nobis
978 1197 1084 1238 non
1114 1178 1413 1235 faciendum
1445 1191 1567 1231 esse
1594 1217 1609 1239 ,
1643 1183 1701 1229 ut
1735 1172 1856 1227 illas

265 1284 407 1352 apud
443 1297 539 1337 nos
601 1281 946 1335 retineamus.
979 1274 1249 1329 Circumda
1285 1286 1400 1333 eas,
1428 1266 1635 1337 inquit,
1660 1264 1855 1336 gutturi

265 1390 356 1433 tua
385 1375 572 1443 (Ibid).
596 1368 1060 1440 Quemadmodum
1108 1366 1251 1421 enim
1295 1363 1518 1418 divitum
1568 1359 1658 1413 lllii
1685 1356 1853 1413 decus

264 1484 489 1527 aureum
511 1468 654 1521 circa
682 1465 880 1519 collum
906 1468 1140 1532 gestant,
1172 1456 1409 1526 illudque
1434 1465 1725 1521 numquam
1754 1447 1852 1503 de~

266 1571 473 1634 pommt
514 1601 531 1625 ,
583 1557 736 1630 quasi
786 1554 1079 1610 nobilitatis
1123 1552 1329 1620 insigne
1369 1544 1849 1603 circumferentes:

263 1656 343 1711 ita
371 1664 423 1707 ct
448 1653 847 1720 eleemosynam
866 1645 1019 1700 nobis
1044 1644 1174 1712 ipsis
1195 1639 1588 1696 circumdemus
1615 1639 1849 1700 oportet,

260 1747 605 1800 deetarantes
647 1756 745 1795 nos
802 1752 924 1795 esse
966 1732 1332 1790 misericordis
1380 1732 1526 1785 illius
1561 1729 1731 1790 lilios,
1759 1728 1848 1797 qui

261 1837 440 1893 solem
490 1833 687 1890 exoriri
731 1831 860 1886 facit
893 1844 1057 1897 super
1106 1827 1275 1882 malos
1322 1835 1378 1881 et
1418 1825 1608 1877 honos.
1648 1823 1715 1875 At
1745 1834 1851 1874 non

260 1930 504 1985 credunt
529 1925 803 1981 inﬁdeles?
829 1922 1080 1991 Quinimo
1123 1935 1218 1990 per
1244 1920 1358 1973 haec
1391 1916 1613 1972 credent
1638 1956 1652 1981 ,
1679 1914 1722 1967 si
1754 1926 1854 1968 nos

263 2023 394 2076 hzec
426 2018 846 2091 praestiterimus.
870 2014 1001 2070 Nam
1030 2016 1075 2068 si
1098 2012 1325 2067 viderint
1351 2025 1450 2065 nos
1479 2009 1719 2062 omnium
1748 2007 1850 2059 mi-

262 2113 468 2177 sereri,
490 2111 738 2179 illumque
765 2115 1153 2178 reprzrsentare
1181 2112 1562 2174 praeceptorem
1587 2100 1686 2164 ;ad
1712 2100 1854 2154 illius

261 2204 622 2259 imitationem
647 2200 747 2253 hoc
772 2214 801 2252 a
825 2198 979 2251 nobis
1008 2197 1123 2251 fieri
1154 2194 1483 2264 intelligent.
1505 2192 1689 2263 Neque
1719 2208 1854 2246 Vero

263 2290 559 2362 utcumque
589 2291 784 2347 fecisse
806 2290 936 2343 satis
976 2297 1079 2352 est,
1106 2287 1201 2342 sed
1230 2286 1408 2341 cautio
1437 2284 1682 2354 quaedam
1713 2300 1846 2351 prue—

265 2399 415 2442 terea
432 2399 497 2439 ac
514 2382 905 2437 munimentum
931 2380 1241 2450 requiritur.
1263 2379 1639 2447 Elccnmsyna,
1660 2378 1848 2447 inquit,

262 2491 320 2532 et
343 2477 478 2530 ﬁdes
501 2476 571 2529 sit
590 2473 684 2527 tibi
706 2488 855 2527 vera.
884 2472 1050 2527 Recte
1067 2472 1220 2532 dixit,
1246 2471 1400 2533 \‘era,
1426 2486 1532 2525 non
1557 2485 1621 2524 ex
1641 2472 1849 2540 rapina,

264 2584 373 2623 non
385 2585 451 2624 es
480 2566 616 2623 furto
635 2586 650 2622 :
666 2564 767 2620 hoc
790 2567 931 2623 enim
950 2573 1149 2619 nonest
1175 2562 1325 2627 fides,
1348 2571 1547 2616 nonest
1564 2577 1683 2617 vera
1707 2563 1851 2618 elee.

263 2677 512 2732 mosyna.
542 2658 674 2714 Nam
702 2661 792 2730 qui
840 2659 1045 2712 furatur
1064 2700 1077 2716 .
1116 2672 1238 2710 eum
1266 2655 1481 2713 mentiri
1527 2669 1589 2710 ac
1614 2657 1854 2725 pejcrarc

266 2769 497 2810 necesse
522 2764 645 2819 est;
680 2763 735 2807 tu
759 2767 888 2807 vero
917 2766 1023 2806 non
1057 2751 1151 2815 ita,
1185 2750 1281 2805 sed
1326 2764 1429 2804 una
1464 2764 1587 2804 cum
1616 2749 1851 2803 eleemo-

262 2860 400 2917 syria
454 2844 616 2899 ﬁdem
670 2859 888 2914 quoque
943 2843 1169 2907 habeto,
1226 2842 1415 2912 inquit.
1446 2839 1853 2897 (Iircumdemus

264 2938 423 2992 nobis
449 2937 607 2990 ismm
635 2945 926 2999 ornatum;
953 2943 1198 3005 torquem
1231 2934 1372 2987 hunc
1411 2948 1632 2987 aureum
1660 2932 1855 2984 unione

264 3039 544 3096 aptemus,
576 3026 975 3096 eleemosyuam
1026 3025 1184 3091 dico,
1213 3024 1467 3095 quamdiu
1518 3024 1723 3078 scilicet
1768 3021 1854 3078 hic

266 3119 552 3174 fuerimus.
579 3117 709 3172 Nam
740 3132 864 3171 cum
895 3126 1026 3171 tetas
1065 3116 1179 3171 hch
1220 3117 1538 3186 pra-terierit
1562 3159 1577 3181 ,
1610 3131 1715 3171 non
1740 3134 1855 3170 atu-

267 3215 413 3281 plius
440 3212 527 3265 illa
562 3221 792 3265 utemur.
823 3210 959 3278 Quid
993 3212 1105 3265 ita?
1134 3209 1250 3265 Non
1280 3222 1404 3264 sunt
1433 3211 1504 3265 ibi
1555 3227 1815 3283 pauperes
1835 3254 1849 3276 ,

264 3321 376 3359 non
398 3314 526 3358 sunt
549 3303 618 3358 ibi
647 3305 909 3373 pecuniae,
938 3319 1042 3359 non
1068 3312 1154 3360 est
1182 3304 1250 3359 ibi
1276 3305 1593 3360 mendicitas
1620 3322 1633 3358 :
1660 3321 1852 3375 quam-

264 3398 356 3449 diu
383 3411 569 3452 sumus
599 3396 768 3467 pueri,
799 3406 990 3451 ornatu
1022 3397 1126 3452 hoc
1153 3413 1252 3453 nos
1275 3399 1419 3468 ipsos
1448 3414 1515 3454 ne
1536 3399 1850 3468 spoliemns.

261 3488 424 3556 Quod
455 3489 603 3542 enim
640 3488 692 3541 in
721 3490 901 3557 pueris
924 3490 1126 3554 evenit,
1160 3500 1215 3544 ut
1243 3505 1364 3544 cum
1391 3489 1457 3544 ad
1485 3491 1693 3545 virilem
1726 3502 1853 3546 :rlu-

265 3590 379 3634 tem
429 3580 809 3648 pervenerint,
841 3581 939 3635 ista
983 3580 1293 3651 deponant,
1328 3590 1486 3652 atque
1541 3581 1703 3636 alium
1753 3583 1852 3635 sibi

258 3683 547 3725 assumant
590 3680 838 3726 ornatum
872 3691 884 3728 :
917 3672 1057 3726 idem
1104 3686 1318 3743 quoque
1348 3672 1399 3726 in
1432 3672 1608 3727 nobis.
1642 3671 1851 3727 Etenim

262 3764 379 3818 illic
408 3777 516 3818 non
546 3764 645 3819 erit
671 3765 1011 3836 eieemosyna
1040 3766 1140 3820 ista
1167 3807 1183 3833 ,
1215 3781 1334 3836 quae
1362 3766 1600 3835 pecuniis
1632 3762 1686 3819 ﬁt
1712 3808 1727 3831 ,
1759 3765 1851 3819 scd

262 3855 374 3908 alia
402 3856 645 3925 qua-dam
673 3856 831 3924 longe
862 3859 1054 3923 major.
1086 3856 1164 3911 Ne
1208 3857 1367 3926 igitur
1390 3857 1595 3911 interea
1627 3856 1726 3910 hac
1757 3872 1854 3910 nos

257 3947 543 4017 pris-emus
568 3964 582 3999 :
612 3961 833 4019 operam
860 3948 1048 4001 demus
1069 3990 1081 4007 .
1111 3958 1167 4002 ut
1217 3948 1487 4017 pulchram
1521 3964 1580 4003 se
1622 3958 1677 4003 ct
1727 3964 1852 4020 spe-

259 4037 518 4092 ctandam
540 4038 773 4106 prsebeat
798 4039 999 4095 anima.
1022 4038 1267 4110 Magnum
1289 4040 1632 4111 elceumsyna
1655 4041 1853 4097 bonum

255 4141 433 4202 atque
458 4130 777 4186 honoratum
824 4142 946 4199 est,
994 4148 1241 4204 magnum
1290 4132 1489 4188 donum
1516 4177 1532 4195 ,
1579 4136 1687 4188 imo
1727 4150 1854 4190 vero

260 4238 463 4294 magna
491 4233 573 4278 est
598 4224 810 4278 bonitas
842 4242 858 4278 :
890 4225 934 4279 si
965 4224 1310 4281 didicerimus
1356 4226 1613 4297 pecunias
1668 4238 1851 4284 conte~

260 4330 476 4379 sonere,
496 4314 656 4369 etiam
685 4315 786 4369 alia
813 4314 1100 4371 discemus.
1122 4316 1256 4371 Vide
1276 4319 1423 4372 cnim
1448 4329 1579 4389 quot
1612 4320 1734 4375 hinc
1762 4337 1823 4390 pa

259 4409 478 4464 τίιιιιιιιι⁸
503 4407 642 4461 bona
673 4425 687 4461 :
712 4408 801 4477 qui
831 4407 923 4462 dat
950 4408 1346 4481 eleemosyuam
1375 4413 1647 4480 quomodo
1677 4414 1854 4469 danda

258 4511 386 4563 est,
444 4498 490 4552 is
534 4498 693 4553 discit
733 4499 985 4567 pecunias
1034 4510 1383 4555 contemnere
1413 4520 1427 4557 :
1460 4504 1550 4573 qui
1604 4507 1856 4574 pecunias

263 4601 619 4647 contemnere
667 4591 897 4659 didicit,
944 4593 989 4647 is
1037 4593 1300 4648 malorum
1351 4596 1586 4653 radicem
1632 4600 1850 4654 excidit.

266 4684 631 4752 Quamobrem
661 4698 767 4737 non
787 4692 893 4737 tam
922 4682 1043 4738 facit
1067 4684 1410 4751 beneficium,
1441 4704 1599 4760 quam
1626 4692 1857 4760 accipit;

1190 327 1258 385 IN
1296 324 1511 384 EPIST.
1553 323 1643 378 AD
1682 319 1970 376 PillLlPP.
2011 319 2163 378 CAP.
2209 324 2248 378 Ι.
2292 323 2521 381 HOMIL.
2564 324 2607 381 I.

3445 332 3548 389 l8!

1956 448 2059 489 non
2093 438 2294 495 idcirco
2329 440 2525 506 solum,
2552 440 2692 510 quod
2723 441 3084 515 elcemosynae
3126 444 3412 502 constituta
3455 460 3541 502 est

1963 546 2169 585 merces
2203 546 2268 587 ac
2316 533 2595 587 retributio
2615 574 2630 598 ,
2655 546 2839 589 verum
2870 535 3034 590 etiam
3075 537 3220 606 quod
3248 538 3425 591 anima
3480 540 3539 593 fit

1963 625 2331 694 philosophica
2367 626 2686 697 excelsaque
2713 644 2777 684 ac
2801 628 2976 685 dives.
3005 630 3107 699 Qui
3141 631 3550 703 eleeitiosynam

1963 716 2070 779 dat,
2101 716 2167 771 ad
2187 716 2326 772 hanc
2353 717 2697 787 disciplinam
2727 720 2991 787 eruditur,
3017 732 3074 776 ut
3104 724 3362 790 pecunias
3385 736 3547 793 atque

1961 820 2150 861 aurum
2178 808 2399 863 minime
2445 809 2782 867 admiretur:
2815 813 2903 883 qui
2948 828 3075 869 vero
3123 813 3225 870 hac
3264 813 3548 885 disciplina

1963 897 2191 953 instituit
2236 900 2495 965 animum,
2530 919 2614 957 [NB
2658 903 2747 959 ille
2776 905 3096 973 praeclarum
3120 907 3451 963 ascendendi
3487 909 3539 962 in

1960 990 2149 1043 caelum
2190 992 2509 1063 principium
2540 993 2700 1058 fecit;
2730 1005 3126 1068 scxcentasqne
3154 1012 3348 1068 pugna.
3367 1039 3383 1065 ,
3414 1014 3545 1054 cou-

1963 1082 2247 1147 tentionis,
2280 1084 2528 1151 invidiae,
2577 1088 2829 1141 mteroris
2868 1090 3182 1143 occasiones
3228 1093 3541 1159 amputavit.

1961 1171 2138 1226 Nostis
2160 1173 2299 1227 enim
2319 1174 2577 1244 profecto,
2612 1178 2781 1232 nostis
2806 1186 2864 1233 et
2890 1193 3008 1241 vos,
3038 1194 3103 1233 es
3128 1181 3373 1248 pecuniis
3402 1183 3542 1235 mala

1959 1266 2159 1329 omnia,
2189 1282 2253 1319 ex
2284 1267 2524 1335 pecuniis
2568 1280 2822 1324 sexcenta
2861 1269 2997 1326 bella
3027 1271 3204 1327 solere
3249 1274 3533 1327 exsistere.

1960 1356 2319 1422 Quamobrem
2362 1358 2452 1428 qui
2479 1358 2599 1413 illas
2622 1369 2968 1416 contemnere
2991 1360 3214 1427 didicit,
3245 1363 3540 1433 tranquillo

1961 1447 2012 1501 in
2044 1457 2198 1517 portu
2232 1449 2465 1517 seipsum
2488 1449 2695 1506 locavit
2715 1493 2729 1516 ,
2764 1467 2864 1509 nec
2888 1453 3144 1509 damnum
3174 1453 3399 1524 posthac
3429 1469 3545 1509 me-

1961 1539 2078 1593 tuit.
2120 1539 2202 1594 Ad
2245 1539 2382 1594 hanc
2423 1541 2566 1594 enim
2614 1542 2954 1613 disciplinam
3002 1545 3150 1600 illum
3199 1548 3542 1617 elecmosyua

1959 1629 2192 1684 erudivit
2236 1648 2249 1683 :
2299 1647 2402 1685 non
2457 1633 2662 1701 appetit
2708 1636 2935 1702 posthac
2981 1637 3200 1701 aliena;
3262 1640 3537 1707 quomodo

1960 1721 2125 1787 enim,
2153 1738 2275 1777 cum
2320 1738 2412 1776 sua
2437 1725 2599 1778 etiam
2638 1725 2922 1794 profundat
2947 1742 3011 1780 ac
3035 1727 3237 1782 donet?
3265 1729 3406 1783 nulla
3428 1730 3542 1800 jam

1956 1827 2083 1883 erga
2107 1812 2328 1868 divitem
2367 1814 2561 1869 invidia
2592 1818 2824 1886 tangitur
2848 1833 2863 1881 ;
2892 1818 3165 1886 quomodo
3223 1819 3389 1885 enim,
3412 1836 3537 1876 cum

1960 1920 2161 1976 pauper
2187 1906 2303 1961 lieri
2344 1908 2509 1962 velit?
2537 1908 2817 1979 ipsumque
2844 1911 3037 1966 anima:
3061 1911 3278 1967 oculum
3305 1915 3373 1969 ab
3393 1916 3540 1969 omni

1958 1997 2079 2053 labe
2108 2013 2299 2067 purum
2324 1999 2518 2054 reddit.
2538 2000 2716 2071 Atque
2737 2001 2853 2056 lnec
2878 2002 3096 2072 quidem
3146 2004 3234 2058 hic
3264 2022 3278 2057 :
3310 2020 3538 2076 quorum

1960 2107 2091 2146 vero
2121 2092 2190 2146 ibi
2214 2092 2476 2147 bonorum
2502 2108 2727 2164 compos
2756 2093 2965 2150 futurus
2995 2097 3084 2163 sit,
3118 2096 3260 2151 nulla
3290 2113 3542 2169 umquam

1959 2184 2130 2237 oratio
2168 2193 2331 2253 queat
2351 2201 2642 2254 exponere.
2673 2185 2788 2241 Non
2829 2203 2932 2241 una
2962 2203 3084 2243 cum
3117 2188 3296 2244 stultis
3322 2190 3547 2261 virgini-

1962 2277 2060 2330 bus
2100 2275 2232 2330 l‘oris
2277 2277 2551 2341 manebit,
2597 2278 2691 2332 sed
2735 2294 2840 2333 una
2871 2296 2994 2334 cum
3021 2280 3408 2351 prudentibus,
3440 2297 3543 2336 una
3607 2303 3611 2307 ·

1958 2385 2080 2424 cum
2120 2384 2323 2439 Sponso
2349 2371 2608 2435 introibit,
2638 2373 2948 2441 splendidas
2993 2373 3198 2430 habens
3247 2376 3542 2446 lampades.

1960 2464 2032 2517 Ita
2062 2463 2132 2517 ob
2159 2462 2298 2517 hanc
2328 2462 2495 2531 ipsam
2523 2464 2919 2537 eleemosyuam
2955 2469 3038 2528 iis.
3071 2485 3192 2539 qua:
3224 2470 3275 2524 in
3320 2471 3544 2540 virgini-

1960 2564 2067 2611 tate
2112 2555 2374 2611 scrvanda
2426 2555 2585 2611 valde
2623 2558 2967 2625 laborarunt,
3019 2561 3176 2631 longe
3229 2563 3542 2632 pratslabit,

1958 2665 2151 2720 expers
2181 2652 2292 2721 ipse
2323 2650 2568 2706 laborum
2599 2651 2811 2706 illorum
2847 2674 2857 2705 :
2885 2663 3032 2708 tanta
3070 2664 3152 2708 est
3179 2655 3545 2728 elecmosyna:

1959 2743 2128 2797 virtus
2156 2758 2171 2807 ;
2209 2741 2456 2796 alumnos
2482 2756 2611 2797 suos
2637 2756 2830 2812 magna
2869 2757 2992 2797 cum
3025 2745 3271 2800 libertate
3301 2746 3544 2801 introduc

1959 2835 2049 2889 cit.
2074 2832 2209 2889 Nota
2238 2834 2383 2888 enim
2408 2843 2493 2890 est
2525 2835 2640 2889 caeli
2668 2834 2989 2903 ianitoribus
3009 2878 3023 2901 ,
3052 2836 3142 2906 qui
3171 2838 3356 2907 sponsi
3402 2836 3545 2894 fores

1959 2928 2300 2994 custodiunt;
2345 2945 2445 2985 nec
2471 2946 2602 2985 vero
2627 2939 2750 2986 nota
2785 2931 2957 2987 solum
2979 2974 2993 2996 ,
3025 2930 3119 2986 scd
3151 2931 3312 2986 etiam
3356 2931 3542 3001 hujus-

1961 3024 2104 3079 modi
2131 3065 2145 3089 ,
2177 3032 2238 3080 ut
2282 3039 2399 3079 eam
2448 3036 2841 3082 revereantur:
2874 3043 3112 3099 eo=que,
3163 3042 3192 3080 a
3247 3026 3443 3097 quibus
3484 3041 3546 3082 se

1958 3118 2156 3172 cultam
2199 3117 2444 3183 noverit,
2483 3132 2676 3188 magna
2701 3134 2823 3189 cum
2844 3115 3091 3171 libertate
3110 3118 3453 3182 introducet;
3480 3132 3545 3175 ac

1961 3223 2118 3264 nemo
2145 3207 2480 3264 contradicet
2501 3250 2514 3271 ,
2544 3209 2640 3263 sed
2670 3224 2860 3265 omnes
2888 3206 3100 3265 cedent‘.
3128 3208 3266 3264 Nam
3299 3210 3344 3264 si
3376 3210 3543 3265 Deum

1959 3300 2011 3354 in
2044 3308 2239 3354 terram
2288 3298 2545 3367 adduxit,
2589 3299 2750 3370 idque
2797 3299 2897 3371 ipsi
2933 3301 3236 3370 persuasit,
3291 3308 3349 3355 ut
3383 3299 3546 3356 homo

1961 3394 2150 3446 lierct:
2191 3392 2363 3448 multo
2383 3393 2551 3462 magis
2571 3392 2844 3448 hominem
2868 3395 2921 3448 in
2963 3393 3152 3447 celum
3180 3392 3546 3452 intromittere

1961 3485 2159 3556 poterit
2184 3501 2201 3538 :
2225 3500 2416 3555 magna
2448 3485 2590 3539 enim
2615 3494 2698 3540 est
2732 3485 2900 3553 ipsius
2930 3487 3186 3555 potentia:
3216 3487 3357 3559 Ergo
3386 3489 3430 3543 si
3477 3504 3545 3545 ex

1959 3577 2328 3632 misericordia
2382 3589 2543 3647 atque
2601 3575 2880 3630 hominum
2933 3591 3119 3631 amore
3187 3579 3325 3634 Deus
3384 3578 3547 3635 homo

1960 3672 2128 3727 lactus
2156 3679 2259 3736 est,
2293 3671 2339 3726 si
2377 3685 2467 3735 eo,
2509 3671 2763 3741 inquam,
2809 3670 3070 3726 adductus
3121 3681 3203 3727 est
3255 3681 3314 3728 ut
3353 3686 3545 3727 servus

1959 3763 2139 3830 fieret;
2160 3764 2325 3819 multo
2340 3765 2509 3836 magis
2525 3777 2712 3819 servos
2735 3765 2786 3817 in
2805 3764 3022 3819 domum
3051 3764 3352 3820 introducet
3368 3779 3543 3819 suam.

1961 3857 2109 3913 Hanc
2124 3872 2394 3925 amemus,
2412 3857 2554 3913 hanc
2579 3858 2846 3926 colamus,
2876 3874 2984 3914 non
3006 3875 3114 3914 uno
3134 3866 3224 3913 aut
3248 3859 3417 3914 altero
3436 3858 3546 3927 die,

1959 3951 2053 4007 scd
2083 3966 2177 4020 per
2196 3966 2355 4006 omne
2385 3960 2616 4021 tempus,
2635 3961 2693 4005 ut
2718 3950 2831 4022 ipsa
2862 3965 2960 4007 nos
2982 3951 3119 4006 bene
3142 3958 3300 4005 notos
3327 3948 3546 4006 habeat.

1958 4043 2092 4098 Nam
2120 4042 2165 4096 si
2195 4057 2255 4097 ea
2281 4057 2381 4098 nos
2411 4044 2643 4107 noverit,
2673 4050 2729 4098 et
2756 4044 3015 4098 Dominus
3037 4053 3223 4098 noscet
3245 4059 3260 4106 ;
3285 4041 3367 4096 sin
3395 4042 3549 4113 igno-

1962 4141 2065 4200 ret,
2106 4134 2362 4189 Dominus
2386 4135 2546 4188 ctiam
2577 4134 2845 4205 ignorabit
2871 4176 2884 4198 ,
2912 4149 2974 4189 ac
3002 4135 3144 4189 dicet
3170 4175 3186 4200 ,
3208 4132 3405 4188 Nescio
3430 4148 3545 4187 vos.

1962 4225 2160 4281 Verum
2190 4226 2349 4289 absit,
2382 4236 2439 4279 ut
2470 4225 2607 4280 hanc
2626 4241 2724 4280 nos
2755 4241 2940 4281 vocem
2964 4225 3266 4288 audiamus,
3293 4224 3388 4280 sed
3417 4224 3549 4278 bea-

1963 4328 2069 4374 tam
2103 4319 2283 4372 illam:
2324 4316 2517 4380 Venile,
2549 4316 2795 4371 benedicti
2823 4316 2997 4370 Putris
3022 4317 3139 4381 mei,
3175 4316 3426 4385 possidete
3455 4329 3552 4383 pa-

1963 4419 2130 4463 ratum
2168 4408 2304 4462 vobis
2346 4424 2560 4478 regnum
2613 4424 2645 4461 a
2693 4407 3051 4461 constitutione
3098 4406 3272 4459 mundi
3318 4404 3547 4477 (Matth.

1961 4502 2054 4558 25.
2089 4502 2180 4571 54)
2213 4518 2227 4553 :
2259 4499 2399 4569 quod
2432 4500 2631 4553 utinam
2671 4512 2769 4552 nos
2793 4512 2978 4551 moues
3022 4510 3415 4565 consequamur
3455 4510 3553 4565 per

1963 4596 2192 4668 gratiam
2249 4603 2304 4647 et
2343 4593 2731 4662 benignitatem
2754 4631 2773 4657 ,
2822 4590 2875 4645 in
2916 4586 3134 4643 Christo
3166 4587 3293 4642 Iesu
3326 4587 3551 4642 Domino

1965 4699 2173 4754 nostro,
2211 4702 2333 4742 cum
2363 4700 2471 4757 quo
2498 4684 2662 4751 Patri,
2689 4694 2796 4738 etc.

1746 4902 2085 4965 HOMlLlA
2132 4903 2175 4964 l.

266 5038 403 5097 ευ.
436 5040 486 5093 l.
514 5055 570 5093 ν.
603 5041 655 5094 1.
691 5038 887 5093 Paulus
914 5048 958 5092 et
985 5036 1299 5102 Timotheus,
1328 5042 1458 5096 servi
1493 5040 1615 5097 Iesu
1645 5042 1859 5113 Christi,

342 5131 579 5185 omnibus
604 5133 793 5186 sanctis
818 5132 870 5184 in
907 5129 1107 5186 Christo
1134 5130 1277 5198 Iesu,
1305 5134 1391 5200 qui
1427 5144 1544 5187 sunt
1577 5132 1858 5206 Philippis,

346 5222 657 5291 coepiscopis
683 5232 728 5276 et
764 5222 1017 5287 diaconis,
1045 5221 1080 5275 ἓ.
1132 5225 1297 5293 gratia
1325 5223 1463 5277 vobis
1492 5235 1539 5278 et
1565 5241 1667 5295 pax
1696 5244 1726 5279 ιι
1760 5226 1865 5282 Deo

346 5314 516 5370 Patre
540 5324 707 5368 nostra
732 5326 778 5367 et
808 5311 1032 5367 Domino
1059 5312 1186 5367 Iesu
1212 5313 1433 5370 Christo.

342 5408 401 5463 ‘l.
440 5404 538 5460 Hic
571 5404 721 5471 quasi
756 5404 824 5459 ad
865 5404 1058 5473 πριιιιιί
1088 5404 1293 5460 honore
1320 5406 1573 5476 prmditos
1601 5407 1861 5468 scribens.

275 5513 381 5554 non
412 5501 566 5568 ponit
585 5512 741 5552 suum
757 5498 1052 5567 magisterii
1068 5513 1286 5564 nomen,
1307 5498 1402 5553 sed
1429 5498 1574 5554 aliud
1591 5500 1864 5570 quiddam,

277 5591 513 5660 illudque
538 5605 810 5660 maguum.
832 5589 1000 5659 Quale
1026 5605 1156 5649 vero
1177 5588 1357 5645 istud?
1378 5588 1602 5647 Servum
1630 5594 1865 5662 seipsum

280 5687 542 5751 nominat,
583 5700 692 5740 non
732 5685 1055 5756 apostolum.
1100 5686 1231 5741 Nam
1272 5696 1326 5742 et
1363 5687 1476 5744 hare
1518 5704 1642 5744 vere
1676 5700 1864 5760 magna

276 5777 508 5850 dignitas
550 5786 631 5833 est
700 5791 765 5831 ac
798 5776 1059 5832 bonorum
1099 5786 1279 5846 caput,
1326 5791 1538 5836 servum
1578 5795 1698 5837 esse
1735 5780 1865 5838 Jesn

650 5871 918 5933 PA'IllOL.
965 5873 1081 5934 Gn.
1124 5872 1319 5938 LXII.

1966 5042 2187 5111 Christi,
2233 5053 2284 5098 et
2327 5057 2430 5096 non
2474 5051 2677 5095 tantum
2718 5041 2842 5097 dici.
2880 5042 2980 5111 Qui
3008 5041 3209 5098 Christi
3238 5053 3427 5096 servus
3452 5048 3552 5104 est,

1970 5136 2055 5191 hic
2084 5152 2112 5189 a
2147 5145 2363 5205 peccato
2391 5135 2528 5190 liber
2555 5143 2672 5200 est;
2712 5144 2769 5190 et
2806 5135 2907 5190 hoc
2933 5135 3069 5206 ipso,
3098 5134 3241 5206 quod
3269 5147 3554 5205 germanus

1971 5242 2032 5281 ac
2059 5224 2323 5295 legitimus
2352 5240 2541 5281 servus
2567 5234 2670 5291 est,
2708 5241 2994 5297 numquam
3020 5226 3334 5289 committet,
3375 5233 3433 5280 ut
3459 5239 3555 5279 cu-

1964 5319 2217 5389 jusquam
2246 5317 2463 5389 alterius
2488 5332 2676 5374 servus
2705 5318 2793 5373 ﬁat
2823 5337 2837 5372 :
2866 5317 3062 5387 alioqui
3094 5330 3200 5371 non
3226 5326 3371 5372 esset
3397 5315 3556 5373 Cliri~

1973 5412 2038 5466 sti
2065 5387 2403 5476 servus,.nisi
2432 5426 2497 5465 ex
2523 5410 2741 5466 dimidia
2765 5421 2934 5479 parte.
2961 5411 3036 5465 Ac
3055 5424 3184 5465 sane
3205 5409 3270 5465 ad
3291 5409 3562 5465 Romanos

1974 5501 2235 5567 scribens,
2261 5516 2448 5556 rursus
2478 5501 2548 5555 ita
2578 5501 2767 5571 inquit,
2800 5500 3000 5555 Paulus
3025 5516 3199 5556 servus
3222 5500 3345 5557 Iesu
3370 5498 3561 5559 Christi

1975 5592 2154 5663 (Rom.
2187 5596 2240 5649 l.
2280 5595 2370 5661 l);
2399 5593 2465 5649 ad
2491 5592 2799 5650 Corinthios
2827 5608 2956 5650 vero
2983 5603 3037 5650 et
3061 5594 3403 5651 Timotheum
3428 5598 3563 5652 scri-

1977 5690 2109 5744 bens
2136 5689 2438 5757 apostolum
2467 5688 2701 5758 seipsum
2742 5688 3003 5744 nominat.
3040 5686 3177 5756 Quid
3206 5688 3318 5744 ita?
3343 5687 3461 5744 Non
3492 5690 3563 5745 ob

1975 5794 2092 5837 eam
2118 5789 2262 5837 certe
2289 5792 2523 5847 causam,
2554 5779 2695 5851 quod
2735 5779 2823 5837 isti
2862 5780 3114 5839 meliores
3155 5790 3338 5838 essent
3379 5781 3559 5839 τίιιιοι

3175 5869 3252 5929 12
