4042 6212
493 303 588 356 188

486 419 639 482 theo;
673 421 832 489 absit,
861 423 954 479 sed
983 426 1188 496 potius;
1225 424 1365 494 quod
1396 439 1505 495 pra:
1539 423 1809 490 omnibus,
1838 424 1905 478 ad
1930 437 2065 494 quos

482 510 690 577 scribit,
724 513 852 568 istos
893 515 1120 571 honoret
1144 525 1198 570 et
1238 515 1411 570 foveat
1444 534 1457 570 :
1489 530 1610 568 nam
1638 523 1692 569 et
1721 529 1927 584 magnae
1956 515 2066 569 vir-

487 602 610 655 tutis
653 605 1013 660 testimonium
1047 609 1170 678 ipsis
1210 608 1320 662 dat.
1352 607 1619 662 Praeterea
1660 621 1809 672 vero,
1846 622 1968 662 cum
1999 607 2068 662 ad

485 693 604 747 illos
641 696 896 750 scribenti
939 698 1104 752 nmlta
1149 707 1331 753 essent
1370 698 1741 754 constituenda
1785 707 1840 753 et
1880 698 2066 768 dispo-

486 785 680 849 nenda,
711 786 829 842 ideo
851 789 1076 856 apostoli
1102 788 1412 859 dignitatem
1438 806 1545 859 prie
1566 806 1624 846 se
1656 790 1793 844 tulit.
1823 789 1918 846 Hic
1941 805 2068 845 vero

485 876 617 929 nihil
662 877 790 944 ipsis
831 881 1047 932 mandat
1074 889 1268 948 pra-ter
1296 895 1378 943 ea,
1412 896 1530 950 qua:
1570 883 1729 936 etiam
1758 897 1855 951 per
1880 896 1939 936 se
1969 881 2068 950 ipsi

483 968 754 1022 videbant.
785 969 990 1025 Sanctis
1015 971 1066 1024 in
1098 971 1296 1026 Christo
1320 971 1466 1039 Jesu,
1512 972 1600 1040 qui
1639 981 1754 1026 sunt
1789 971 2067 1042 Philippis.

483 1059 744 1126 Quoniam
778 1063 1066 1119 verisimile
1103 1073 1223 1120 erat
1257 1063 1471 1119 luds-os
1509 1066 1668 1119 etiam
1710 1065 1916 1134 seipsos
1942 1079 2068 1119 san-

485 1160 600 1206 ctos
632 1153 909 1208 nominare
938 1171 1003 1210 ex
1042 1155 1221 1224 priore
1262 1155 1354 1210 illo
1381 1155 1618 1220 oraculo,
1657 1155 1747 1210 ubi
1789 1155 1917 1210 dicti
1947 1162 2072 1210 sunt

487 1244 714 1312 populus
742 1254 959 1299 sanctus
990 1253 1044 1300 et
1074 1246 1357 1316 peculiaris
1385 1245 1559 1314 (Deut.
1593 1247 1645 1300 7.
1689 1247 1741 1302 6.
1771 1254 1818 1300 et
1855 1246 1940 1300 ll.
1971 1243 2066 1316 2);

488 1342 772 1403 propterea
799 1334 967 1401 addit,
1001 1335 1208 1390 Sanctis
1233 1337 1286 1390 in
1313 1335 1516 1391 Cltristo
1539 1334 1686 1391 Jesu.
1708 1335 1772 1390 Hi
1799 1335 1944 1391 enim
1969 1334 2072 1391 soli

487 1424 679 1485 sancti,
711 1425 786 1478 illi
819 1441 946 1480 vero
973 1426 1180 1497 reliquo
1206 1426 1313 1496 jam
1342 1430 1583 1496 tempore
1614 1425 1837 1496 profani.

562 1514 791 1570 Nomina
821 1516 1082 1588 priscOpi,
1110 1517 1399 1588 Presbyteri
1427 1528 1476 1572 et
1505 1517 1724 1571 Diaconi
1750 1517 1895 1570 initio
1929 1531 2071 1568 cam-

494 1610 687 1661 munia.
706 1638 777 1648 —
796 1609 1117 1680 CoepiscOpis
1137 1619 1182 1662 et
1207 1610 1456 1664 diaconis.
1485 1610 1623 1677 Quid
1652 1609 1788 1664 hoc?
1813 1623 1879 1662 an
1917 1610 2073 1663 unius

487 1699 718 1757 civitatis
750 1701 900 1754 multi
929 1711 1083 1756 erant
1111 1702 1346 1772 episc0pi
1368 1704 1390 1756 ?
1413 1702 1780 1772 Nequaquam,
1807 1701 1902 1756 sed
1929 1716 2072 1769 pres-

490 1791 709 1861 byteros
761 1792 864 1845 isto
905 1793 1119 1846 nomine
1157 1793 1462 1862 appellavit.
1495 1793 1645 1846 Tunc
1680 1793 1820 1847 enim
1859 1792 2074 1846 nomina

489 1883 664 1938 adlmc
703 1892 856 1937 erant
884 1885 1209 1950 communia,
1253 1893 1412 1954 atque
1447 1885 1560 1953 ipse
1601 1884 1765 1938 etiam
1793 1883 2076 1952 episeopus

490 1972 781 2027 vocabatur
811 1972 1086 2027 diaconus.
1117 1973 1321 2028 Idcirco
1360 1973 1426 2027 ad
1457 1973 1795 2028 Timotheum
1835 1972 2076 2028 scribens

491 2065 683 2134 inquit,
723 2063 1047 2132 Diaconiam,
1099 2065 1150 2119 id
1192 2074 1295 2133 est,
1341 2065 1678 2119 ministerium
1718 2075 1858 2118 tuum
1898 2062 2073 2132 imple,

492 2171 612 2210 cum
643 2167 818 2212 tamen
847 2157 936 2212 ille
966 2158 1247 2227 episcopus
1268 2167 1430 2213 esset.
1455 2157 1606 2225 Quod
1632 2166 1840 2212 constat
1864 2172 1928 2211 ex
1957 2170 2079 2210 ver-

494 2250 578 2305 bis
606 2250 708 2304 illis
733 2250 798 2305 ad
827 2251 1074 2306 eumdem
1096 2252 1309 2321 scriptis
1334 2270 1347 2305 :
1372 2251 1556 2304 Manus
1579 2252 1677 2304 cito
1699 2251 1885 2304 nemini
1911 2252 2076 2318 impoo

494 2342 690 2407 spum's;
707 2348 759 2394 et
771 2356 982 2405 rursus,
1008 2341 1135 2407 Quae
1148 2342 1269 2394 data
1286 2350 1354 2396 est
1383 2341 1470 2395 tibi
1485 2358 1598 2395 cum
1625 2342 1945 2411 impositione
1965 2357 2074 2394 ma-

495 2449 651 2485 nuum
682 2433 974 2504 presbyterii
999 2434 1074 2504 (l.
1104 2433 1237 2488 Tim.
1267 2435 1321 2489 5.
1340 2433 1430 2487 22.
1457 2444 1501 2487 et
1527 2434 1580 2488 Δ.
1616 2433 1701 2502 ll)
1735 2451 1748 2488 :
1780 2433 2078 2504 presbyteri

499 2538 631 2578 vero
657 2523 965 2594 episcopum
997 2541 1100 2578 non
1125 2524 1485 2580 ordiuassent.
1513 2525 1580 2578 Et
1602 2539 1786 2579 rursus
1811 2523 1878 2577 ad
1901 2524 2079 2578 Titum

495 2614 736 2668 scribens
766 2614 937 2684 inquit
965 2630 979 2666 :
1013 2613 1186 2684 Hujus
1220 2616 1297 2669 rei
1320 2617 1486 2686 gratia
1525 2614 1708 2686 reliqui
1742 2626 1790 2670 te
1826 2617 1880 2669 in
1910 2614 2076 2682 Creta,

496 2715 551 2757 ut
592 2705 866 2760 constituas
906 2722 996 2776 per
1033 2707 1257 2762 civitates
1298 2707 1610 2778 presbyteros
1651 2722 1670 2760 :
1715 2708 1847 2761 sicut
1894 2717 1942 2760 et
1988 2723 2079 2778 ego

496 2797 724 2866 disposui
758 2797 867 2864 tibi,
906 2798 949 2851 si
983 2799 1095 2868 quis
1121 2798 1228 2852 sine
1257 2800 1467 2853 crimine
1494 2809 1588 2866 est,
1627 2800 1780 2852 unius
1808 2800 1981 2853 uxoris
2006 2800 2082 2852 vir

502 2891 628 2963 (Tit.
654 2893 712 2948 Δ.
742 2893 796 2948 5.
829 2893 883 2963 6)
919 2910 933 2948 :
962 2908 1082 2964 quae
1111 2892 1326 2963 quidem
1355 2893 1421 2948 de
1447 2894 1700 2963 episc0po
1729 2893 1874 2948 dicit.
1905 2895 2080 2964 Atque

497 2983 613 3038 huic
635 2999 758 3038 cum
796 2983 1038 3050 dixisset,
1068 2985 1248 3039 statim
1280 2984 1479 3039 addidit
1517 3003 1530 3036 :
1563 2985 1776 3054 Oportet
1803 2986 1935 3040 enim
1963 2986 2075 3056 epi-

496 3091 705 3143 scopum
732 3076 840 3130 sine
867 3076 1075 3130 crimine
1108 3092 1214 3130 esse
1239 3076 1367 3130 sicut
1401 3075 1496 3129 Dei
1525 3075 1948 3146 dispensatorem,
1981 3095 2080 3132 non

494 3165 785 3234 superbum.
811 3166 1115 3236 Antiquitus
1130 3167 1314 3236 igitur,
1339 3168 1788 3238 quemadmodum
1814 3168 2077 3232 dicebam,

499 3255 599 3324 ipsi
625 3256 783 3310 etiam
830 3257 1125 3329 presbyteri
1158 3258 1487 3314 vocabantur
1513 3260 1750 3330 episcopi
1790 3269 1844 3314 et
1871 3259 2080 3314 diaconi

498 3348 695 3404 Christi
732 3360 796 3405 et
839 3351 1071 3420 episcopi
1116 3351 1417 3424 presbyteri
1452 3370 1466 3407 :
1499 3352 1750 3423 quocirca
1798 3353 1881 3407 vel
1924 3353 2082 3408 hodie

499 3439 650 3493 tntilli
681 3440 917 3511 episcopi
956 3439 1026 3495 ita
1066 3441 1325 3508 scribunt,
1351 3442 1821 3515 Compresbytcro,
1855 3454 1910 3499 et
1936 3445 2082 3499 Con-

497 3534 747 3588 diacono.
779 3534 1111 3590 Proccdeute
1146 3552 1271 3591 vero
1313 3545 1550 3608 tempore
1587 3537 1860 3608 proprium
1891 3537 2082 3606 cuique

497 3625 840 3681 distributum
867 3637 951 3681 est
981 3642 1197 3693 nomen,
1229 3637 1282 3682 ut
1314 3627 1400 3683 hic
1425 3629 1638 3698 quidem
1661 3629 1964 3698 episcopus,
1994 3629 2083 3682 ille

497 3733 628 3773 vero
657 3718 935 3790 presbyter
959 3721 1277 3789 appelletur.
1303 3719 1646 3790 Coepiscopis,
1681 3721 1868 3790 inquit,
1897 3731 1944 3773 et
1967 3721 2082 3774 dia-

500 3811 665 3871 conis,
693 3811 858 3877 gratia
880 3811 1016 3862 vobis
1041 3819 1084 3863 et
1111 3827 1214 3879 pax
1239 3827 1270 3862 a
1293 3809 1399 3864 Deo
1419 3809 1578 3864 Patre
1597 3821 1767 3863 nostra
1797 3822 1844 3864 et
1866 3810 2083 3864 Domino

499 3896 622 3951 Iesu
647 3897 865 3952 Christo.
911 3899 1021 3954 Hoc
1056 3899 1175 3954 loco
1206 3916 1310 3953 non
1338 3900 1434 3954 abs
1475 3916 1532 3954 rc
1570 3909 1769 3969 qureret
1797 3901 2080 3970 quispiam,

499 3991 626 4062 quid
655 4007 829 4046 causa;
864 3993 954 4060 sit,
995 3993 1344 4063 quamobrem
1383 4008 1503 4048 cum
1549 4009 1809 4064 nusquam
1852 3994 1976 4047 alibi
2016 3993 2082 4047 ad

504 4084 722 4138 Clerum
753 4083 970 4152 scribat,
1005 4099 1108 4138 nou
1137 4084 1204 4138 ad
1233 4100 1353 4139 eum
1384 4085 1471 4154 qui
1500 4084 1705 4150 Romae,
1737 4101 1838 4139 non
1868 4087 1954 4156 qui
1976 4086 2082 4140 Co-

502 4177 686 4242 rinthi,
717 4191 821 4232 nan
853 4177 940 4247 qui
965 4177 1182 4246 Ephesi,
1207 4176 1298 4232 sed
1322 4178 1613 4247 generatim
1637 4178 1795 4236 dicat.
1824 4177 2085 4234 Omnibus

501 4272 704 4327 sanctis
733 4271 815 4327 vel
846 4270 1111 4337 fidelibus,
1140 4270 1370 4334 dilectis,
1403 4270 1489 4324 hic
1518 4269 1582 4324 ad
1613 4270 1822 4324 aeriam
1848 4270 2086 4325 scribat?

501 4362 785 4428 Nimirum,
815 4361 1066 4433 quoniam
1094 4361 1275 4416 clerici
1302 4361 1400 4432 ipsi
1432 4359 1662 4423 fuerant,
1694 4361 1785 4430 qui
1815 4361 1995 4414 literas
2017 4359 2086 4415 ad

501 4469 624 4508 eum
667 4453 930 4508 dederant
969 4460 1024 4509 et
1062 4450 1292 4506 fructum
1340 4450 1704 4521 protulerant,
1758 4449 1964 4518 ipsique
2017 4449 2085 4503 ad

499 4560 625 4598 eum
650 4545 902 4599 miserant
926 4542 1368 4614 Epaphroditum.
1391 4542 1444 4596 3.
1471 4540 1674 4594 Gratias
1699 4557 1796 4612 ago
1820 4539 1925 4594 Deo
1951 4555 2083 4602 meo,

499 4637 690 4705 inquit,
724 4637 776 4689 in
802 4639 939 4690 omni
964 4636 1206 4690 memoria
1231 4635 1381 4689 vestri
1410 4651 1624 4703 semper.
1669 4634 1810 4688 Alibi
1841 4634 1911 4687 ita
1951 4632 2087 4709 scri-

502 4731 609 4799 psit
633 4747 653 4785 :
688 4729 897 4785 Obedite
918 4731 1203 4800 praepositis
1233 4729 1408 4782 vestris
1435 4737 1479 4781 et
1506 4727 1803 4797 subjacete;
1832 4726 1930 4795 ipsi
1955 4725 2086 4778 enim

505 4819 805 4893 pervigilant
819 4821 961 4889 quasi
973 4821 1215 4873 rationem
1235 4835 1326 4888 pro
1343 4817 1608 4871 animabus
1628 4817 1799 4870 vestris
1813 4815 2081 4880 reddituri,

504 4923 557 4968 ut
573 4929 686 4966 cum
701 4912 888 4983 gaudio
901 4912 994 4966 hoc
1012 4912 1221 4982 faciant,
1242 4921 1287 4963 et
1305 4926 1405 4964 non
1420 4918 1669 4979 gementes
1684 4906 1962 4978 (Hebr.l5.
1972 4908 2082 4977 Π).

504 5004 561 5060 δι
585 5004 748 5072 igitur
765 5017 979 5072 gernere
999 5017 1062 5054 ex
1087 5002 1213 5054 vitio
1228 5000 1613 5069 discipulorum
1632 5008 1734 5065 est,
1759 5013 1880 5054 cum
1891 4999 2085 5069 gaudio

502 5097 557 5154 id
585 5097 785 5160 facere,
817 5109 882 5148 ex
915 5092 1153 5161 profectu
1181 5091 1302 5144 erit.
1336 5090 1447 5143 Hoc
1477 5089 1636 5159 igitur
1661 5097 1764 5154 est,
1795 5088 1938 5158 quod
1965 5089 2082 5144 ait:

502 5187 976 5254 Quotiescumque,
1027 5182 1228 5252 inquit,
1283 5182 1443 5234 vesrri
1493 5181 1804 5235 memoriam
1859 5189 2081 5248 repeto,

505 5278 671 5332 Deum
698 5276 956 5346 glorilico.
1001 5273 1061 5329 ld
1110 5288 1238 5327 vero
1282 5270 1428 5336 facit,
1471 5271 1612 5341 quod
1652 5271 1939 5324 multorum
1981 5269 2086 5325 illis

506 5368 770 5425 bonorum
792 5367 1039 5424 conscius
1054 5374 1227 5422 esset.
1261 5364 1326 5418 Et
1362 5363 1625 5434 glorifico,
1667 5361 1852 5432 inqdit,
1882 5372 1935 5418 et
1969 5378 2086 5432 pre-

502 5473 618 5515 cor.
646 5457 762 5513 Non
785 5459 950 5524 enim,
983 5456 1230 5528 quoniam
1262 5453 1474 5509 virtutis
1511 5453 1648 5507 viam
1679 5453 1904 5524 ingressi
1933 5452 2082 5519 estis,

501 5553 665 5608 tinem
689 5550 941 5621 precandi
979 5564 1080 5619 pro
1105 5547 1256 5604 vobis
1283 5547 1440 5613 facio,
1474 5545 1568 5601 sed
1600 5555 1782 5616 persto
1825 5545 2000 5600 adhuc
2028 5544 2082 5598 in

502 5643 765 5697 oratitme.
799 5639 1021 5708 Gratias,
1049 5639 1240 5708 inquit,
1285 5654 1381 5709 ago
1428 5635 1538 5691 Deo
1575 5637 1630 5690 in
1667 5637 1805 5691 omni
1843 5637 2082 5690 memoria

501 5735 650 5790 vestri
687 5736 742 5791 ι.
783 5747 996 5802 semper,
1035 5731 1091 5787 in
1131 5731 1270 5786 omni
1307 5729 1534 5785 oratione
1576 5743 1686 5782 mea
1724 5743 1819 5799 pro
1849 5727 2078 5782 omnibus

1255 309 1310 364 S.
1351 307 1626 364 JOANMS
1664 306 2128 363 CJll’lYSOSTOMl
2172 308 2482 364 AliCHllﬁP.
2523 307 3055 368 CONSTANTINOP.
3652 320 3745 376 184

2175 425 2310 477 vobis
2329 440 2440 476 cum
2466 425 2652 494 gaudio
2673 427 2822 480 etiam
2841 427 3241 496 deprecationem
3259 429 3470 499 faciens.
3501 431 3715 497 Semper
3730 451 3751 488 :

2172 532 2276 573 non
2321 518 2515 582 solum,
2546 519 2759 588 quando
2799 534 3008 588 precor.
3065 519 3231 576 Recte
3278 532 3453 575 autem
3502 523 3742 591 addidit,

2171 607 2296 664 Cum
2341 611 2549 679 gaudio.
2593 611 2689 664 Est
2730 613 2872 666 enim
2913 621 2967 666 et
2995 627 3118 666 cum
3156 627 3389 668 maerore
3432 615 3482 668 id
3535 615 3749 680 facere;

2173 701 2617 768 quemadmodum
2646 701 2772 755 alibi
2800 701 2950 766 dicit,
2984 701 3118 756 Nam
3146 719 3209 756 ea:
3244 705 3401 756 multa
3431 705 3759 759 tribulatione

2173 798 2220 842 et
2255 790 2490 858 angustia
2523 791 2689 844 cordis
2728 791 2909 860 scripsi
2946 791 3083 844 vobis
3122 808 3210 860 per
3257 793 3442 847 utullus
3478 793 3747 865 lacrymas.

2175 879 2344 950 Super
2383 882 2832 936 communicatione
2867 891 3050 948 uestra,
3085 882 3274 952 inquit,
3304 884 3356 937 in
3385 887 3698 955 evangelium
3719 903 3753 940 a

2175 971 2340 1036 prima
2369 970 2452 1025 die
2480 987 2632 1042 usque
2657 988 2788 1026 nunc
2817 973 2894 1041 (2.
2926 971 3045 1030 Cor.
3075 974 3129 1026 2.
3158 975 3235 1042 4).

2245 1063 2298 1116 2.
2341 1062 2586 1132 Magnum
2619 1063 2868 1132 quiddam
2900 1073 3001 1131 est,
3029 1066 3095 1120 de
3121 1081 3227 1135 quo
3255 1067 3359 1120 illis
3389 1069 3752 1126 testimonium

2173 1152 2276 1209 hoc
2306 1154 2424 1207 loco
2453 1153 2563 1219 dat,
2609 1164 2664 1208 et
2705 1155 2854 1209 valde
2897 1171 3165 1225 magnum,
3213 1158 3462 1226 quodque
3493 1161 3754 1228 apostolis

2173 1254 2229 1300 et
2265 1245 2603 1314 evangelistis
2651 1244 2766 1298 dari
2797 1245 3034 1299 solitmn.
3069 1245 3182 1300 Non
3220 1248 3470 1315 quoniam
3510 1264 3635 1316 una,
3667 1251 3754 1304 iu-

2173 1335 2308 1406 quit,
2341 1336 2528 1390 civitas
2560 1336 2711 1389 vobis
2741 1338 3109 1391 commendata
3139 1351 3202 1392 ac
3230 1337 3432 1392 credita
3461 1350 3564 1407 est,
3608 1342 3754 1396 illam

2174 1428 2341 1483 solam
2363 1429 2601 1492 curatis;
2631 1427 2725 1482 sed
2765 1427 2895 1482 nihil
2931 1429 3198 1496 omittitis,
3233 1437 3290 1484 ut
3328 1429 3571 1484 laborum
3601 1447 3755 1487 meo.

2175 1534 2291 1573 rum
2322 1519 2607 1588 participes
2647 1519 2786 1585 sitis,
2830 1519 3024 1587 ubique
3071 1529 3382 1588 praesentes,
3411 1531 3755 1592 vestramque

2175 1624 2392 1678 operam
2422 1624 2485 1663 ac
2511 1609 2839 1679 diligentiam
2883 1625 2985 1664 una
3025 1625 3234 1665 mecum
3279 1612 3330 1665 in
3375 1613 3758 1682 priedieatione

2176 1701 2501 1756 collocantcs
2529 1718 2543 1755 :
2575 1717 2679 1755 non
2707 1702 2894 1766 semel,
2921 1703 3067 1758 bisve
3093 1711 3184 1756 aut
3211 1712 3310 1768 ter,
3339 1704 3431 1758 sed
3457 1719 3668 1774 seraper
3687 1722 3756 1758 ex

2176 1806 2242 1845 eo
2287 1801 2546 1860 tempore,
2594 1807 2699 1860 quo
2742 1791 3064 1856 credidistis,
3115 1808 3281 1861 usque
3323 1794 3388 1846 ad
3434 1796 3573 1849 hunc
3610 1795 3756 1849 diem

2178 1881 2540 1951 apostolorum
2573 1882 2727 1951 plane
2757 1881 2991 1936 studium
3019 1892 3178 1952 atque
3204 1883 3529 1938 alacritatem
3556 1900 3760 1954 repnt-

2178 1973 2450 2026 scntastis.
2485 1972 2616 2028 Vide
2643 1987 2738 2026 eos
2766 1974 3001 2042 quidem,
3025 1974 3116 2043 qui
3143 1974 3328 2029 Ruina:
3355 1986 3522 2042 erant,
3564 1978 3632 2032 ab
3662 1979 3760 2032 illo

2179 2077 2299 2117 sese
2327 2062 2622 2127 avertisse;
2654 2063 2776 2117 audi
2807 2065 2948 2117 enim
2979 2065 3125 2119 illum
3153 2065 3416 2121 dicentem
3449 2087 3462 2122 :
3489 2069 3604 2122 Scis
3633 2070 3757 2132 ltoc,

2179 2153 2314 2223 quod
2343 2153 2504 2207 aversi
2529 2164 2646 2208 sunt
2665 2171 2696 2206 a
2727 2171 2804 2208 me
2829 2172 3017 2214 omnes.
3049 2157 3138 2226 qui
3165 2157 3217 2209 in
3245 2158 3365 2210 Asia
3393 2168 3542 2223 sunt;
3571 2168 3624 2213 et
3645 2177 3762 2213 rur-

2179 2259 2292 2310 sus,
2321 2243 2514 2298 Demos
2531 2260 2610 2299 me
2629 2247 2866 2311 reliquit;
2897 2255 2968 2310 et,
3001 2245 3064 2299 In
3101 2249 3264 2315 prima
3301 2265 3409 2303 mea
3447 2249 3759 2320 defensione,

2181 2335 2372 2406 inquit,
2395 2356 2543 2394 nemo
2570 2338 2691 2391 mihi
2717 2339 2882 2408 adfuit
2911 2339 2985 2411 (2.
3020 2338 3149 2393 Tim.
3178 2341 3228 2394 l.
3259 2341 3345 2394 l5.
3384 2352 3429 2394 et
3454 2343 3506 2396 4.
3542 2343 3596 2398 9.
3623 2342 3718 2413 16)
3743 2360 3759 2406 ;

2183 2427 2280 2482 hos
2306 2438 2483 2482 autem
2513 2430 2673 2482 etiam
2703 2444 2824 2483 cum
2848 2431 3088 2496 aberant,
3120 2431 3259 2485 illius
3283 2431 3384 2486 sibi
3424 2431 3760 2488 incommoda

2181 2521 2480 2575 communia
2510 2517 2783 2577 duxisse:
2815 2524 3010 2594 quippe
3051 2539 3173 2578 cum
3203 2533 3257 2579 et
3297 2536 3474 2579 certos
3513 2524 3763 2582 homines

2182 2611 2247 2662 ad
2292 2611 2436 2665 illum
2487 2613 2781 2680 mitterent,
2813 2625 2865 2667 et
2902 2629 2997 2683 pro
3042 2615 3242 2669 viribus
3284 2631 3402 2686 qua:
3445 2631 3579 2687 opus
3604 2629 3766 2673 erant

2182 2706 2665 2772 subministrarem,
2698 2708 3020 2778 omninoque
3059 2709 3190 2762 nihil
3229 2709 3553 2764 omitterent.
3585 2711 3765 2778 Atque

2185 2795 2286 2851 hoc
2327 2796 2518 2862 facitis,
2566 2799 2757 2869 inquit,
2787 2815 2893 2854 non
2930 2799 3102 2854 solum
3146 2815 3304 2865 nunc,
3337 2801 3432 2855 sed
3475 2811 3758 2870 perpetuo,

2183 2889 2328 2942 omni
2356 2890 2562 2945 ratione
2606 2891 2902 2946 subsidium
2939 2892 3242 2947 :ill‘ereutes.
3283 2893 3425 2963 Ergo
3461 2895 3761 2949 subsidioin

2184 2980 2343 3046 ferre,
2379 2983 2478 3037 hoc
2503 2992 2585 3038 est
2609 2983 3020 3038 communicatio
3061 2984 3112 3038 in
3151 2985 3508 3053 evangelium.
3550 2985 3770 3040 Eteuint

2185 3075 2395 3142 quando
2436 3074 2524 3128 ille
2567 3074 2777 3145 quidem
2819 3075 3086 3145 priedicat,
3129 3081 3183 3128 tu
3215 3090 3343 3129 vero
3380 3077 3762 3145 praedicantem

2186 3163 2331 3219 foves
2360 3174 2411 3218 et
2441 3165 2692 3233 adiuvas;
2733 3165 2873 3220 illius
2901 3181 3112 3220 corona:
3142 3181 3452 3221 communes
3480 3167 3569 3221 tibi
3602 3167 3758 3223 ﬁunt.

2183 3256 2316 3311 Nam
2333 3267 2385 3310 et
2411 3258 2461 3310 iu
2491 3262 2730 3313 externis
2755 3258 3131 3313 certaminibus
3152 3273 3258 3312 non
3281 3259 3346 3312 ad
3377 3259 3521 3313 illum
3556 3268 3762 3315 tantum

2184 3349 2273 3418 qui
2300 3356 2469 3402 certat
2495 3363 2690 3402 corona
2722 3349 2972 3418 pertinet,
3004 3350 3097 3404 sed
3116 3351 3276 3404 etiam
3297 3350 3360 3402 ad
3392 3349 3760 3420 pmdotribam,

2184 3449 2239 3494 et
2270 3439 2336 3494 ad
2377 3439 2699 3505 ministrum,
2752 3439 3082 3509 omninoque
3125 3440 3192 3494 ad
3239 3455 3425 3495 omnes
3467 3441 3606 3507 illos,
3639 3442 3761 3510 qui-

2185 3547 2414 3602 cumque
2439 3531 2697 3586 athletam
2727 3532 3090 3586 instituerunt.
3123 3532 3328 3586 Etenim
3354 3533 3440 3602 qui
3467 3533 3612 3586 illum
3634 3547 3764 3585 con-

2189 3626 2422 3691 lirmant,
2450 3639 2512 3678 ac
2541 3632 2804 3689 recreant,
2831 3639 2926 3678 eos
2963 3623 3197 3678 victoria:
3234 3638 3445 3693 quoque
3478 3625 3765 3694 participes

2187 3716 2300 3770 fieri
2330 3730 2536 3786 mquum
2565 3725 2663 3769 est.
2697 3714 2879 3770 Itidem
2907 3729 3034 3768 vero
3069 3716 3121 3767 in
3160 3713 3311 3768 bellis
3352 3729 3457 3768 non
3487 3715 3632 3767 solos
3670 3715 3764 3769 ille

2187 3811 2276 3879 qui
2306 3809 2622 3878 praeclarum
2667 3806 2875 3862 facinus
2903 3805 3087 3871 edidit,
3128 3805 3221 3860 sed
3263 3821 3450 3860 omnes
3482 3807 3642 3860 etiam
3669 3810 3764 3876 qui

2185 3901 2233 3956 ei
2263 3902 2448 3954 utilem
2483 3915 2698 3968 Operam
2728 3897 3014 3964 dederunt,
3061 3913 3166 3953 non
3205 3899 3393 3969 injuria
3423 3899 3487 3952 ad
3520 3907 3760 3968 trapazo-

2187 4008 2306 4047 rum
2333 3991 2630 4062 glorimque
2661 4001 2864 4060 partem
2895 4001 3154 4044 vocantur
3181 4009 3195 4045 :
3227 3990 3446 4060 perinde
3473 4008 3534 4045 ac
3562 3991 3606 4045 si
3634 3991 3760 4046 dili-

2187 4099 2319 4153 gens
2355 4083 2442 4136 illa
2481 4097 2668 4151 opera,
2698 4090 2751 4136 et
2779 4082 3127 4136 ministerium
3160 4097 3281 4150 pars
3311 4081 3550 4151 quasdam
3581 4097 3642 4136 ac
3670 4095 3764 4136 so-

2187 4176 2353 4230 cietas
2378 4175 2684 4230 certaminis
2713 4173 2893 4230 fuerit.
2923 4175 3080 4244 Atqui
3110 4175 3309 4227 sanctis
3336 4173 3616 4238 inservire,
3655 4189 3762 4227 non

2190 4280 2409 4334 parvum
2435 4264 2686 4335 quiddam
2715 4273 2820 4330 est,
2848 4264 2941 4319 sed
2973 4265 3192 4318 multum
3215 4265 3432 4319 omnino
3461 4264 3602 4319 valet
3629 4283 3642 4318 :
3666 4281 3767 4320 no-

2190 4359 2272 4414 bis
2311 4358 2453 4413 enim
2495 4371 2810 4411 communes
2851 4357 2974 4410 iacit
3009 4357 3271 4424 repositas
3315 4356 3419 4409 illis
3463 4354 3762 4411 mercedes.

2190 4448 2435 4518 Exempli
2463 4461 2644 4512 causa,
2677 4445 2910 4516 profudit
2947 4446 3206 4516 quispiam
3243 4460 3483 4515 magnam
3526 4446 3765 4514 pecunia:

2190 4540 2297 4595 vim
2321 4547 2536 4610 propter
2564 4539 2751 4600 Deum,
2780 4537 2990 4592 assidue
3015 4537 3253 4592 adhmret
3276 4538 3401 4602 Deo,
3426 4538 3634 4591 esimim
3660 4537 3764 4590 vir'

2193 4632 2320 4686 tutis
2347 4628 2537 4684 officiis
2573 4629 2827 4699 fungitur,
2856 4643 3102 4698 magnam
3131 4627 3390 4682 adhibens
3415 4627 3763 4696 diligentiam,

2192 4736 2260 4777 ne
2297 4719 2382 4775 vel
2411 4720 2463 4774 in
2493 4718 2670 4774 verbis
2695 4727 2785 4772 aut
2820 4717 3230 4788 cogitationibus
3269 4717 3421 4785 ipsis,
3462 4716 3634 4770 ullave
3664 4716 3766 4769 alia

2192 4827 2251 4868 re
2277 4811 2489 4869 labatur
2517 4828 2531 4864 :
2559 4813 2611 4864 in
2639 4819 2724 4865 tua
2753 4825 2913 4863 manu
2934 4817 3032 4874 est,
3061 4809 3304 4879 quamvis
3330 4807 3658 4863 tantumdem
3680 4807 3768 4862 di-

2189 4905 2426 4975 ligentiac
2455 4919 2558 4957 non
2587 4901 2913 4965 adhibueris,
2943 4902 3208 4970 repositas
3233 4901 3308 4955 illi
3337 4916 3431 4971 pro
3463 4911 3541 4955 tot
3567 4899 3764 4953 labori-

2193 4996 2296 5050 bus
2329 4992 2604 5048 mercedes
2633 5007 2944 5046 communes
2987 4991 3080 5045 tibi
3122 4991 3318 5046 facere.
3356 4989 3674 5059 Quomodo?
3711 4989 3771 5043 Si

2194 5086 2343 5140 illum
2371 5099 2530 5140 cures
2559 5081 2848 5151 foveasque
2875 5091 2929 5136 et
2955 5097 3203 5136 sermone
3231 5090 3286 5136 et
3315 5085 3520 5150 reipsa;
3551 5081 3595 5135 si
3635 5095 3770 5134 cono

2191 5176 2382 5232 soleris
2409 5189 2528 5229 cum
2555 5171 2900 5243 suppeditans
2926 5174 3248 5238 necessaria,
3280 5179 3392 5225 tum
3413 5170 3465 5224 in
3495 5169 3641 5224 omni
3664 5169 3771 5224 mi-

2193 5267 2416 5323 nisterio
2459 5266 2802 5320 inserviens:
2837 5274 2892 5318 tu
2933 5265 3074 5319 enim
3117 5266 3162 5318 is
3198 5264 3339 5327 eris,
3381 5264 3472 5334 qui
3519 5277 3769 5333 asperam

2193 5360 2334 5414 illam
2360 5359 2500 5412 viam
2531 5356 2820 5412 faciliorem
2855 5356 2955 5425 ipsi
2980 5353 3164 5410 iacies.
3193 5355 3572 5422 Quamobrem,
3599 5355 3643 5408 si
3669 5353 3772 5408 ad-

2191 5450 2460 5507 miramini
2486 5449 2608 5504 illos
2632 5448 2722 5519 qui
2742 5447 2792 5501 in
2813 5461 2996 5503 eremo
3017 5447 3219 5514 vivunt,
3239 5447 3330 5517 qui
3359 5447 3481 5502 vita:
3507 5445 3774 5500 rationem

2191 5541 2348 5614 plane
2377 5539 2673 5612 angelicam
2702 5545 3073 5607 susceperunt,
3103 5538 3193 5609 qui
3224 5538 3278 5593 in
3310 5537 3561 5593 Ecclesiis
3581 5537 3781 5599 eadem

2191 5646 2348 5706 atque
2381 5633 2456 5688 illi
2498 5632 2709 5688 virtutis
2748 5631 2950 5687 obeunt
2995 5647 3213 5685 munera
3258 5649 3271 5684 :
3321 5631 3366 5686 si
3403 5629 3744 5685 admiramini

2194 5726 2432 5797 inquam,
2471 5738 2534 5780 ac
2558 5721 2752 5781 doletis
2789 5732 2893 5778 tam
2937 5723 3092 5793 longo
3123 5735 3216 5777 vos
3246 5721 3528 5778 intervallo
3565 5721 3634 5776 ab
3663 5719 3777 5775 illis
