4046 6210
263 318 379 382 183

261 433 542 507 τιμοθέου
571 431 728 490 αὑτοὶ
758 433 1039 504 κρείττους
1058 447 1073 463 ο
1105 432 1286 504 ἄπαγε
1307 451 1321 466 ο
1350 435 1486 489 ἀλλά
1534 436 1736 507 μᾶλλον
1772 438 1854 491 ὅτι

265 527 476 590 αὐτοὺς
532 525 671 596 τιμᾷ
717 524 813 578 καὶ
869 524 1160 596 θεραπεύει
1213 527 1448 598 μάλιστα
1504 530 1740 595 πάντων,
1773 525 1856 594 οἷς

261 617 598 674 ἐπέστελλεο
637 616 864 685 καὶγὰρ
889 617 984 670 1:01
1016 616 1220 687 πολλὴν
1247 619 1433 683 αὐτοῖς
1477 619 1680 690 ἀρετὴν
1711 638 1855 692 μαρ-

259 708 666 781 τυρεῖ.Ἀλλως
694 707 776 773 δέ,
801 710 918 761 ἐκεῖ
945 708 1044 778 μὲν
1071 705 1194 763 οὖν·
1221 709 1415 780 ἔμελλε
1447 710 1619 765 πολλὰ
1645 711 1862 766 διατάτ-

260 804 480 868 τεσθαι,
506 801 596 855 διά
625 799 788 854 τοῦτο
819 801 1052 855 ἀνέλαϐε
1078 801 1138 855 τὸ
1165 801 1261 854 τοῦ
1292 802 1594 856 ἀποστόλου
1621 800 1855 874 ἀξίωμα·

262 892 508 946 ἐνταῦθα
537 892 595 945 δὲ
621 891 902 944 ἐπιτάττει
935 891 1034 960 μέν
1058 890 1243 954 αὐτοῖς
1268 892 1441 957 οὐδὲν,
1477 892 1615 963 πλὴν
1645 893 1745 946 ὅσα
1767 893 1861 946 1:01

262 988 365 1058 ἀφ’
395 985 608 1042 ἐαυτῶν
642 983 952 1056 συνεώρων.
982 984 1114 1052 Τοῖς
1136 985 1333 1053 ἁγίοις
1371 984 1442 1038 ἐν
1477 984 1712 1054 Χριστῷ
1746 986 1862 1052 Ἰη-

264 1079 392 1136 σσῦ
418 1078 545 1146 τοῖς
583 1074 769 1132 οὖσιν
793 1077 864 1130 ἐν
885 1076 1224 1142 Φιλίπποις.
1243 1076 1464 1146 Ἐπειδὴ
1495 1077 1642 1140 είκδς
1669 1072 1738 1147 ἦν
1761 1076 1858 1130 1:01

278 1170 574 1232 Ἰουδαίους
623 1167 814 1236 ἁγίους
864 1167 1090 1230 ἑαυτοὺς
1128 1167 1312 1221 καλεῖν
1344 1166 1453 1220 ἀπὸ
1498 1166 1592 1220 τοῦ
1641 1164 1859 1236 πρώτου

265 1260 552 1333 χρησμοῦ,
584 1259 749 1329 ἡνίκα
773 1257 1022 1326 ἐλέγοντο
1049 1257 1180 1319 λαὸς
1215 1257 1389 1325 ἅγιος,
1421 1255 1752 1328 περιούσιος,
1773 1256 1860 1310 διὰ

263 1353 431 1407 τοῦτο
483 1351 792 1423 προσέθηκε
819 1393 833 1416 ,
865 1349 991 1416 Τοῖς
1015 1349 1208 1418 ἁγίοις
1248 1348 1318 1402 ἐν
1359 1347 1594 1417 Χριστῷ
1631 1347 1857 1415 Ἰησοῦ.

263 1435 434 1496 Οὗτοι
467 1442 578 1514 γὰρ
606 1439 757 1512 μόνοι
794 1439 960 1510 ἀγιοι,
996 1441 1196 1494 ἐκεῖνοι
1223 1439 1280 1492 δέ
1309 1437 1497 1493 λοιπὸν
1531 1438 1770 1510 βέϐηλοι.

340 1615 832 1680 Σινεπισκόποις
874 1613 968 1667 καί
1004 1613 1328 1681 διακόνοις.
1365 1612 1431 1666 Τί
1483 1611 1681 1680 τοῦτο;
1734 1613 1864 1684 μιᾶς

266 1707 484 1770 πόλεως
507 1706 692 1760 πολλοὶ
713 1705 1001 1759 ἐπίσκοποι
1022 1703 1177 1777 [195]
1200 1701 1370 1777 ἧσαν;
1402 1705 1669 1777 Οὐδαμῶς
1687 1722 1702 1736 ·
1725 1704 1863 1759 ἀλλά

264 1799 402 1861 τοὺς
452 1796 860 1868 πρεσϐυτέρους
906 1795 1079 1860 οὕτως
1126 1795 1375 1852 ἐκάλεσε.
1408 1796 1542 1850 Τότε
1573 1795 1683 1868 γὰρ
1721 1795 1860 1858 τέως

266 1887 597 1944 ἐκοινώνουν
643 1891 757 1951 τοῖς
806 1889 1055 1959 ὀνόμασι,
1083 1889 1178 1942 1:01
1218 1888 1464 1951 διάκονος
1497 1888 1527 1942 ό
1564 1887 1860 1952 ἐπίσκοπος

266 1982 515 2050 ἐλέγετο.
542 1982 639 2034 Διά
665 1982 826 2034 τοῦτο
853 1981 1080 2050 γράφων
1112 1981 1206 2034 1:01
1233 1979 1484 2051 Τιμοθέῳ
1516 1980 1668 2048 ἐλεγε
1692 1995 1708 2011 ο
1743 1978 1862 2048 Τὴν

266 2071 592 2128 διακονίαν
651 2086 768 2125 σου
817 2073 1324 2140 πληροφόρησον·
1379 2069 1666 2140 ἐπισκόπῳ
1721 2069 1857 2123 8111:.

268 2163 404 2216 Ὅτι
446 2163 554 2233 γάρ
598 2163 896 2224 ἐπίσκοπος
934 2157 1022 2232 ἦν.
1056 2163 1190 2232 φησὶ
1240 2161 1378 2233 πρὸς
1423 2161 1607 2224 αὐτὸν,
1639 2161 1849 2230 Χεῖρας

266 2254 503 2324 ταχέως
529 2253 743 2322 μηδενί
775 2253 1057 2308 ἐπιτίθεν
1092 2255 1188 2307 1:01
1221 2253 1382 2307 πάλιν
1404 2270 1417 2284 ·
1460 2256 1530 2306 '0
1552 2254 1731 2322 ἐδόθη
1762 2269 1862 2308 σοι

263 2346 424 2416 μετά
457 2345 781 2412 ἐπιθέσεως
829 2343 948 2398 τῶν
996 2343 1212 2413 χειρῶν
1257 2343 1364 2399 τοῦ
1393 2343 1823 2412 πρεσϐυτερίου
1841 2360 1855 2373 ·

265 2438 376 2491 οὐκ
403 2436 469 2491 ἃν
499 2436 553 2490 δέ
583 2435 941 2507 πρεσϐύτεροι
969 2435 1265 2488 ἐπίσκοπον
1291 2435 1726 2505 ἐχειροτόνησαν.
1750 2435 1859 2487 K01

268 2528 439 2582 πάλιν
470 2527 605 2598 πρὸς
635 2527 794 2580 Τίτον
824 2526 1053 2598 γράφων
1083 2525 1216 2594 φησί
1241 2541 1254 2555 ·
1281 2525 1501 2579 Τούτου
1523 2523 1700 2595 χάριν
1722 2540 1860 2577 κατ-

266 2619 489 2673 έλιπόν
507 2633 581 2672 σε
608 2619 678 2672 ἐν
701 2617 927 2686 Κρήτῃ,
949 2619 1050 2671 ἶνα
1078 2615 1475 2684 καταστήσῃς
1504 2617 1653 2670 κατὰ
1677 2617 1862 2670 πόλιν

265 2709 748 2780 πρεσϐυτέρους,
788 2709 869 2774 ὡς
911 2707 1026 2777 ἐγώ
1066 2723 1166 2762 σοι
1211 2704 1610 2776 διεταξάμηνο
1664 2706 1721 2760 ει
1770 2723 1860 2772 τις

267 2801 667 2872 ἀνέγκλητος,
696 2799 835 2870 μιᾶς
864 2801 1142 2870 γυναικὸς
1165 2799 1352 2868 ἀνήρ’
1389 2798 1427 2853 ἃ,
1463 2799 1593 2870 περί
1623 2799 1715 2852 τοῦ
1741 2800 1861 2852 ἐπι-

270 2898 477 2953 σκόπου
506 2897 660 2970 φησί.
685 2897 796 2950 K01
815 2894 984 2950 εἰπὼν
1009 2895 1203 2959 ταῦτα,
1232 2895 1435 2959 εὐθέως
1456 2895 1709 2966 ἐπήγαγε
1726 2912 1740 2926 ·
1763 2893 1866 2947 Δεῖ

267 2992 386 3059 τὰρ
426 2991 537 3044 τὸν
570 2991 914 3043 ἐπίσκοπον
953 2988 1333 3058 ἀνέγκλητον
1372 2987 1547 3049 εἶναι,
1576 2987 1657 3052 ὡς
1709 2985 1859 3040 Θεοῦ

269 3083 612 3152 οίκονόμον,
659 3080 746 3151 μὴ
796 3077 1051 3149 αὐθάδη.
1078 3080 1256 3151 Ὅπερ
1311 3075 1406 3133 οὖν
1457 3077 1615 3148 ἔφην,
1659 3077 1752 3131 1:01
1809 3077 1858 3130 οἱ

271 3173 634 3246 πρεσϐύτεροι
684 3173 746 3227 τὸ
795 3172 1023 3226 παλαιὸν
1079 3170 1372 3226 ἐκαλοῦντο
1423 3171 1714 3225 ἐπίσκοποι
1764 3169 1859 3223 καὶ

271 3266 511 3321 διάκονοι
541 3265 635 3320 τοῦ
669 3263 930 3335 Χριστοῦ,
955 3265 1050 3318 1:01
1071 3267 1120 3318 οἱ
1151 3265 1440 3318 ἐπίσκοποι
1471 3261 1856 3335 πρεσϐύτεροι*

273 3357 397 3413 ὅθεν
425 3359 523 3412 1:01
547 3357 643 3411 νῦν
671 3356 857 3411 πολλοὶ
898 3355 1371 3427 συμπρεσϐυτέρῳ
1401 3355 1691 3409 ἐπίσκοποι
1724 3353 1860 3426 γρά-

272 3466 456 3519 φουσι,
491 3449 587 3503 καὶ
616 3446 966 3518 συνδιακόνῳ.
995 3446 1195 3500 Λοιπὸν
1223 3447 1280 3500 δέ
1315 3446 1377 3499 τὸ
1410 3445 1609 3509 ἰδιάζον
1636 3445 1855 3514 ἑκάστῳ

272 3540 678 3612 ἀπονενέμηται
706 3540 897 3608 ὄνομα,
927 3541 956 3592 ό
980 3537 1302 3602 ἐπίσκοπος,
1335 3538 1430 3592 καὶ
1480 3539 1509 3590 ό
1562 3536 1860 3607 πρεσϐύτε-

273 3651 389 3706 ρος.
435 3632 934 3698 Συνεπισκόποις,
978 3631 1135 3702 φησὶ,
1183 3630 1280 3685 καί
1323 3628 1643 3694 διακόνοις,
1689 3625 1861 3696 χάρις

272 3725 416 3797 ὑμῖν
446 3724 545 3780 καί
567 3722 776 3792 εἰρήνη
805 3723 922 3778 ἀπὸ
959 3721 1110 3778 Θεοῦ
1143 3722 1373 3791 Πατρός
1405 3717 1577 3788 ἡμῶν
1605 3717 1702 3773 καί
1741 3721 1860 3778 Κυν

266 3821 405 3889 ρίου
438 3817 645 3885 Ἰησοῦ
693 3813 974 3885 Χριστοῦ.
1005 3813 1270 3869 Ἐνταῦθα
1323 3812 1612 3883 ζητήσειεν
1661 3809 1727 3863 ἄν
1778 3826 1862 3872 τις

273 3911 518 3974 εἰκότως·
552 3909 618 3962 Τί
644 3909 841 3979 δήποτε
869 3904 1106 3977 οὐδαμοῦ
1136 3903 1214 3975 τῷ
1237 3904 1424 3975 κλήρῳ
1446 3901 1672 3975 γράφων
1701 3901 1864 3955 ἀλλα-

273 4001 395 4073 χοῦ,
427 4000 530 4054 0:31:
555 4001 612 4053 ἐν
643 3997 852 4068 Ῥώμῃ,
877 3997 976 4050 οὐκ
1009 3997 1067 4049 ἐν
1107 3993 1380 4063 Κορίνθῳ,
1402 3993 1502 4046 0:31:
1532 3994 1590 4047 ἐν
1624 3992 1856 4063 Ἐφέσῳ,

272 4092 408 4146 ἀλλά
440 4092 596 4161 κοινῇ
642 4089 776 4143 πᾶσι
806 4089 915 4151 τοῖς
955 4087 1153 4154 ἁγίοις,
1190 4084 1223 4155 ἢ
1256 4085 1367 4147 τοῖς
1413 4085 1649 4149 πιστοῖς,
1681 4082 1714 4155 ἢ
1749 4084 1862 4147 τοῖς

273 4183 675 4256 ἠγαπημένοις,
698 4179 930 4235 ἐνταῦθα
957 4178 1036 4250 τῷ
1059 4177 1249 4249 κλήρῳ
1280 4176 1517 4248 γράφει;
1549 4177 1674 4230 Ὅτι
1704 4176 1860 4230 αὐτοὶ

273 4275 370 4329 1:01
394 4271 751 4333 ἀπέστειλαν,
774 4268 870 4323 1:01
895 4266 1378 4340 ἐκαρποφόρησεν,
1398 4266 1493 4318 1:01
1512 4265 1666 4318 αὐτοὶ
1690 4265 1861 4336 έπεμ-

270 4370 377 4437 ψαν
413 4365 553 4434 πρὸς
584 4361 747 4417 αὑτὸν
786 4361 875 4413 τὸν
916 4358 1326 4428 Ἐπαφρόδιτον.
1377 4356 1733 4425 Εὐχαριστῶ
1779 4356 1860 4422 τῷ

272 4457 396 4524 Θεῷ
423 4472 568 4526 μου,
604 4454 787 4523 φησὶν,
813 4451 911 4505 ἐπὶ
953 4449 1122 4518 πάσῃ
1179 4446 1252 4516 τῇ
1286 4446 1466 4516 μνείᾳ
1510 4446 1677 4517 ὑμῶν
1709 4447 1860 4500 πάνυ-

269 4563 424 4602 τοτε.
463 4541 632 4598 Εἶπεν
661 4541 892 4612 ἀλλαχοῦ
922 4540 1180 4611 γράφων·
1219 4539 1505 4593 Πείθεσθε
1533 4538 1660 4604 τοῖς
1690 4539 1862 4606 ἡγου-

265 4637 477 4707 μένοις
505 4633 673 4703 ὑμῶν
694 4633 790 4687 καί
819 4634 1116 4696 ὑπείκετε,
1142 4629 1231 4684 ὅτι
1249 4629 1417 4683 αὐτοὶ
1443 4629 1863 4699 ἀγρυπνοῦσιν

272 4730 424 4798 ὑπὲρ
461 4727 583 4782 τῶν
624 4727 840 4796 ψυχῶν
873 4723 1060 4793 ὑμῶν,
1092 4723 1172 4790 ὠς
1203 4723 1390 4792 λόγον
1420 4720 1859 4787 ἀποδώσοντες,

273 4827 372 4878 Ira
393 4821 551 4893 μετά
584 4818 776 4888 χαρᾶς
807 4818 984 4872 τοῦτο
1022 4815 1261 4877 ποιῶσι.
1286 4816 1384 4870 καί
1415 4815 1502 4886 μὴ
1543 4814 1864 4876 στενάζον-

273 4934 392 4984 τες.
425 4917 490 4969 Εί
519 4914 702 4968 τοίνυν
749 4912 810 4966 τὸ
855 4911 1156 4976 στενάζειν,
1193 4910 1394 4973 κακίας
1437 4909 1544 4962 τῶν
1575 4907 1859 4978 μαθητῶν,

270 5010 332 5062 τὸ
385 5007 528 5078 μετά
577 5005 753 5075 109i;
801 5003 958 5056 τοῦτο
1008 5005 1203 5067 ποιεῖν,
1231 5001 1537 5072 προκοπῆς.
1566 4999 1739 5052 Τοῦτο
1769 4995 1862 5052 οὖν

270 5104 442 5162 ἐστιν,
460 5099 490 5153 ὃ
509 5098 662 5168 λέγει
679 5115 692 5127 ·
730 5096 955 5159 Ὁσάκις
984 5095 1137 5166 ὑμῶν
1163 5092 1516 5164 ἀναμνησθῶ,
1537 5091 1746 5157 δοξάζω
1770 5091 1864 5150 τὸν

270 5192 430 5246 Θεόν.
459 5189 630 5244 Τοῦτο
654 5189 711 5243 δέ
744 5189 890 5241 ποιεῖ
918 5189 983 5240 ἐκ
1023 5185 1117 5240 τοῦ
1151 5184 1320 5238 πολλά
1348 5184 1531 5246 αὐτοῖς
1563 5182 1862 5236 συνειδέναι

267 5282 476 5352 ἀγαθά.
494 5284 603 5336 Καὶ
626 5279 855 5346 δοξάζω,
884 5279 1037 5350 φησι,
1060 5279 1155 5331 1:01
1178 5277 1393 5347 δέομαι.
1412 5276 1487 5329 Οὐ
1522 5278 1654 5346 μὴν,
1675 5274 1863 5346 ἐπειδὴ

267 5372 642 5428 ἐπιδεδώκατε
673 5374 754 5434 είς
778 5370 1003 5443 ἀρετὴν,
1039 5367 1308 5440 παύομαι,
1335 5367 1452 5424 ἀλλ’
1481 5366 1726 5440 ἐπιμένω
1746 5367 1862 5420 δεό-

271 5483 437 5537 μενος
478 5466 624 5537 ὑπὲρ
673 5463 848 5536 ὑμῶν.
890 5461 1263 5533 Εὑχαριστῶ,
1301 5463 1456 5534 φησι,
1487 5460 1569 5527 τῷ
1607 5459 1729 5526 Θεῷ
1759 5459 1864 5515 ἐπὶ

328 5689 359 5720 ⁸
380 5683 590 5741 Coislin.
617 5686 716 5735 ἐκεῖ
739 5684 1044 5748 μένωνμιῠρ
1076 5679 1229 5734 lectio
1257 5694 1352 5731 non
1380 5680 1671 5745 spernenda.
1720 5680 1863 5731 Alius

265 5758 321 5801 ει
345 5763 509 5813 marg.
548 5749 725 5806 531-11.,
744 5746 851 5795 ἰκεῖ
875 5746 957 5810 μὲν
989 5746 1094 5808 γάρ.

1203 315 1270 376 ΙΝ
1303 316 1524 376 EPIS’I‘.
1554 317 1646 372 Al)
1687 315 1978 374 PlllLlPP.
2019 319 2172 376 CAP.
2205 319 2247 375 1.
2290 317 2526 376 HOMIL.
2565 320 2605 374 1.

3456 322 3556 379 184

1972 434 2143 502 πάσῃ
2172 433 2245 502 τῇ
2271 435 2454 504 μνείᾳ
2491 432 2678 503 ὑμῶν.
2720 433 3006 501 Πάντοτε,
3036 435 3103 489 ἐν
3144 451 3312 503 πασῃ
3352 435 3554 502 δεήσει

1962 544 2081 597 μου
2105 525 2262 596 ὑπὲρ
2295 525 2542 580 πάντων
2587 526 2754 594 ὑμῶν
2790 525 2941 595 μετὰ
2981 525 3173 596 χαρᾶς
3199 525 3316 595 τὴν
3343 526 3558 594 δέησιν

1965 616 2344 684 ποιούμενος.
2405 615 2706 677 Πάντοτε,
2747 616 2847 686 οὐχ
2891 617 3020 670 ὅταν
3067 615 3319 688 εῦχωμαι
3371 617 3552 687 μόνον.

1969 705 2167 768 Καλῶς
2192 705 2250 758 δὲ
2276 704 2579 776 προσέθηκε
2607 705 2688 769 τὺ,
2728 706 2889 761 Μετὰ
2915 706 3106 776 χαρᾶς
3130 725 3145 741 ο
3175 708 3292 761 ἐστι
3321 708 3430 782 γὰρ
3461 711 3551 764 καῖ

1972 796 2112 867 μετά
2147 795 2325 866 λύπης
2357 795 2515 848 τοῦτο
2547 797 2793 866 ποιῆσαι,
2831 796 2905 862 ὡς
2945 799 3072 850 ὅταν
3115 799 3250 870 λέγῃ
3279 799 3517 870 ἀλλαχοῦ
3539 819 3554 832 ο

1979 887 2075 940 Ἐκ
2111 885 2222 956 γὰρ
2264 884 2506 952 πολλῆς
2554 887 2819 954 θλίψεως
2851 887 2949 940 καὶ
2991 888 3269 955 συνοχῆς
3308 891 3560 959 καρδίας

1966 973 2202 1043 ἔγραψα
2224 974 2365 1042 ὑμῖν
2389 974 2486 1027 διὰ
2516 976 2766 1030 πολλῶν
2786 977 3081 1044 δακρύων.
3100 980 3223 1033 Ἐπί
3252 980 3325 1050 τῇ
3353 1000 3559 1035 κοινω-

1963 1067 2065 1134 νίᾳ
2089 1065 2272 1134 ὑμῶν,
2293 1067 2477 1134 φησὶν,
2493 1067 2582 1132 είς
2606 1067 2975 1138 Εὑαγγέλιον
3004 1070 3117 1123 ἀ,τύ
3147 1072 3384 1141 πρώτης
3408 1072 3553 1143 ἠμέ-

1958 1175 2074 1227 ρας
2097 1157 2274 1227 μέχρι
2306 1157 2411 1212 τοῦ
2436 1158 2573 1214 νῦν.

2040 1352 2104 1422 β’.
2124 1351 2272 1424 [196]
2289 1353 2448 1420 Μέγα
2470 1354 2650 1417 αὐτοῖς
2670 1354 2900 1409 ἐνταῦθα
2919 1359 3208 1428 μαρτυρεῖ,
3227 1357 3324 1428 οὐχ
3339 1358 3551 1427 ἁπλῶς,

1966 1443 2102 1497 ἀλλά
2137 1446 2231 1498 1:01
2257 1446 2461 1515 σφόδρα
2488 1445 2650 1515 μέγα,
2681 1449 2776 1499 1:01
2805 1448 2941 1517 ὅπερ
2966 1447 3030 1501 ἀν
3057 1466 3139 1512 τις
3165 1449 3549 1524 ἐμαρτύρησεν

1966 1535 2282 1598 ἀποστόλοις
2316 1537 2412 1590 1:01
2444 1537 2879 1606 εύαγγελισταῖς.
2900 1541 3014 1594 Οὐκ
3047 1540 3236 1612 ἐπειδὴ
3264 1540 3372 1614 γάρ
3395 1543 3554 1596 πόλιν

1966 1625 2365 1697 ἐνεχειρίσθητε
2406 1627 2556 1696 μίαν,
2584 1628 2768 1698 φησὶν,
2789 1629 3003 1701 ἐκείνης
3024 1632 3334 1702 φροντίζετε
3362 1633 3550 1704 μόνης,

1963 1716 2102 1770 ἀλλά
2129 1717 2311 1771 πάντα
2361 1719 2653 1790 πράττετε,
2689 1720 2833 1774 ὥστε
2871 1724 3125 1792 μερισταὶ
3155 1725 3414 1791 γενέσθαι
3442 1725 3554 1780 τῶν

1965 1808 2114 1877 ἐμῶν
2149 1809 2345 1873 πόνων,
2369 1810 2647 1881 πανταχοῦ
2674 1810 2942 1882 παρόντες
2965 1812 3058 1865 1:01
3082 1814 3550 1884 συμπράττοντες,

1965 1900 2060 1954 1:01
2107 1901 2598 1970 συγκοινωνοῦντές
2644 1920 2746 1973 μου
2796 1903 2874 1973 τῷ
2918 1903 3267 1973 κηρύγματι’
3310 1907 3408 1977 οὐχ
3454 1907 3554 1962 ενα

1964 1991 2174 2063 χρόνον,
2209 1992 2328 2046 ούδέ
2362 1993 2637 2065 δεύτερον,
2665 1995 2785 2049 οὐδὲ
2821 1996 3026 2066 τρίτον,
3056 1995 3189 2050 ἀλλὰ
3234 1997 3464 2051 πάντοτε
3494 1998 3554 2063 ἐξ

1962 2079 2024 2139 οὗ
2054 2085 2411 2139 ἐπιστεύσατε
2437 2086 2602 2158 μέχρι
2633 2087 2726 2141 τοῦ
2750 2087 2864 2152 νῦν,
2890 2089 3202 2143 ἀποστόλων
3222 2089 3550 2161 ἀνειλήφατε

1964 2174 2446 2246 προθυμίαν.”ορα
2470 2176 2588 2240 πῶς
2613 2178 2662 2230 οἱ
2689 2178 2788 2248 μέν
2815 2180 2873 2231 ἐν
2905 2179 3094 2250 Ῥώμῃ
3119 2178 3270 2243 ὄντες
3290 2181 3554 2252 ἀπεστρέ·

1964 2281 2125 2333 φοντο
2170 2267 2369 2320 αὐτόν’
2421 2268 2583 2322 ἄκουε
2639 2271 2748 2338 γὰρ
2805 2269 2970 2322 αὑτοῦ
3025 2269 3314 2338 λέγοντοςο
3373 2270 3553 2339 Οἶδας

1963 2358 2164 2422 τοῦτο,
2207 2357 2295 2412 ὅτι
2343 2359 2826 2429 ἀπεστράφησάν
2867 2379 2944 2430 με
2993 2362 3218 2430 πάντες
3262 2365 3316 2417 οἱ
3361 2365 3432 2418 ὲν
3477 2360 3551 2430 τῇ

1978 2450 2154 2518 Ἀσίᾳ
2175 2467 2190 2480 ·
2224 2450 2317 2504 1:01
2345 2450 2542 2516 πάλιν,
2573 2451 2772 2520 Δημᾶς
2803 2470 2880 2521 με
2907 2453 3293 2521 ἐγκατέλιπε·
3327 2456 3438 2519 1:01,
3458 2457 3560 2510 Ἐν

1963 2539 2041 2610 τῇ
2070 2541 2272 2610 πρώτῃ
2309 2559 2430 2611 μου
2471 2544 2790 2614 ἀπολογίᾳ,
2824 2546 3006 2614 φησὶν.
3032 2547 3233 2613 οὐδείς
3263 2566 3362 2616 μοι
3401 2562 3550 2618 συμο

1963 2632 2350 2702 παρεγένετο·
2391 2628 2533 2687 οὗτοι
2565 2634 2622 2686 δὲ
2658 2635 2753 2688 1:01
2787 2636 3017 2699 ἀπόντες
3059 2638 3380 2692 ἐκοινώνουν
3405 2639 3556 2710 αύτῷ

1963 2724 2072 2778 τῶν
2102 2723 2350 2793 θλίψεων,
2385 2725 2696 2796 πέμποντές
2735 2743 2794 2778 τε
2836 2726 3036 2798 ἄνδρας
3064 2728 3200 2798 πρὸς
3248 2729 3433 2795 αὑτὸν,
3463 2733 3557 2784 1:01

1964 2814 2108 2869 κατὰ
2139 2813 2854 2889 δύναμινύπηρετούμενοι,
2884 2818 2979 2871 1:01
3019 2818 3172 2872 οὐδὲν
3200 2819 3337 2883 ὅλως
3365 2821 3551 2892 ἐλλιμ-

1966 2905 2250 2968 πάνοντες.
2287 2907 2398 2960 K01
2429 2907 2590 2961 τοῦτο
2619 2911 2844 2973 ποιεῖτε,
2877 2909 2938 2962 οὔ
2988 2909 3083 2963 νῦν
3133 2911 3313 2981 μόνον.
3358 2914 3550 2984 φησιν.

1965 2994 2080 3048 ἀλλ’
2107 2996 2216 3059 ἀεὶ,
2242 2996 2408 3049 παντὶ
2449 2997 2635 3066 τρόπῳ
2671 2999 3468 3072 συναντιλαμϐανόμενοι.Ἀρα
3493 3003 3556 3056 τὸ

1966 3082 2558 3154 συναντιλαμϐάνεσθαι
2586 3086 2842 3139 κοινωνία
2871 3087 2986 3139 ἐστὶ
3012 3089 3092 3150 είς
3119 3086 3180 3139 τὸ
3202 3087 3550 3155 Εὑαγγέλιον.

1964 3174 2132 3228 Ὅταν
2181 3174 2291 3243 γὰρ
2339 3176 2547 3238 ἐκεῖνος
2598 3174 2696 3244 μὲν
2751 3176 3018 3248 κηρύττῃ,
3049 3178 3114 3231 σὺ
3143 3178 3200 3231 δέ
3241 3177 3556 3251 θεραπευῃς

1963 3266 2056 3319 τὸν
2083 3268 2442 3337 κηρύττοντα,
2474 3269 2749 3330 κοινωνεῖς
2776 3267 2926 3338 αὐτῷ
2949 3269 3056 3322 τῶν
3087 3269 3386 3339 στεφάνων.
3404 3271 3557 3324 Ἐπεὶ

1964 3358 2058 3411 καὶ
2080 3358 2138 3409 ἐν
2159 3359 2271 3419 τοῖς
2294 3355 2493 3423 ἔξωθεν
2521 3356 2730 3420 ἀγῶσιν
2751 3357 2812 3409 0:3
2839 3357 2933 3410 τοῦ
2961 3359 3362 3429 ἀγωνιζομένου
3391 3361 3554 3432 μόνου

1964 3447 2115 3500 ἐστὶν
2143 3447 2172 3499 ὀ
2200 3445 2484 3514 στέφανος,
2520 3448 2656 3501 άλλά
2686 3448 2779 3500 1:01
2811 3446 2907 3500 τοῦ
2939 3448 3307 3519 Μιδοτρίϐου,
3337 3451 3432 3505 καὶ
3460 3451 3556 3506 τοῦ

1965 3537 2386 3610 θεραπεύοντος,
2405 3538 2496 3590 1:01
2529 3538 2745 3592 πάντων
2772 3538 2963 3600 ἁπλῶς
2994 3539 3101 3592 τῶν
3126 3541 3438 3595 ἀσκούντων
3459 3542 3554 3596 τὸν

1965 3629 2220 3700 ἀθλητήν.
2267 3629 2330 3682 Οἱ
2360 3628 2470 3699 γὰρ
2503 3630 2801 3701 ρωννύντες
2835 3632 2996 3685 αὐτὸν
3029 3633 3122 3686 1:01
3152 3633 3554 3704 ἀνακτώμενοι,

1964 3715 2113 3775 οὗτοι
2157 3720 2253 3773 1:01
2291 3720 2391 3789 τῆς
2438 3721 2592 3792 νίκης
2642 3723 2868 3786 εἰκότως
2897 3723 2963 3778 ἂν
2992 3725 3233 3793 γένοιντο
3273 3728 3550 3797 μερισταί.

1966 3809 2076 3864 K01
2107 3812 2164 3863 ἐν
2197 3811 2306 3872 τοῖς
2340 3810 2597 3882 πολέμοις
2630 3812 2686 3866 δὲ
2721 3813 2817 3884 οὐχ
2845 3816 2873 3868 ὁ
2905 3815 3161 3886 ἀριστεὺς
3211 3818 3392 3887 μόνος.
3422 3819 3559 3874 ἀλλά

1966 3900 2061 3954 καὶ
2104 3899 2305 3959 πάντες
2334 3900 2383 3956 οί
2417 3899 2812 3970 θεραπεύοντες
2844 3902 3007 3956 αὑτὸν
3031 3904 3261 3968 ,εἰκότως
3288 3905 3354 3960 ἂν
3387 3923 3555 3977 μετα-

1967 3993 2207 4046 ποιοῖντο
2233 3990 2340 4044 τῶν
2371 3993 2668 4064 τροπαίων,
2694 3994 2789 4047 1:01
2821 3997 2920 4067 τῆς
2949 3995 3106 4064 δόξης
3139 3998 3440 4070 μετέχοιεν,
3460 3999 3556 4053 ἀτε

1968 4085 2396 4151 κοινωνήσαντες
2429 4085 2579 4156 αὐτῷ
2601 4085 2694 4138 τοῦ
2717 4087 2927 4156 ἀγῶνος
2946 4092 3014 4160 τῇ
3037 4088 3322 4162 θεραπεία.
3350 4093 3423 4145 Οὐ
3447 4094 3558 4162 γὰρ

1971 4177 2166 4247 μικρὸν
2193 4178 2417 4232 δύναται
2442 4179 2500 4231 τὸ
2522 4177 2850 4248 θεραπεύειν
2878 4181 3087 4248 ἁγίους,
3109 4183 3243 4236 ἀλλὰ
3269 4185 3362 4236 1:01
3388 4185 3554 4253 μέγα’

1969 4269 2256 4331 κοινωνοὺς
2288 4267 2397 4340 γάρ
2429 4269 2576 4338 ἡμᾶς
2608 4270 2754 4320 ποιεί
2778 4268 2886 4320 τῶν
2909 4269 3141 4333 ἐκείνοις
3171 4273 3556 4342 ἀποκειμένων

1971 4356 2198 4426 μισθῶν.
2235 4351 2392 4422 Οἷον,
2429 4357 2622 4429 ἒρριψέ
2677 4375 2761 4420 τις
2814 4360 2979 4414 πολλὰ
3025 4363 3283 4433 χρήματα
3332 4364 3420 4418 διά
3465 4366 3557 4418 τὸν

1968 4447 2122 4510 Θεὸν,
2156 4447 2448 4513 διαπαντὸς
2501 4450 2787 4505 ἀνάκειται
2837 4452 2917 4524 τῷ
2966 4453 3107 4524 Θεῷ,
3141 4455 3345 4526 ἀρετὴν
3396 4458 3558 4511 ἀσκεῖ

1971 4539 2237 4611 μεγάλην,
2269 4541 2366 4594 καὶ
2419 4541 2581 4613 μέχρι
2639 4543 2926 4612 ῥημάτων,
2961 4547 3055 4598 1:01
3087 4546 3282 4618 μέχρις
3313 4549 3554 4612 ἐννοιῶν,

1967 4630 2062 4684 1:01
2096 4630 2261 4702 μέχρι
2309 4633 2524 4716 πάντων
2575 4633 2773 4698 πολλὴν
2803 4635 3092 4716 ἀκρίϐειαν
3121 4637 3438 4707 φυλάττων·
3474 4641 3558 4695 εν-

1968 4740 2083 4777 εστι
2104 4723 2413 4776 1:0100':1:01
2436 4711 2510 4795 μὴ
2527 4724 2794 4796 τοσαύτην
2823 4711 3113 4798 ἀκρίϐειαν
3136 4728 3556 4804 ἐπιδειξαμένῳ,

1967 4814 2076 4868 τῶν
2100 4814 2193 4867 ἐπὶ
2221 4816 2428 4878 τούτοις
2464 4817 2846 4886 ἀποκειμένων
2876 4818 3025 4891 αὐτῷ
3057 4821 3265 4890 μισθῶν
3299 4824 3560 4888 κοινωνῆ-

1972 4925 2083 4961 σαι.
2114 4907 2269 4974 Πῶς;
2301 4909 2397 4961 Ἂν
2421 4907 2766 4980 θεραπεύσῃς
2789 4911 2950 4964 αὐτὸν
2975 4913 3071 4967 1:01
3096 4913 3240 4984 λόγῳ
3265 4916 3359 4970 1:01
3389 4915 3557 4988 ἔργῳ,

1970 5001 2037 5054 ἂν
2071 5000 2460 5072 παρακαλέσῃς
2490 5002 2584 5055 1:01
2612 5002 2702 5056 διὰ
2744 5003 2836 5057 τοῦ
2865 5009 3122 5077 χορηγεῖν
3157 5007 3225 5062 τὰ
3259 5009 3555 5077 ἀναγκαῖα,

1969 5091 2067 5146 καὶ
2111 5091 2199 5144 διά
2247 5090 2342 5144 τοῦ
2388 5091 2753 5148 διακονεῖσθαι
2806 5096 2986 5149 πᾶσαν
3032 5095 3327 5152 διακονίαν.
3355 5099 3414 5152 '0
3448 5099 3559 5170 γὰρ

1971 5181 2340 5253 εὐκολωτέραν
2363 5181 2534 5236 ποιῶν
2559 5184 2657 5254 τὴν
2677 5189 2934 5256 τραχεῖαν
2954 5187 3074 5242 ὁδὸν
3097 5188 3312 5258 ἐκείνῳ,
3338 5190 3402 5243 σὺ
3426 5189 3552 5262 ἐστε.

1972 5276 2132 5328 Ὥστε
2172 5276 2221 5328 εί
2271 5272 2582 5346 θαυμάζετε
2612 5277 2739 5340 τοὺς
2769 5278 2828 5331 ἐν
2853 5281 2973 5342 ταῖς
3022 5279 3268 5350 ἐρήμοις,
3297 5280 3424 5346 τοὺς
3466 5282 3558 5336 τὸν

1970 5365 2258 5434 ἀγγελικδν
2293 5367 2672 5439 ἀνῃρημένους
2721 5368 2852 5439 βίον,
2899 5369 3025 5431 τοὺς
3076 5370 3134 5421 ἐν
3165 5373 3284 5434 ταῖς
3319 5372 3554 5441 Ἐκκλη-

1972 5457 2114 5522 σίαις
2159 5457 2228 5511 τά
2258 5459 2400 5513 αύτά
2447 5460 2676 5524 ἐκείνοις
2703 5459 3103 5533 κατορθοῦντας
3122 5477 3136 5491 ·
3169 5463 3219 5516 εί
3245 5462 3556 5537 θαυμάζετε

1970 5550 2066 5605 καὶ
2083 5549 2413 5616 ἀλγεῖτε,ὅτι
2436 5551 2639 5620 σφόδρα
2663 5551 2844 5605 αὐτῶν
2863 5553 3330 5622 ἁπολιμπάνεσθε.
3349 5556 3557 5612 ἔνεστιν

1970 5643 2099 5714 ὑμῖν
2139 5640 2341 5713 ἑτέρως
2369 5640 2552 5704 αὐτοῖς
2582 5638 2732 5713 [197]
2763 5644 3108 5716 κοινωνῆσαι,
3143 5647 3223 5718 τῷ
3265 5647 3556 5713 διακονεῖν,

1970 5732 2049 5804 τῷ
2076 5731 2417 5805 θεραπεύειν.
2439 5731 2547 5786 K01
2573 5732 2680 5805 γὰρ
2712 5733 2806 5789 1:01
2842 5735 3003 5790 τοῦτο
3025 5738 3124 5809 τῆς
3151 5739 3244 5794 τοῦ
3278 5739 3411 5795 Θεοῦ
3438 5740 3557 5810 φιλ--
