4042 6212
391 317 490 376 ως

382 444 572 498 abesse
603 460 617 497 :
647 441 772 496 licet
809 439 962 495 vobis
1009 437 1111 492 alia
1157 437 1388 509 quadam
1441 437 1648 493 ratione
1696 449 1815 490 cum
1861 433 1964 487 illis

380 535 525 587 mire
551 531 885 595 societatem,
927 529 979 584 id
1019 537 1103 584 est
1134 528 1494 592 inserviendo,
1525 526 1762 582 curando
1787 540 1849 579 ac
1879 524 1963 577 fo-

381 622 575 676 rendo.
616 620 748 675 Nam
785 629 838 676 et
879 620 981 674 hoc
1021 619 1116 674 Dei
1153 618 1498 688 benignitatis
1529 626 1635 684 est,
1674 632 1766 672 eos
1802 615 1962 670 etiam

378 713 468 781 qni
501 711 916 782 negligentiores
954 718 1098 773 sunt,
1131 724 1231 764 nec
1270 711 1458 762 duram
1490 707 1658 772 illam,
1693 719 1958 776 asperam,

376 807 700 878 exquisitam
734 805 941 860 vivendi
973 807 1233 859 rationem
1260 803 1536 872 suscipere
1565 809 1809 870 possunt,
1839 814 1958 851 rur-

377 915 474 954 sus
511 915 605 969 per
639 899 793 952 aliam
839 899 978 952 viam
1017 896 1085 950 ad
1115 895 1360 950 eumdem
1389 904 1548 962 atque
1587 892 1704 947 illos
1741 889 1958 960 gradum

377 991 696 1061 provehere.
724 993 899 1058 Atque
927 989 1028 1043 hoc
1054 985 1184 1042 illud
1214 995 1311 1050 est,
1336 985 1476 1056 quod
1502 984 1697 1039 Paulus
1723 997 1962 1044 commu-

376 1086 596 1138 nionem
643 1091 795 1136 voeat
826 1099 838 1132 :
869 1080 1278 1135 Communicant
1310 1077 1487 1142 nobis,
1531 1075 1722 1144 inquit,
1763 1080 1817 1126 et
1856 1071 1959 1124 im-

375 1179 613 1246 partinnt
641 1174 908 1238 carnalia;
942 1184 994 1228 et
1023 1187 1120 1227 nos
1152 1172 1256 1225 illis
1295 1169 1754 1224 communicamus
1794 1163 1955 1234 spiri-

373 1267 534 1320 tnalia
569 1265 743 1336 (Rom.
782 1264 869 1319 15.
897 1263 1011 1332 27).
1054 1261 1182 1316 Nam
1216 1257 1663 1330 quemadmodum
1695 1257 1832 1310 Deus
1858 1268 1956 1324 pro

369 1356 580 1426 exiguis
621 1370 684 1408 ac
729 1354 930 1408 nullius
961 1351 1212 1421 ponderis
1241 1350 1401 1403 rebus
1439 1361 1658 1418 regnum
1692 1345 1908 1414 largitur
1938 1360 1954 1398 :

369 1448 440 1500 ita
473 1455 527 1501 et
558 1446 698 1499 illius
725 1445 865 1498 servi
897 1459 993 1513 pro
1023 1441 1228 1512 exiguis
1254 1455 1318 1495 ac
1347 1439 1635 1494 sensilibus
1659 1435 1952 1507 Spiritualia

370 1536 680 1605 inipartinnt
704 1551 719 1602 ;
751 1536 859 1590 imo
890 1549 1016 1589 vero
1043 1533 1158 1602 ipse
1185 1539 1291 1597 est,
1317 1531 1405 1600 qui
1437 1544 1531 1598 per
1561 1529 1659 1583 hos
1683 1535 1737 1582 et
1763 1526 1878 1581 haec
1901 1534 1954 1580 et

369 1627 454 1680 illa
483 1628 592 1680 dat.
621 1625 734 1679 Non
764 1634 918 1695 potes
937 1623 1200 1693 jejunium
1228 1619 1414 1676 ferre?
1443 1635 1550 1674 non
1572 1617 1953 1672 solitudinem?

368 1734 474 1772 non
498 1718 644 1772 humi
667 1717 903 1772 cubare?
928 1732 1034 1771 non
1055 1717 1290 1786 integras
1317 1723 1500 1769 noctes
1523 1712 1780 1784 vigilare?
1805 1711 1952 1766 Licet

366 1811 463 1865 tibi
509 1810 698 1864 harum
742 1809 980 1863 omnium
1024 1822 1203 1862 rerum
1249 1804 1552 1860 mercedem
1599 1801 1949 1872 accipere,si

365 1901 476 1956 alia
503 1901 733 1970 quadam
765 1900 972 1953 ratione
1011 1914 1128 1953 rem
1172 1907 1314 1952 tuam
1355 1894 1589 1968 gesseris
1622 1911 1636 1948 :
1670 1909 1862 1962 nempe
1905 1893 1948 1947 si

371 2006 523 2056 eum,
546 1991 634 2061 qui
653 1991 779 2045 istos
795 1990 1004 2044 labores
1025 1989 1184 2058 capit,
1206 2002 1383 2052 cures,
1406 1999 1639 2050 recrees,
1664 1981 1949 2052 foveasque

370 2081 604 2144 assidue,
634 2089 686 2136 et
712 2081 948 2135 laborem
975 2080 1065 2150 qui
1091 2080 1143 2132 in
1172 2078 1280 2132 illis
1308 2076 1691 2132 certaminibus
1722 2075 1948 2129 sustine-

368 2180 456 2226 tur
483 2173 653 2227 ievem
681 2171 896 2227 reddas.
930 2170 1024 2226 ille
1061 2170 1275 2240 quidem
1316 2177 1423 2223 stat
1463 2181 1707 2238 pugnans
1737 2180 1799 2220 ac
1826 2164 1945 2218 vul-

363 2279 491 2318 nera
529 2263 846 2332 excipiens;
900 2271 954 2316 tu
1005 2277 1134 2317 vero
1187 2276 1216 2314 a
1264 2259 1558 2315 certamine
1609 2258 1942 2322 redeuntem,

361 2369 510 2419 cura,
539 2354 710 2408 obviis
739 2354 984 2408 manibus
1012 2351 1244 2421 suscipe,
1275 2349 1524 2406 sudorem
1556 2349 1820 2418 absterge,
1855 2361 1944 2402 re-

359 2460 505 2511 crea,
532 2446 729 2512 solare,
760 2445 955 2498 lassam
986 2445 1217 2498 animam
1249 2442 1370 2497 fove
1397 2457 1460 2496 ac
1488 2441 1667 2495 reﬁce.
1699 2438 1944 2494 Profecto

357 2539 405 2593 si
432 2548 577 2594 tanta
598 2553 721 2593 cum
741 2540 1014 2594 alacritate
1035 2539 1235 2593 sanctis
1257 2537 1631 2600 inserviamus,
1657 2533 1943 2605 participes

358 2629 668 2685 mercedum
697 2645 817 2702 quae
847 2632 968 2686 illos
990 2639 1209 2685 manent
1232 2630 1455 2684 erimus.
1484 2629 1592 2682 lloc
1622 2636 1675 2682 et
1699 2625 1943 2681 Christus

356 2721 552 2787 docet,
585 2723 765 2778 Facite
791 2723 927 2778 vobis
954 2725 1141 2777 amicos
1171 2722 1234 2776 de
1279 2737 1515 2774 mamona
1560 2719 1855 2789 iniquitatis,
1888 2725 1942 2770 ut

355 2815 607 2884 recipiant
633 2832 718 2869 vos
742 2817 793 2869 in
815 2827 1002 2870 teterna
1021 2814 1346 2869 tabernacula
1377 2813 1526 2885 (Luc.
1561 2812 1647 2866 16.
1674 2812 1758 2878 9).
1785 2810 1944 2864 Vides

354 2905 629 2973 quomodo
659 2906 745 2960 isti
777 2906 1062 2976 participes
1105 2905 1228 2960 facti
1274 2904 1505 2960 fuerint?
1547 2903 1588 2956 Α
1633 2903 1796 2972 prima
1835 2902 1938 2966 die,

354 2997 548 3064 inquit,
591 3013 746 3065 usque
791 3014 945 3051 nunc.
986 2996 1067 3051 0b
1115 2997 1218 3052 hoc
1248 2997 1444 3065 ipsum,
1479 2996 1668 3064 inquit,
1709 2992 1936 3063 gaudeo.

353 3086 533 3156 Super
559 3089 1010 3142 communicatione
1035 3098 1216 3143 vestra.
1257 3086 1474 3143 Gaudeo
1512 3095 1689 3138 autem
1723 3097 1834 3138 non
1871 3081 1939 3137 de

347 3180 642 3250 praeteritis
690 3188 913 3246 tantum,
970 3180 1064 3235 sed
1106 3179 1268 3235 etiam
1311 3179 1378 3233 de
1417 3179 1606 3231 futuris
1652 3193 1667 3231 :
1710 3191 1829 3228 nam
1870 3190 1937 3228 ex

350 3272 642 3342 przeteritis
667 3272 733 3327 de
765 3273 878 3326 istis
908 3287 1118 3342 quoque
1148 3271 1508 3340 conjecturam
1539 3269 1693 3322 facio.
1719 3268 1771 3322 6.
1805 3267 1939 3321 Con-

350 3364 519 3432 ﬁdens
547 3365 641 3418 hoc
666 3365 851 3433 ipsum,
882 3364 1071 3434 inquit,
1099 3364 1216 3432 quia
1245 3362 1330 3431 qui
1354 3363 1504 3429 erepit
1547 3362 1600 3412 in
1644 3359 1779 3413 vobis
1809 3374 1936 3428 Opus

347 3454 558 3518 bonum,
588 3456 810 3524 perﬁciet
840 3471 995 3524 usque
1023 3456 1076 3507 in
1104 3455 1237 3508 diem
1264 3451 1297 3506 J
1305 3469 1389 3506 esu
1417 3451 1622 3505 Christi.

425 3547 480 3602 3.
517 3541 585 3597 In
616 3547 758 3602 bonis
787 3546 1020 3615 operibus
1057 3545 1199 3598 heus
1224 3545 1349 3615 agit,
1389 3553 1434 3596 et
1461 3559 1552 3596 nos
1577 3559 1690 3595 cum
1725 3540 1936 3594 Deo.—

346 3637 491 3692 Vide
527 3637 793 3706 quomodo
825 3635 943 3690 illos
985 3634 1299 3690 modestiam
1339 3635 1499 3689 etiam
1546 3633 1678 3686 tueri
1719 3631 1928 3685 doceat.

344 3726 566 3782 Etenim
595 3728 844 3796 quoniam
868 3741 1114 3796 magnum
1136 3724 1387 3796 quiddam
1411 3732 1546 3788 erat,
1574 3721 1713 3794 quod
1738 3722 1804 3777 de
1829 3722 1932 3775 illis

345 3824 579 3870 testatus
619 3815 820 3879 fuerat;
863 3831 930 3870 ne
960 3815 1176 3870 humani
1213 3815 1336 3884 quid
1367 3815 1656 3883 patiantur,
1690 3814 1931 3883 protinus

343 3906 500 3974 ipsos
526 3907 774 3971 instituit,
808 3914 947 3959 utet
981 3906 1248 3975 praeterita
1290 3914 1342 3960 et
1369 3904 1544 3958 futura
1581 3905 1679 3973 ipsi
1719 3903 1930 3958 Christo

339 4007 564 4068 accepta
622 3997 872 4051 referant.
918 3997 1232 4066 Quomodo?
1283 3996 1397 4050 Non
1447 3996 1606 4060 dixit,
1666 3995 1925 4060 Confido,

339 4087 800 4159 quemadmodum
828 4089 1086 4158 coepistis,
1133 4089 1203 4142 ita
1247 4090 1405 4143 etiam
1455 4088 1802 4157 perfecturos,
1832 4088 1926 4141 sed

335 4179 513 4250 quid?
534 4178 632 4244 Qui
661 4180 808 4248 carpit
837 4181 888 4232 in
914 4180 1046 4233 vobis
1073 4196 1200 4248 opus
1227 4179 1431 4245 bonum,
1468 4178 1692 4247 perﬁciet
1715 4192 1732 4231 :
1757 4193 1929 4247 neque

338 4272 582 4340 ipsorum
614 4270 664 4322 in
708 4280 854 4324 recte
882 4270 1022 4324 facto
1067 4271 1270 4340 aliquas
1307 4269 1472 4324 fuisse
1511 4279 1693 4338 partes
1724 4279 1880 4339 negat
1909 4287 1924 4329 ξ

335 4360 482 4416 dixit
511 4359 674 4425 enim,
704 4359 913 4414 Gaudeo
949 4377 1101 4429 super
1127 4360 1584 4413 communicatione
1610 4369 1812 4422 vestra;
1841 4359 1924 4414 ni-

338 4452 545 4506 mirum
575 4459 844 4522 tamquam
885 4451 982 4521 ipsi
1014 4461 1162 4507 recte
1189 4466 1248 4506 se
1283 4453 1572 4521 gessissent
1603 4471 1615 4506 :
1645 4465 1819 4520 neque
1850 4460 1926 4504 ta-

336 4559 466 4598 men
496 4543 626 4612 ipsis
650 4543 926 4598 dumtaxat
953 4554 1096 4600 reete
1142 4545 1272 4598 facta
1306 4545 1562 4614 assignat,
1603 4545 1697 4599 sed
1732 4546 1925 4614 princi-

337 4633 539 4703 paiiter
565 4634 674 4688 Deo
703 4651 717 4687 :
747 4633 956 4703 Conﬁdo
986 4636 1153 4702 enim,
1185 4635 1373 4704 inquit,
1416 4636 1536 4706 quia
1570 4635 1653 4705 qui
1693 4636 1843 4705 cwpit
1871 4635 1922 4688 in

335 4721 478 4778 vobis
503 4741 631 4792 opus
650 4725 856 4789 bonum,
882 4727 1104 4795 perﬁciet
1135 4743 1292 4797 usque
1315 4727 1367 4779 in
1395 4727 1526 4780 diem
1549 4725 1580 4779 Ι
1589 4743 1675 4781 esu
1701 4726 1921 4790 Christi;

335 4814 394 4868 id
419 4823 523 4874 est,
549 4816 708 4870 Deus.
755 4816 864 4871 Nec
903 4833 1029 4872 vero
1059 4819 1231 4871 solum
1281 4817 1349 4872 de
1388 4817 1560 4884 vobis,
1602 4818 1792 4887 inquit,
1827 4817 1922 4872 sed

335 4906 501 4958 etiam
526 4905 593 4960 de
619 4905 704 4970 iis,
735 4907 825 4976 qui
855 4923 916 4960 ex
950 4907 1100 4960 vobis
1133 4907 1392 4972 orientur,
1438 4907 1543 4963 hoc
1577 4923 1755 4978 spero.
1786 4906 1918 4961 Nam

331 5004 392 5049 et
419 4994 534 5050 ha:c
573 5010 681 5050 non
715 4997 906 5066 exigua
947 4997 1062 5052 laus
1091 5006 1193 5065 est,
1241 5014 1432 5069 nempe
1463 4999 1630 5054 Deum
1660 4999 1712 5052 in
1744 4999 1921 5068 aliquo

333 5087 568 5154 operari.
615 5088 827 5142 Etenim
863 5089 908 5142 si
953 5089 1042 5145 ille
1084 5106 1432 5160 personarum
1474 5102 1782 5162 acceptator
1813 5107 1917 5147 non

336 5181 446 5237 est,
490 5177 932 5243 quemadmodum
977 5189 1123 5236 certe
1151 5197 1256 5235 non
1289 5193 1391 5248 est,
1421 5183 1513 5237 sed
1553 5183 1617 5237 ad
1659 5183 1919 5253 cujusque

337 5265 662 5333 propositum
692 5277 944 5338 spectans
975 5271 1127 5325 nobis
1155 5273 1206 5324 in
1235 5272 1448 5328 virtutis
1488 5273 1680 5328 officiis
1716 5273 1922 5328 obeun-

333 5353 417 5408 dis
445 5355 731 5424 opitulatur
757 5375 771 5412 :
797 5361 928 5414 satis
953 5370 1163 5416 constat
1193 5378 1289 5417 nos
1321 5363 1466 5432 ipsos
1495 5379 1635 5430 esse,
1677 5365 1766 5436 qui
1811 5383 1905 5420 oc-

331 5447 604 5502 casionem
652 5449 842 5503 demus
888 5466 984 5506 cur
1022 5451 1108 5506 ille
1151 5454 1303 5508 nobis
1357 5455 1690 5510 concilietur.
1740 5456 1916 5524 Quare

332 5532 431 5588 hac
456 5536 618 5590 etiam
648 5538 857 5593 ratione
898 5540 1021 5596 illos
1059 5541 1271 5596 laudem
1301 5558 1420 5598 esse
1449 5545 1769 5614 promeritos
1806 5547 1911 5600 mi-

331 5625 473 5680 nime
496 5629 748 5698 negavit:
781 5631 976 5701 alioqui
1016 5632 1060 5686 si
1088 5634 1331 5691 absolute
1367 5645 1570 5706 ageret,
1615 5637 1744 5692 nihil
1782 5653 1913 5695 sane

333 5713 703 5786 impedimenti
733 5730 865 5786 crat,
891 5724 1172 5793 quominus
1199 5735 1254 5782 et
1283 5727 1456 5784 Graeci
1482 5737 1536 5785 et
1565 5744 1752 5787 omnes
1790 5746 1907 5801 om-

1307 314 1374 371 lN
1410 314 1620 372 EPIST.
1665 315 1756 370 AD
1795 313 2080 369 PlllLll’P.
2121 314 2272 371 CAP.
2315 313 2356 372 i.
2398 318 2630 376 IIOMIL.
2673 320 2712 378 1.

2075 433 2200 488 nino
2221 431 2461 490 homines
2479 449 2716 508 agerent;
2743 439 2807 504 si,
2828 438 3064 511 inquam,
3079 460 3175 501 nos
3188 447 3650 518 perinde-aeligm,

2070 535 2121 578 et
2149 526 2350 594 lapides
2391 539 2649 594 moveret,
2689 547 2870 601 neque
2908 545 3083 602 partes
3120 537 3279 590 etiam
3314 548 3522 593 nostras
3561 541 3656 596 do-

2067 616 2348 693 sideraret.
2374 619 2757 690 Quamobrem,
2795 639 2943 690 cum,
2982 624 3175 696 inquit,
3223 626 3358 682 Deus
3400 631 3649 699 per/irier,

2066 719 2118 764 ct
2147 710 2246 765 hoc
2277 728 2460 767 rursus
2483 715 2547 768 ad
2580 715 2788 770 illorum
2820 717 3032 773 laudem
3057 721 3308 789 pertinet,
3339 723 3532 792 quippe
3561 725 3651 793 qui

2071 799 2158 854 Dei
2186 803 2408 870 gratiam
2442 806 2511 858 ita
2540 806 2641 861 sibi
2671 809 3030 874 conciliarint,
3069 821 3126 865 ut
3169 812 3297 881 ipsis
3326 828 3652 882 cooperare-

2068 902 2150 946 tur
2175 894 2240 947 ad
2272 906 2474 950 naturae
2513 896 2758 953 humanm
2797 901 3160 956 conditionem
3197 906 3647 974 exsuperandatn.

2065 983 2238 1052 Atque
2263 985 2366 1039 alia
2397 987 2556 1042 etiam
2589 990 2795 1046 ratione
2831 991 3008 1048 hacin
3047 1010 3104 1047 re
3143 993 3258 1048 laus
3296 996 3453 1062 inest,
3492 999 3651 1052 nimi-

2064 1091 2200 1139 rum,
2238 1078 2378 1146 quod
2415 1081 2533 1134 talia
2577 1083 2685 1136 sint
2728 1092 2903 1138 vestra
2943 1093 3086 1140 recte
3136 1085 3294 1154 facta,
3340 1097 3396 1143 ut
3426 1091 3657 1147 minime

2061 1167 2288 1224 humana
2323 1173 2448 1236 sint,
2494 1174 2587 1229 sed
2615 1174 2795 1228 divino
2821 1185 2939 1230 actu
2970 1178 3039 1231 sit
3065 1193 3220 1247 opus.
3250 1181 3400 1248 Qtiod
3430 1181 3473 1236 si
3505 1183 3653 1239 Deus

2059 1259 2322 1330 perficiet,
2351 1280 2456 1318 non
2486 1266 2749 1321 maximus
2771 1267 3059 1336 capiendus
3080 1270 3180 1323 erit
3205 1269 3370 1336 labor,
3399 1272 3490 1326 sed
3514 1288 3646 1329 con-

2060 1351 2224 1408 fidere
2264 1365 2494 1424 oportet,
2542 1356 2693 1412 facile
2730 1374 2758 1412 a
2800 1359 2955 1414 nobis
2993 1361 3170 1414 omnia
3210 1362 3501 1431 praestitum
3551 1365 3649 1432 iri,

2058 1443 2252 1514 quippe
2273 1447 2358 1515 qui
2387 1446 2453 1500 ab
2482 1448 2572 1501 illo
2601 1449 2936 1518 adjuvcmur.
2968 1453 3020 1506 7.
3053 1451 3197 1506 Sicut
3236 1463 3306 1506 est
3327 1453 3528 1524 justum
3559 1473 3648 1511 ms-

2058 1533 2152 1588 hoc
2179 1538 2362 1589 sentire
2390 1555 2482 1607 pro
2511 1541 2742 1596 omnibus
2783 1544 2942 1604 vobis,
2977 1561 3033 1597 ro
3058 1545 3193 1614 quod
3222 1546 3432 1600 habeam
3466 1563 3551 1603 vos
3587 1552 3643 1605 in

2055 1626 2225 1692 corde,
2253 1637 2299 1681 et
2322 1629 2536 1684 vinculis
2567 1632 2709 1694 meis,
2743 1642 2789 1685 et
2816 1633 2867 1686 in
2895 1633 3184 1704 defensione
3210 1653 3342 1704 mea,
3379 1649 3424 1692 et
3455 1641 3643 1709 con/ir.

2057 1720 2273 1772 motione
2303 1721 2567 1790 evangelii,
2599 1723 2733 1791 quod
2758 1739 2931 1777 omnes
2962 1741 3048 1778 vos
3079 1742 3179 1778 una
3205 1743 3398 1781 mecum
3425 1732 3642 1798 partici-

2056 1825 2142 1878 pes
2171 1810 2287 1863 estis
2329 1813 2527 1882 gratim.
2562 1813 2801 1883 Magnam
2844 1815 3046 1870 interea
3087 1816 3342 1872 desiderii
3385 1821 3490 1874 vim
3537 1821 3644 1878 hoc

2054 1900 2172 1956 loco
2200 1903 2453 1969 ostendit,
2479 1906 2742 1976 siquidem
2775 1906 2894 1961 illos
2925 1908 2976 1961 in
3006 1907 3169 1964 corde
3198 1908 3446 1977 habebat,
3474 1923 3638 1982 atque

2053 1992 2106 2047 in
2134 1994 2364 2064 ipsemet
2387 2012 2604 2052 carcere
2632 1999 2840 2054 vinctus
2863 1999 2996 2054 Phili
3007 2002 3287 2070 ppensium
3319 2003 3639 2060 recordaba-

2055 2096 2157 2141 tur.
2205 2086 2321 2142 Non
2369 2089 2599 2160 vulgaris
2641 2091 2880 2145 virorum
2928 2091 3068 2157 laus,
3119 2107 3240 2147 esse
3282 2094 3335 2147 in
3377 2096 3646 2151 memoria

2050 2179 2218 2233 sancti
2251 2179 2407 2248 lmjus
2435 2199 2448 2233 :
2481 2197 2585 2236 non
2631 2183 2772 2238 enim
2815 2182 2958 2236 illius
2986 2182 3200 2238 dilectio
3234 2199 3297 2240 ex
3332 2185 3638 2244 ineonside-

2049 2279 2166 2324 rato
2186 2271 2413 2340 quodam
2441 2272 2602 2326 animi
2628 2282 2794 2338 motu,
2820 2273 2913 2328 sed
2935 2272 3141 2342 judicio
3161 2290 3222 2328 ac
3241 2274 3380 2332 bene
3402 2279 3642 2348 cngitata'

2049 2360 2256 2414 ratione
2276 2362 2584 2416 exsistebat.
2611 2362 2972 2430 Quamobrem
2997 2362 3142 2434 diligi
3164 2365 3394 2436 aliquem
3417 2383 3446 2421 a
3471 2369 3650 2425 Pau'o

2047 2449 2182 2504 adeo
2209 2451 2573 2516 vehementer,
2605 2455 2734 2508 satis
2761 2456 3062 2525 argumenti
3092 2465 3196 2523 est,
3235 2474 3483 2529 magnum
3513 2477 3646 2520 esse

2048 2543 2197 2598 illum
2239 2557 2398 2615 atque
2442 2545 2836 2602 admirabilem.
2886 2547 2956 2600 Et
2995 2550 3047 2602 in
3096 2549 3402 2619 defensione,
3439 2553 3644 2624 inquiti,

2046 2645 2092 2688 et
2118 2635 2496 2704 conﬁrmatione
2520 2637 2784 2706 evangelii.
2821 2637 2885 2691 Et
2915 2637 3040 2705 quid
3085 2640 3296 2703 mirum,
3336 2642 3380 2695 si
3431 2642 3482 2696 in
3513 2659 3636 2698 car-

2045 2742 2168 2784 cere
2199 2728 2322 2783 illos
2367 2729 2418 2783 in
2463 2728 2627 2784 corde
2671 2729 2938 2784 haberet?
2982 2730 3114 2785 Nam
3154 2748 3327 2803 neque
3368 2735 3458 2789 illo
3499 2745 3636 2792 tem.

2046 2833 2197 2887 pore,
2242 2819 2432 2890 inquit,
2477 2835 2583 2890 quo
2635 2819 2702 2875 ad
2750 2819 2989 2875 tribunal
3023 2821 3343 2878 accedebam
3389 2825 3640 2881 dicturus

2043 2923 2277 2974 causam,
2308 2927 2375 2966 ex
2414 2915 2593 2967 animo
2633 2927 2756 2967 meo
2795 2912 3095 2968 efﬂuxistis.
3134 2915 3300 2970 Tanta
3334 2918 3473 2971 enim
3512 2920 3625 2972 vin.

2045 2999 2205 3056 lentia
2234 3011 2316 3057 est
2344 3003 2544 3057 amoris
2582 3003 2898 3074 spiritnaiis,
2933 3013 2990 3058 ut
3021 3003 3148 3058 nulli
3178 3005 3331 3060 cedat
3372 3007 3459 3061 ille
3492 3017 3635 3062 tem-

2045 3091 2178 3160 pori,
2229 3090 2322 3147 sed
2363 3093 2593 3149 amantis
2633 3094 2868 3148 animam
2910 3105 3170 3165 perpetuo
3215 3096 3636 3162 complectatur,

2043 3181 2292 3251 nullaque
2327 3184 2628 3238 calamitate
2671 3196 2764 3239 aut
2812 3185 2999 3240 dolore
3030 3187 3168 3241 vinci
3213 3188 3373 3242 sinat.
3412 3189 3633 3244 Etenim.

2041 3271 2488 3340 quemadmodum
2532 3272 2585 3326 in
2622 3274 2838 3328 fornace
2873 3275 3221 3348 Babylonica,
3262 3291 3382 3331 cum
3420 3289 3633 3333 tantnnr

2039 3372 2182 3418 esset
2220 3363 2506 3418 excitatum
2549 3365 2878 3432 incendium,
2928 3383 3018 3423 ros
3078 3379 3255 3425 tamen
3298 3381 3413 3425 erat
3454 3371 3629 3426 beatis

2040 3453 2142 3506 illis
2171 3455 2349 3524 pueris
2382 3472 2394 3508 :
2426 3454 2496 3508 ita
2542 3455 2703 3510 etiam
2745 3457 3002 3525 amicitia,
3045 3459 3135 3512 ubi
3182 3463 3348 3515 semel
3391 3463 3629 3518 amantis.

2041 3546 2255 3616 Deoque
2297 3546 2504 3617 accepti
2561 3547 2794 3602 hominis
2843 3551 3214 3620 apprehendit,
3267 3567 3481 3608 omnem
3527 3569 3628 3609 ex-

2037 3639 2256 3709 stinguit
2308 3638 2594 3706 flammam,
2648 3656 2933 3711 roremque
2978 3627 3348 3699 admirabilem
3394 3646 3619 3716 spargit.

2038 3727 2104 3782 Et
2131 3729 2512 3798 confirmatione
2532 3730 2799 3802 evangelii,
2832 3731 3023 3801 inquit.
3061 3732 3199 3803 Ergo
3231 3733 3436 3789 vincula
3464 3745 3627 3792 erant

2034 3817 2370 3872 confirmatio
2415 3819 2703 3889 evangelii,
2749 3834 2876 3890 ergo
2915 3829 3068 3874 erant
3100 3821 3373 3889 defensio;
3411 3838 3473 3879 ac
3496 3824 3624 3894 jure

2035 3909 2268 3978 quidem.
2301 3909 2432 3963 Nam
2461 3910 2505 3963 si
2535 3910 2744 3965 vincula
2767 3911 3146 3980 detrectasset,
3173 3915 3479 3984 impostoris
3499 3930 3626 3969 om-

2036 4001 2160 4054 nino
2196 4000 2426 4069 speciem
2473 4001 2790 4070 praehuisset
2832 4017 2846 4055 :
2899 4018 3040 4056 nunc
3083 4019 3210 4057 vero
3255 4003 3432 4058 omnia
3475 4005 3628 4062 tole-.

2035 4107 2189 4158 rans,
2229 4101 2284 4148 et
2321 4093 2532 4148 vincula
2566 4103 2621 4148 ct
2659 4095 3040 4160 calamitatem,
3087 4097 3240 4165 plane
3281 4097 3626 4154 demonstrat:

2034 4195 2138 4234 non
2179 4196 2237 4236 se
2279 4180 2566 4237 humanam
2595 4183 2830 4252 aliquam
2858 4183 2928 4237 ob
2957 4199 3171 4238 cans:un
3205 4183 3318 4237 haec
3349 4187 3477 4254 pati,
3515 4189 3624 4242 sed

2035 4281 2250 4338 propter
2289 4271 2478 4338 Deum,
2524 4271 2613 4341 qui
2661 4272 2964 4327 mercedem
3011 4272 3238 4327 reddere
3283 4274 3471 4329 solitus
3511 4291 3625 4331 csr-

2031 4363 2198 4416 Nemo
2224 4364 2366 4416 enim
2411 4362 2590 4427 fuerit,
2634 4363 2722 4432 qui
2754 4371 2808 4417 et
2849 4363 2985 4417 mori
3017 4374 3070 4417 et
3099 4373 3175 4417 tot
3203 4363 3349 4418 adire
3377 4367 3612 4434 pericula

2029 4460 2262 4518 statuat;
2293 4467 2452 4508 nemo
2481 4454 2569 4522 qui
2601 4455 2730 4507 tanti
2773 4453 3141 4522 imperatoris,
3171 4454 3436 4511 Neronem
3469 4459 3607 4524 dico,

2028 4541 2382 4598 offensionem
2412 4543 2622 4611 subeat,
2647 4545 2748 4599 nisi
2772 4545 2931 4599 alium
2961 4545 3128 4599 multo
3155 4546 3410 4616 majorem
3447 4549 3609 4619 Impe-

2030 4643 2258 4689 ratorem
2289 4635 2603 4690 intueretur.
2649 4637 2816 4690 Erant
2846 4636 3004 4705 igitur
3030 4637 3242 4692 vincula
3272 4641 3618 4698 confirmatio

2027 4727 2307 4797 evangelii.
2338 4727 2470 4782 Vide
2497 4727 2793 4798 quomodo,
2821 4736 2877 4782 ut
2905 4728 3115 4797 plenius
3145 4739 3304 4801 atque
3328 4733 3608 4790 abundan-

2029 4817 2131 4872 tius
2158 4817 2298 4887 qnod
2319 4817 2434 4872 vult
2460 4818 2722 4882 obtineat,
2747 4818 2925 4871 omnia
2953 4817 3008 4873 in
3036 4821 3362 4876 contrariam
3400 4835 3618 4893 partem

2026 4907 2368 4964 converterit.
2401 4907 2550 4975 Quod
2591 4909 2734 4964 enim
2772 4908 3098 4965 infirmitatis
3128 4921 3181 4966 et
3217 4913 3459 4968 criminis
3490 4917 3606 4971 loco

2026 5000 2304 5070 putabant,
2348 5000 2398 5055 id
2436 4998 2896 5056 confirmationem
2940 5011 3139 5057 vocat:
3175 5013 3229 5058 ut
3257 5005 3358 5060 nisi
3389 5006 3438 5060 id
3477 5022 3599 5064 eve-

2027 5093 2215 5159 nisset,
2247 5091 2924 5148 inﬁrmitatelaboraturus
2962 5093 3144 5149 fuerit.
3188 5096 3391 5151 Deinde
3416 5106 3602 5153 osten-

2025 5185 2103 5240 dit
2131 5185 2470 5239 diiectionem
2499 5200 2605 5238 non
2634 5192 2858 5252 temere,
2908 5185 3002 5241 sed
3038 5186 3238 5256 judicio
3278 5198 3602 5257 susceptam.

2024 5275 2218 5332 Unde?
2250 5274 2425 5328 Habeo
2468 5290 2575 5341 vos,
2609 5277 2800 5347 inquit,
2845 5278 2897 5330 in
2936 5277 3150 5330 vinculis
3180 5278 3322 5344 meis,
3352 5288 3400 5332 et
3428 5280 3479 5334 in
3510 5282 3602 5335 de-

2025 5366 2270 5437 fensione,
2308 5382 2365 5420 eo
2396 5367 2533 5436 quod
2569 5384 2672 5421 una
2708 5383 2900 5422 mecum
2945 5367 3216 5437 participes
3249 5369 3369 5424 estis
3398 5374 3598 5442 gratia.

2022 5457 2160 5525 Quid
2195 5459 2295 5511 hoc
2320 5458 2445 5512 est?
2476 5457 2578 5512 hoc
2606 5459 2849 5528 ipsumne
2866 5469 2980 5514 erat
3000 5461 3235 5527 Apostoli
3263 5465 3451 5531 gratia,
3483 5465 3616 5518 vina

2021 5549 2138 5614 ciri,
2167 5548 2377 5618 jactari,
2424 5558 2708 5605 sescentas
2739 5549 2878 5604 ferre
2919 5549 3278 5606 acerbitates?
3314 5553 3541 5610 Maxime
3574 5573 3594 5611 ε.

2021 5655 2166 5702 nam,
2199 5639 2395 5708 Sufficit
2441 5639 2552 5705 tibi,
2583 5639 2772 5710 inquit,
2796 5643 2959 5711 gratia
2988 5657 3132 5707 mea;
3157 5644 3315 5698 virtus
3335 5646 3464 5698 enim
3485 5663 3605 5702 mea.

2022 5732 2074 5786 in
2119 5730 2410 5803 inﬁrmitate
2450 5732 2726 5804 perﬁcitur.
2769 5729 2990 5805 Propter
3040 5734 3174 5808 quod
3224 5737 3404 5808 placeo;
3447 5741 3606 5810 mihi,
