4042 6212
427 363 526 420 187

421 476 620 548 inquit,
667 474 717 528 in
758 466 1155 544 inﬁrmitatibus,
1186 467 1239 519 in
1282 459 1596 518 contumeliis
1753 455 1873 548 Gor.
1920 453 2005 509 l2.

427 569 480 624 9.
509 547 626 638 10).
659 561 884 632 Quando
909 557 1070 629 igitur
1099 554 1254 609 video
1282 567 1380 606 vos
1421 549 1572 604 factis
1600 547 1729 616 ipsis
1759 547 2008 600 virtutem

428 637 735 722 ostendere,
767 664 928 724 atque
956 650 1114 718 hujus
1139 645 1325 717 gratia:
1351 657 1471 698 esse
1503 639 1809 710 participes,
1851 637 2010 706 idque

429 750 697 809 alacriter,
731 759 830 801 nec
861 740 1126 798 immerito
1169 737 1268 791 has
1308 735 1646 804 conjecturas
1688 731 1844 784 facio.
1878 729 2011 784 Nam

429 841 519 911 qui
556 854 651 892 vos
689 837 875 891 fuerim
902 841 1178 901 expertus,
1207 843 1269 883 ac
1299 843 1410 898 prae
1436 824 1686 880 cluiuilius
1715 837 1808 876 vos
1838 831 1893 876 et
1919 837 2010 875 ve-

430 942 539 987 stra
569 930 838 985 benefacta
870 927 1063 989 norim,
1095 924 1183 994 qui
1212 921 1295 976 vel
1324 928 1470 974 lauto
1500 933 1527 970 a
1553 918 1705 971 nobis
1729 914 2013 970 intervallo

432 1023 681 1093 sejuncti,
713 1034 926 1075 otnnem
958 1015 1356 1072 contentionem
1385 1009 1650 1065 adhibetis
1681 1022 1747 1062 ne
1779 1007 1829 1060 in
1866 1005 2012 1060 cala-

433 1114 706 1171 mitatibus
762 1129 791 1167 a
848 1111 1000 1165 nobis
1053 1103 1406 1178 sejungamini
1440 1145 1454 1169 ,
1507 1101 1602 1156 sed
1655 1098 2012 1171 periculorum

432 1224 552 1278 qua:
584 1222 679 1277 pro
707 1202 980 1273 evangelio
1008 1197 1283 1254 subeunda
1326 1205 1450 1249 sunt
1479 1192 1769 1262 participes
1794 1189 1930 1252 sitis,
1961 1197 2016 1243 et

431 1299 618 1371 procul
664 1295 817 1365 positi
865 1292 996 1347 nihil
1041 1291 1216 1344 minus
1261 1301 1345 1342 me
1383 1286 1498 1355 ipso
1534 1282 1798 1347 habeatis,
1829 1279 1917 1350 qui
1961 1279 2013 1332 in

431 1370 725 1447 certamina
759 1387 870 1456 ipsa
900 1381 1186 1447 descendi;
1234 1394 1444 1450 (equum
1478 1376 1635 1447 plane
1670 1383 1771 1438 est,
1815 1382 1869 1424 ut
1901 1370 2016 1424 haec

432 1482 729 1548 relinquam
774 1485 982 1531 testata.
1021 1472 1130 1528 Cur
1159 1480 1335 1525 autem
1377 1484 1480 1522 non
1525 1463 2012 1532 dixit,ParIicipes,

433 1571 556 1637 sed,
609 1570 725 1625 Una
769 1584 963 1622 mecum
1005 1562 1315 1634 participes?
1366 1559 1432 1613 Et
1466 1574 1566 1628 ego
1613 1559 1756 1625 ipse,
1808 1554 2014 1624 inquit,

433 1665 587 1718 alteri
621 1661 890 1731 impertio,
939 1667 996 1712 ut
1032 1672 1134 1709 una
1180 1652 1298 1707 liam
1343 1651 1613 1722 particeps
1639 1647 1900 1716 evangelii
1939 1646 2014 1716 (ι.

433 1758 552 1812 Cor.
599 1754 654 1810 9.
695 1751 812 1821 23),
847 1750 897 1804 id
929 1757 1012 1803 est
1037 1747 1321 1807 bonorum,
1355 1757 1472 1812 qua:
1498 1755 1594 1810 pro
1620 1737 1898 1807 evangelio
1919 1750 2018 1791 nos

433 1857 672 1902 manent.
706 1845 779 1898 Ac
802 1842 993 1896 mirum
1029 1838 1270 1908 profecto
1301 1843 1401 1898 est,
1425 1845 1614 1886 omnes
1645 1830 1763 1883 illos
1793 1830 1861 1883 ita
1891 1828 2018 1883 affe-

433 1949 550 1993 ctos
574 1936 753 1991 animo
777 1933 958 1995 fuisse,
988 1938 1046 1984 ut
1073 1945 1102 1982 a
1129 1926 1293 1983 Paulo
1326 1923 1501 1978 vocari
1535 1930 1756 1992 possent
1781 1919 1861 1974 sui
1897 1934 2020 1989 par-

435 2029 624 2098 ticipes
658 2044 672 2080 :
707 2026 775 2080 ita
804 2024 946 2078 enim
979 2021 1168 2090 inquit,
1202 2017 1352 2084 Quod
1385 2029 1556 2068 omnes
1585 2029 1670 2066 vos
1696 2028 1797 2064 una
1826 2026 2018 2063 mecum

436 2120 708 2192 participes
739 2118 856 2170 estis
891 2115 1090 2187 gratiae.
1139 2111 1265 2164 llaec
1303 2109 1462 2178 igitur
1505 2106 1650 2159 initia
1683 2103 1840 2157 fidem
1889 2103 2018 2156 mihi

437 2213 656 2275 faciunt,
682 2225 774 2262 vos
803 2222 970 2277 usque
999 2205 1063 2258 ad
1091 2203 1248 2258 linem
1273 2201 1404 2254 tales
1431 2199 1566 2252 fore.
1599 2197 1701 2250 Vix
1735 2196 1875 2249 enim
1902 2195 2018 2248 fieri

438 2314 633 2376 potest,
665 2315 714 2358 ut
747 2301 1066 2374 principium
1103 2298 1236 2351 adeo
1263 2291 1599 2366 splendidum
1628 2291 2016 2358 exstinguatur,

436 2409 597 2467 atque
637 2403 942 2454 eraneSCat,
986 2391 1080 2447 sed
1123 2403 1342 2460 magnos
1375 2399 1588 2457 quoque
1630 2399 1693 2438 ac
1733 2381 2020 2453 przcclaros

438 2491 613 2543 exitus
642 2494 881 2558 prtestat.

508 2582 563 2634 4.
593 2579 853 2645 Quoniam
893 2576 1051 2646 igitur
1091 2575 1196 2629 alia
1236 2571 1464 2643 quadam
1502 2570 1708 2625 ratione
1743 2567 1868 2622 licet
1902 2579 2022 2620 esse

440 2669 750 2741 participem
774 2668 959 2736 gratia:
981 2676 1033 2721 et
1055 2666 1413 2735 periculorum
1440 2672 1495 2717 et
1518 2661 1902 2718 calamitatum,
1927 2656 2022 2708 ob-

437 2776 593 2816 secro
636 2774 737 2828 ego
781 2772 878 2812 vos
899 2799 911 2822 ,
941 2759 1109 2810 simus
1146 2769 1243 2809 nos
1279 2767 1491 2823 quoque
1520 2750 1826 2820 participes.
1852 2747 2021 2812 Quam

439 2851 587 2907 multi
614 2866 678 2906 ex
705 2850 769 2904 iis
790 2849 882 2920 qui
911 2847 996 2902 hic
1020 2854 1148 2900 sunt
1168 2842 1406 2900 vellent?
1431 2842 1670 2913 quinimo
1693 2852 1881 2895 omnes
1905 2835 2020 2891 vel-

440 2943 560 2998 letis
595 2941 880 3010 participes
903 2952 1024 2993 esse
1053 2935 1201 2991 Pauli
1233 2936 1282 2988 in
1313 2933 1562 3002 repositis
1588 2930 1692 2985 illis
1723 2929 1896 2984 bonis.
1931 2928 2027 2982 At-

438 3034 527 3103 qui
558 3032 698 3094 licet,
727 3029 772 3084 si
803 3027 987 3094 vultis,
1018 3026 1172 3080 facile
1220 3022 1360 3079 istud
1389 3021 1625 3092 assequi,
1653 3021 1697 3075 si
1721 3019 1784 3074 iis
1806 3019 1894 3089 qui
1919 3019 2020 3074 mi-

441 3123 720 3179 nisterium
748 3121 910 3176 'illius
955 3125 1380 3187 repraesentant,
1411 3115 1477 3169 iis
1524 3112 1612 3183 qui
1662 3127 1761 3183 pro
1806 3111 2022 3166 Christo

441 3220 578 3272 male
622 3216 978 3286 accipiuntur,
1010 3212 1184 3266 velitis
1226 3207 1525 3264 subsidium
1566 3205 1815 3260 alacriter
1857 3202 2017 3266 ferre,

439 3309 710 3380 opitulari,
731 3323 943 3361 manum
969 3303 1258 3376 porrigere.
1276 3297 1438 3356 Vides
1461 3295 1746 3368 periclitari
1770 3294 2024 3350 fratrem?

442 3403 654 3472 porrige
699 3416 936 3456 manum.
983 3397 1141 3452 Vides
1186 3404 1571 3466 prmceptorcm
1605 3389 1790 3461 proelio
1819 3386 2026 3457 appeti-

442 3495 588 3549 tum?
613 3494 823 3548 assiste.
853 3493 918 3546 At
941 3490 1082 3545 enim
1109 3487 1264 3551 dicis,
1281 3500 1440 3540 nemo
1466 3491 1549 3538 est
1572 3482 1662 3552 qui
1691 3479 1856 3535 Paulo
1878 3493 2025 3532 con:-

441 3586 616 3657 parari
643 3595 824 3656 queat.
858 3583 938 3638 En
961 3581 1138 3636 subito
1158 3578 1321 3633 animi
1351 3575 1529 3637 elatio,
1561 3572 1738 3628 subito
1759 3569 2021 3640 iudicant.

440 3680 722 3735 Neminem
749 3692 915 3747 prope
943 3673 1008 3727 ad
1035 3671 1261 3728 Paulum
1285 3666 1565 3730 accedere,
1585 3678 1686 3734 ego
1714 3676 1929 3732 quoque
1951 3659 2024 3711 fa-

443 3778 559 3822 teor
576 3775 984 3829 :verumtamen,
1012 3762 1111 3827 Qui
1127 3758 1323 3829 recipit,
1344 3757 1534 3827 inquit,
1551 3752 1849 3824 prophetam
1864 3752 1918 3804 in
1933 3765 2027 3802 no-

443 3860 579 3913 mine
594 3859 873 3928 prophetae,
892 3855 1168 3908 mercedem
1185 3851 1446 3924 prophette
1460 3844 1703 3916 accipiet(
1727 3843 1913 3898 Matth.
1935 3843 2024 3898 10.

443 3950 568 4019 41).
612 3947 748 4004 Num
781 3947 1148 4014 Philippenscs
1175 3941 1244 3995 ob
1271 3955 1389 3995 eam
1420 3952 1636 3993 causam
1683 3933 2030 3990 admirabiles

445 4048 619 4105 erant,
645 4036 783 4108 quod
805 4034 1023 4092 Paulum
1043 4030 1401 4102 adjuvabant?
1413 4026 1551 4094 Non,
1569 4026 1808 4096 inquam,
1821 4023 1892 4079 ob
1909 4038 2025 4079 eam

444 4145 682 4190 causam,
708 4127 801 4184 sed
827 4126 1077 4198 quoniam
1104 4120 1573 4179 conununicabant
1592 4117 1663 4183 ei,
1685 4116 1776 4188 qui
1797 4109 2030 4186 evange-

451 4223 505 4279 lii
529 4221 956 4292 praedicationem
981 4223 1309 4286 susceperat.
1337 4213 1626 4283 Propterea
1648 4209 1842 4267 Paulus
1864 4207 2033 4263 hono-

449 4334 561 4374 rem
585 4313 1010 4387 promerebatur,
1027 4310 1285 4383 quoniam
1309 4307 1426 4362 hmo
1449 4305 1745 4377 patiebatur
1767 4317 1862 4374 pro
1882 4301 2036 4358 Chri-

449 4420 555 4466 sto.
587 4407 773 4476 Qualis
800 4404 1015 4468 Paulus,
1043 4416 1201 4456 nemo
1229 4407 1330 4456 est.
1361 4396 1500 4467 Quid
1525 4396 1668 4462 dico,
1699 4393 1874 4466 qualis
1899 4391 2036 4448 Pau-

452 4503 577 4560 lus?
601 4514 758 4556 nemo
782 4507 863 4555 est
883 4497 972 4568 qui
993 4495 1061 4550 ad
1083 4495 1296 4550 beatum
1321 4491 1467 4547 illum
1489 4489 1574 4545 vel
1600 4503 1766 4559 prope
1785 4485 2032 4543 accedat:

453 4591 766 4664 prmdicatio
807 4598 985 4644 autem
1027 4585 1216 4642 eadem
1244 4591 1345 4648 est,
1375 4597 1494 4651 qua:
1520 4581 1610 4635 illo
1635 4589 1874 4648 tempore
1898 4585 2036 4631 erat.

458 4686 568 4740 Nec
589 4693 816 4747 tantum,
833 4680 960 4735 dum
986 4679 1038 4734 in
1062 4675 1292 4732 vinculis
1312 4680 1450 4740 erat,
1475 4671 1525 4727 ei
1547 4666 2034 4730 communicabant,

457 4777 552 4834 sed
582 4776 745 4832 etiam
774 4790 803 4827 a
832 4773 1094 4844 principio
1123 4789 1135 4824 :
1169 4769 1290 4824 audi
1313 4767 1456 4822 enim
1480 4765 1648 4834 ipsius
1673 4762 1856 4827 verba,
1884 4758 2041 4815 Scitis

455 4879 625 4926 autem
649 4879 694 4926 et
717 4883 801 4923 vos
821 4908 837 4934 ,
866 4864 1242 4935 Philippenses,
1273 4858 1410 4930 quod
1433 4857 1486 4911 in
1513 4854 1767 4926 principio
1795 4850 2041 4922 evangelii

459 4967 606 5024 nulla
634 4963 758 5020 mihi
786 4959 1013 5017 Ecclesia
1037 4953 1420 5010 communicavit
1448 4951 1501 5005 in
1531 4949 1726 5003 ratione
1750 4945 1858 4998 dati
1887 4954 1931 4999 et
1957 4961 2044 4998 ac-

455 5062 610 5134 cepti,
628 5057 724 5114 nisi
741 5071 826 5110 eos
842 5053 937 5107 soli
949 5048 1206 5121 (Philipp.
1223 5047 1275 5102 4.
1295 5045 1405 5112 15).
1420 5044 1497 5098 Ac
1513 5057 1641 5097 sane
1654 5038 1868 5095 omissis
1883 5036 2044 5093 etiam

460 5130 738 5223 periculis,
761 5145 956 5203 multas
974 5140 1136 5197 habet
1157 5137 1428 5192 molestias
1452 5141 1746 5204 prmceptor
1771 5149 1786 5186 :
1813 5130 2042 5200 vigilias,

460 5243 673 5298 dicendi
700 5254 762 5295 ac
788 5234 1013 5294 docendi
1043 5232 1301 5294 laborem,
1329 5225 1802 5299 reprehensiones,
1829 5237 2047 5277 accusa-

463 5335 640 5388 tiones
657 5371 676 5399 ,
705 5329 972 5401 querelas,
989 5321 1425 5382 obtrectationes,
1443 5316 1715 5372 invidiam.
1733 5314 1891 5369 Levia
1909 5312 2044 5378 lucc,

465 5425 552 5479 die
569 5422 719 5486 mihi,
739 5419 1006 5476 sexcentis
1021 5431 1078 5473 se
1095 5413 1290 5486 linguis
1304 5425 1594 5483 exponere,
1611 5421 1733 5463 cum
1753 5406 1936 5461 liceret
1952 5417 2048 5458 sua

468 5516 625 5571 unius
647 5511 972 5585 procurare?
995 5509 1108 5564 Heu
1125 5505 1250 5578 quid
1273 5503 1400 5560 mihi
1419 5501 1582 5558 animi
1603 5500 1720 5556 est?
1743 5498 1948 5554 duabus
1967 5510 2050 5550 re-

467 5610 570 5664 bus
590 5606 930 5668 interelusus,
955 5601 1166 5667 haesito,
1187 5608 1348 5667 atque
1364 5595 1566 5650 haereo.
1586 5591 1720 5647 Nam
1741 5604 1861 5644 cum
1883 5600 1978 5641 vos
1997 5594 2053 5640 et

471 5701 760 5762 admonere
786 5703 842 5751 et
867 5691 1136 5749 cohortari
1167 5689 1345 5762 cupio,
1377 5694 1439 5742 ut
1463 5691 1678 5743 sanctos
1707 5680 1802 5735 Dei
1829 5675 2050 5735 foveatis

473 5789 728 5860 omnique
766 5800 868 5858 ope
905 5783 1138 5856 iuvetis;
1167 5790 1278 5838 tum
1318 5791 1445 5838 vero
1483 5783 1662 5832 metuo
1704 5785 1772 5828 ne
1821 5769 1903 5826 cui
1949 5767 2050 5822 alia

1168 351 1224 407 S.
1263 344 1539 403 JOANNIS
1575 336 2043 399 CllllYSOSTOSIl
2075 337 2388 396 ARCIIIEP.
2429 335 2961 399 CONSTANTINOP.

3598 339 3699 398 188

2117 453 2359 525 ῳιειιάειω
2398 454 2596 510 incidat
2628 456 2884 524 suSpicio,
2915 454 3166 509 nimirum
3189 452 3326 509 hanc
3351 451 3478 508 mihi
3501 455 3700 510 oratio-

2115 561 2237 601 nem
2257 562 2362 602 non
2383 547 2566 614 vestri,
2589 546 2682 602 sed
2706 547 2917 602 illorum
2939 561 3098 601 causa
3119 560 3241 600 esse
3258 555 3583 616 susceptam.
3609 546 3700 601 Ve-

2118 655 2235 694 rum
2257 640 2448 695 scitote
2468 640 2581 694 time
2602 655 2631 694 a
2656 655 2741 694 me
2764 655 2868 694 non
2891 639 3125 706 illorum,
3143 639 3235 694 sed
3259 649 3431 694 vestra
3462 641 3696 709 ipsorum

2116 743 2276 782 causa
2302 728 2427 794 dici,
2460 728 2638 800 idque,
2673 729 2719 784 si
2749 737 2982 784 mentem
3007 729 3290 784 advertere
3337 729 3537 796 velitis,
3569 731 3699 801 ipsa:

2119 821 2269 876 vobis
2295 822 2530 876 rationes
2557 821 2970 890 persuadebunt.
2995 821 3109 876 Non
3133 830 3337 892 aequale
3358 832 3445 877 est
3466 823 3696 885 lucrum,

2118 911 2259 980 quod
2297 927 2392 966 vos
2432 913 2713 981 reportatis
2755 921 2915 978 atque
2959 913 3032 967 illi
3065 928 3078 965 :
3111 928 3232 967 nam
3275 928 3368 968 vos
3403 913 3616 983 quidem
3653 915 3698 968 si

2113 999 2394 1068 dederitis,
2418 1017 2478 1056 ea
2507 1003 2720 1068 dabitis,
2753 1019 2872 1073 qnte
2895 1003 3054 1073 paulo
3083 1011 3220 1073 post,
3253 1003 3427 1058 velitis
3447 1044 3462 1067 ,
3495 1003 3696 1070 nolitis,

2119 1093 2239 1146 aliis
2262 1094 2578 1163 resignaturi
2604 1102 2658 1148 et
2683 1094 2990 1148 concessnri
3021 1093 3151 1148 estis
3173 1111 3186 1154 ξ
3216 1103 3271 1148 at
3293 1109 3410 1163 qum
3434 1093 3696 1163 accipitis,

2122 1197 2409 1253 permagna
2441 1190 2600 1247 sunt,
2629 1184 2815 1253 longe,
2850 1183 3064 1253 inquam
3085 1225 3100 1250 ,
3127 1183 3350 1252 majora.
3381 1183 3570 1237 Annon
3600 1182 3700 1238 hoc

2120 1274 2300 1328 animo
2325 1275 2474 1338 estis,
2504 1275 2748 1344 accipere
2773 1289 2868 1329 vos
2887 1315 2902 1341 ,
2929 1290 3051 1329 cum
3083 1273 3256 1329 datis?
3284 1273 3396 1342 Ego
3421 1290 3569 1338 vero,
3597 1275 3700 1330 nisi

2123 1367 2225 1420 hoc
2268 1368 2446 1421 animo
2489 1368 2655 1431 estis,
2705 1381 2772 1421 ne
2814 1366 2953 1422 detis
3000 1366 3211 1437 quidem
3261 1367 3462 1421 velim:
3497 1376 3696 1422 tantum

2121 1460 2294 1522 abest,
2320 1475 2418 1529 pro
2444 1461 2546 1514 illis
2574 1475 2874 1514 sermonem
2900 1459 3110 1514 faciam.
3134 1459 3244 1514 Nisi
3271 1460 3386 1530 quis
3417 1470 3571 1514 antea
3599 1459 3698 1514 sibi

2123 1553 2483 1623 persuaserit,
2517 1551 2761 1621 accipere
2803 1567 2862 1605 se
2906 1551 3071 1620 magis
3114 1565 3270 1620 quam
3320 1551 3485 1614 dare,
3515 1552 3700 1620 ingens

2125 1643 2331 1696 lucrum
2364 1641 2558 1706 facere,
2593 1641 2852 1696 beneficio
2883 1642 3051 1712 magis
3084 1641 3221 1696 affici
3262 1657 3420 1711 quam
3449 1641 3699 1708 afficere;

2125 1733 2217 1788 ille
2243 1748 2374 1788 vero
2403 1750 2469 1788 ne
2497 1733 2588 1788 det
2616 1751 2629 1786 :
2659 1735 2703 1788 si
2733 1734 2802 1787 ita
2833 1741 3002 1802 putat,
3027 1731 3156 1788 dare
3186 1748 3246 1789 se
3275 1733 3589 1789 beneficium
3609 1748 3702 1788 ac-

2123 1825 2362 1897 cipienti,
2393 1841 2461 1881 ne
2489 1826 2600 1881 det.
2643 1825 2758 1881 Non
2787 1825 2928 1880 enim
2960 1825 3012 1880 id
3046 1825 3175 1880 mihi
3209 1841 3350 1881 nunc
3381 1841 3704 1896 magnopere

2125 1931 2268 1972 curm
2293 1926 2396 1983 est,
2419 1925 2476 1970 ut
2497 1917 2710 1971 alantur
2729 1917 2900 1972 sancti
2926 1935 2940 1970 :
2965 1932 3087 1970 nam
3111 1917 3213 1972 nisi
3242 1925 3295 1970 tu
3317 1916 3549 1979 dederis,
3568 1917 3704 1970 alius

2125 2007 2272 2061 dabit
2313 2007 2670 2073 Quamobrem
2697 2007 2837 2076 quod
2861 2008 3003 2074 volo,
3024 2008 3123 2062 hoc
3145 2015 3262 2062 est:
3289 2017 3342 2062 ut
3365 2022 3460 2061 vos
3479 2008 3704 2075 peccatis

2124 2099 2318 2153 vestris
2347 2099 2518 2153 lenem
2547 2098 2830 2170 quamdam
2859 2099 3173 2154 medicinam
3199 2097 3402 2153 faciatis
3424 2117 3436 2151 :
3458 2099 3546 2170 qui
3576 2114 3704 2154 vero

2128 2191 2264 2247 hanc
2280 2192 2333 2246 in
2350 2192 2524 2246 dando
2547 2194 2802 2247 rationem
2827 2207 2930 2246 non
2955 2201 3120 2258 tenet,
3146 2193 3460 2247 medicinam
3486 2207 3590 2246 non
3611 2191 3703 2246 ba-

2125 2284 2290 2340 bebit.
2322 2284 2437 2339 Non
2467 2287 2607 2340 enim
2639 2285 2787 2347 dare,
2821 2285 2913 2340 sed
2943 2285 3171 2338 alacrem
3201 2284 3351 2347 dare,
3381 2283 3472 2338 sed
3501 2283 3702 2347 l:rtnm,

2126 2375 2219 2432 sed
2237 2376 2436 2448 gratias
2453 2375 2738 2432 habentem
2756 2376 3055 2445 accipienti,
3077 2375 3178 2428 hoc
3193 2382 3292 2436 est.
3312 2373 3702 2444 eleemosynam

2128 2469 2306 2522 facere
2339 2485 2352 2522 :
2384 2468 2458 2522 ait
2483 2468 2646 2531 enim,
2682 2465 2800 2521 Non
2831 2483 2894 2520 ex
2921 2465 3139 2528 tristitia,
3169 2475 3256 2516 aut
3285 2480 3346 2518 ex
3371 2465 3660 2518 necessitate
3686 2478 3705 2517 :

2128 2561 2342 2614 hilarem
2365 2559 2496 2612 enim
2517 2557 2745 2611 datorem
2767 2557 2930 2627 diligit
2953 2554 3090 2609 Deus
3113 2553 3186 2626 (Ξ
3237 2553 3354 2608 Cor.
3385 2552 3438 2608 9.
3471 2554 3563 2624 7).
3588 2555 3702 2610 Non

2102 2646 2220 2707 ‘det
2247 2653 2423 2722 igitur,
2449 2652 2536 2721 qui
2567 2650 2669 2705 hoc
2693 2649 2854 2704 modo
2881 2664 2984 2702 non
3015 2648 3100 2702 dat
3135 2665 3147 2700 :
3174 2648 3380 2716 jactura
3402 2647 3541 2700 enim
3565 2648 3702 2702 istud

2127 2755 2229 2808 est,
2260 2759 2365 2798 non
2393 2744 2755 2814 eleemosyna.
2787 2743 2962 2808 Quare
2988 2741 3030 2795 si
3063 2739 3211 2796 vobis
3243 2739 3344 2795 hoc
3369 2741 3703 2812 exploratum

2129 2845 2232 2904 est,
2263 2849 2360 2891 vos
2385 2849 2505 2891 esse
2530 2835 2618 2904 qui
2646 2842 2907 2902 qua'stum
2935 2831 3130 2893 facitis,
3160 2846 3268 2885 non
3295 2831 3436 2897 illos,
3464 2832 3707 2902 explora-

2131 2938 2238 2982 tum
2262 2941 2475 2998 quoque
2501 2925 2629 2982 illud
2657 2925 2745 2990 sit,
2771 2926 2942 2995 majus
2963 2925 3123 2979 etiam
3155 2924 3356 2978 lucrum
3379 2924 3531 2978 vobis
3554 2939 3706 2980 acce~

2129 3019 2280 3076 dere.
2308 3019 2444 3075 Nam
2484 3018 2590 3073 illis
2629 3017 2845 3089 quidem
2885 3031 3081 3086 corpus
3123 3016 3316 3080 alitur;
3350 3015 3502 3070 vobis
3527 3024 3704 3071 autem

2127 3110 2454 3182 splendescit
2482 3109 2657 3164 anima
2687 3125 2700 3161 :
2731 3107 2869 3174 illis,
2895 3122 3014 3162 cum
3047 3107 3312 3176 accipiunt
3335 3145 3349 3167 ,
3384 3105 3586 3160 nullum
3617 3120 3706 3159 re-

2130 3204 2360 3260 mittitur
2380 3209 2687 3273 peccatum;
2708 3199 2860 3254 vobis
2882 3214 3009 3253 vero
3031 3198 3210 3252 multa:
3237 3197 3558 3251 offensiones
3580 3197 3709 3251 abo-

2131 3297 2329 3353 lentur.
2359 3292 2828 3350 Communicemus
2877 3290 3035 3360 igitur
3077 3289 3207 3359 ipsis
3250 3289 3301 3343 in
3341 3288 3617 3343 laboribus
3644 3301 3710 3342 ac

2129 3385 2543 3451 certaminibus,
2575 3392 2632 3439 ut
2661 3384 2713 3438 in
2745 3382 2952 3453 magnis
2982 3396 3193 3452 quoque
3218 3380 3320 3435 illis
3351 3381 3585 3450 praemiis
3613 3379 3711 3433 ali-

2130 3476 2344 3548 quando
2371 3474 2843 3532 communicemus.
2874 3472 2988 3527 Non
3014 3470 3300 3527 defuerunt
3319 3470 3407 3541 qui
3430 3484 3582 3541 reges
3607 3468 3709 3524 sibi

2131 3569 2470 3639 adoptarem,
2501 3577 2662 3636 atque
2705 3566 2756 3620 in
2796 3580 2862 3620 eo
2903 3564 3074 3635 magis
3112 3579 3173 3619 se
3211 3562 3362 3631 dare,
3389 3577 3546 3632 quam
3573 3562 3713 3616 acci-

2132 3675 2261 3732 pere
2291 3667 2554 3729 putarent.
2596 3656 2678 3713 Tu
2705 3655 2980 3711 Christum
3008 3653 3099 3708 tibi
3127 3653 3340 3724 adopta,
3373 3662 3596 3721 tuasque
3623 3665 3713 3706 res

2135 3753 2188 3808 in
2224 3761 2338 3807 tuto
2367 3749 2677 3832 collocabis.
2708 3747 2799 3802 Vis
2829 3755 2883 3803 et
2913 3745 3079 3801 Paulo
3117 3742 3552 3800 communicare?
3586 3741 3710 3811 quid

2133 3849 2257 3905 dico
2284 3847 2469 3913 Paulo,
2501 3845 2591 3900 ubi
2615 3842 2859 3899 Christus
2889 3840 3004 3911 ipse
3028 3847 3132 3903 est,
3159 3838 3249 3909 qui
3271 3835 3502 3906 accipit?

2207 3939 2260 3995 5.
2304 3936 2652 4006 Eleemosynte
2689 3931 2935 4005 facienda:
2959 3931 3111 3985 ratio.
3132 3926 3286 3983 —Ut
3313 3935 3489 3981 autem
3518 3923 3716 3978 intelli-

2135 4028 2294 4101 gatis,
2322 4042 2408 4081 me
2435 4039 2540 4080 non
2563 4023 2790 4078 aliorum
2813 4017 3130 4075 recreationi
3153 4015 3477 4080 studentem,
3500 4011 3592 4067 sed
3625 4027 3720 4064 ves

2137 4129 2246 4176 stra
2272 4131 2432 4173 causa
2455 4115 2571 4170 haec
2593 4112 2772 4168 omnia
2793 4118 2848 4165 et
2878 4109 3059 4164 dicere
3085 4116 3137 4162 et
3166 4106 3378 4160 facere:
3402 4104 3449 4159 si
3479 4103 3604 4173 quis
3633 4109 3720 4154 est

2139 4226 2204 4267 es
2229 4207 2494 4280 prmfectis
2511 4203 2782 4265 Ecclesiaz,
2802 4201 2889 4272 qui
2913 4200 3070 4253 vitam
3093 4212 3200 4251 non
3224 4196 3434 4265 inopem
3459 4200 3580 4264 agat
3603 4191 3721 4246 nul-

2142 4305 2298 4374 laque
2327 4315 2385 4355 re
2415 4306 2589 4370 egeat,
2623 4294 2830 4351 etiamsi
2863 4300 3081 4347 sanctus
3123 4289 3225 4352 sit,
3259 4296 3438 4342 tamen
3493 4283 3619 4339 nolo
3668 4282 3718 4336 ei

2141 4397 2271 4462 des;
2315 4392 2409 4450 sed
2438 4392 2561 4447 huic
2585 4401 2840 4460 prtepone
2868 4385 3014 4440 illum
3041 4382 3130 4452 qui
3161 4389 3317 4452 eget,
3344 4377 3587 4448 quamvis
3613 4389 3719 4428 non

2143 4488 2280 4543 adeo
2325 4481 2717 4540 admirabilem.
2772 4475 2909 4546 Quid
2951 4475 3058 4529 ita?
3109 4474 3372 4541 Quoniam
3404 4472 3518 4540 ipse
3558 4467 3720 4523 etiam

2145 4579 2389 4636 Christus
2416 4576 2516 4628 hoc
2539 4573 2610 4627 ita
2634 4569 2766 4634 vult,
2797 4568 2958 4638 idque
2987 4566 3090 4619 illis
3124 4563 3302 4618 verbis
3322 4561 3526 4617 indicat
3551 4575 3564 4611 :
3597 4557 3726 4613 Cum

2147 4669 2273 4741 facis
2293 4680 2487 4722 canam
2513 4671 2600 4716 aut
2629 4658 2921 4732 prandium,
2954 4656 3057 4710 noli
3087 4669 3264 4709 vocare
3282 4652 3472 4704 amicos
3502 4659 3615 4702 tuos
3636 4662 3726 4700 ne-

2149 4739 2245 4830 que
2262 4765 2524 4830 cognatos,
2561 4753 2652 4808 sed
2690 4750 2895 4812 debiles,
2928 4745 3137 4802 claudos
3161 4753 3209 4798 et
3251 4758 3408 4798 caecos
3436 4739 3602 4830 (Luc.
3637 4739 3726 4793 M.

2158 4829 2244 4904 12.
2279 4846 2368 4917 15)
2395 4863 2407 4898 :
2433 4858 2527 4900 eos
2558 4842 2805 4897 nimirum
2827 4881 2843 4906 ,
2874 4837 2964 4908 qui
2996 4836 3088 4890 tibi
3115 4849 3214 4906 par
3245 4833 3362 4905 pari
3388 4829 3595 4917 referre
3625 4843 3732 4882 non

2153 4910 2395 5012 possunt.
2424 4936 2539 4991 Non
2580 4934 2723 4989 enim
2751 4940 2952 4986 temere
2996 4936 3121 4982 sunt
3159 4910 3688 4996 quilibet'invitandi
3713 4957 3731 4983 ,

2154 5009 2249 5089 sed
2279 5029 2600 5094 esurientes,
2631 5023 2727 5081 sed
2771 5022 3032 5083 sitientes,
3063 5017 3156 5073 sed
3197 5015 3347 5081 nudi,
3371 5012 3466 5068 sed
3499 5009 3739 5080 peregri-

2154 5124 2231 5190 ni,
2263 5121 2340 5194 (a)
2366 5119 2488 5194 [sed
2521 5117 2555 5172 ii
2589 5115 2680 5186 qui
2723 5129 2789 5168 ex
2831 5112 3029 5167 divitiis
3067 5109 3131 5164 ad
3161 5109 3389 5178 inopiam
3437 5111 3562 5159 sunt
3615 5101 3737 5156 red-

2156 5193 2306 5285 acti.]
2325 5193 2436 5266 Non
2455 5209 2595 5264 enim
2614 5206 2854 5261 absolute
2867 5203 3022 5270 dixit,
3037 5201 3255 5256 Aluislis
3273 5213 3380 5262 me,
3401 5196 3492 5251 sed
3511 5193 3737 5256 addidit,

2160 5284 2537 5361 Esurientem:
2577 5299 2911 5360 Esurientem,
2951 5293 3140 5363 inquit,
3173 5306 3252 5344 me
3287 5287 3502 5351 vidistis,
3551 5294 3599 5338 et
3648 5284 3739 5336 de-

2157 5397 2304 5452 distis
2320 5395 2444 5449 mihi
2465 5390 2770 5446 manducare
2799 5387 3010 5458 (Matth.
3038 5383 3130 5438 9.5.
3161 5380 3274 5451 '55).
3302 5377 3457 5447 Quod
3481 5376 3524 5431 si
3553 5389 3743 5446 quem-

2159 5489 2240 5544 vis
2277 5486 2607 5542 esurientem
2652 5478 2858 5536 nutrire
2887 5489 3022 5549 opus
3051 5482 3165 5539 est;
3212 5469 3382 5526 multo
3421 5469 3591 5536 magis
3620 5479 3740 5519 cum

2224 5704 2298 5765 (a)
2323 5701 2514 5752 Uncinis
2530 5697 2692 5750 clausa
2709 5694 2927 5765 deerant
2941 5690 3019 5765 in
3033 5682 3385 5765 Qi‘tgisﬂ‘f}
3403 5675 3582 5730 Codice
3606 5671 3746 5725 Coi!-

2162 5745 2590 5819 imiiiio'i'éEiiiuia"
2607 5745 2723 5809 sunt
2750 5764 2800 5806 et
2823 5767 2851 5805 a
2874 5750 3056 5802 ﬁobilio
3079 5749 3206 5800 lecta
3228 5745 3389 5796 fuere.
