4046 6210
365 207 474 264 187

362 323 528 386 κότες
559 322 812 394 βιάζεσθε
858 324 932 397 μὴ
963 327 1352 400 ἀπολειφθῆναι
1384 335 1539 404 ήμῶν
1573 337 1630 391 ἐν
1661 341 1782 403 ταῖς
1821 339 1932 393 θλί-

361 414 549 484 φασιν,
586 415 723 470 ἀλλά
766 417 875 472 τῶν
920 419 1059 491 ὑπὲρ
1100 421 1194 475 τοῦ
1247 423 1580 494 Εὐαγγελίου
1618 431 1941 502 πειρασμῶν

363 508 714 577 κοινωνῆσαι,
751 510 843 563 καὶ
888 512 1051 580 μηδὲν
1088 511 1307 567 ἔλαττον
1349 517 1486 586 ἐμοῦ
1533 518 1676 589 ἔχειν
1716 522 1812 576 τοῦ
1861 525 1942 588 είς

362 597 494 659 τοὺς
520 596 738 664 ἀγῶνας
768 600 1155 669 ἐμϐεϐηκότας,
1188 604 1340 657 αὐτοὶ
1381 608 1428 658 οί
1461 608 1741 680 πόρρωθεν
1766 610 1939 676 ὄντες,

362 685 579 745 δίκαιός
627 687 742 757 είμι
771 687 942 740 ταῦτα
991 692 1310 759 μαρτυρεῖν.
1344 693 1442 744 Διά
1480 695 1532 746 τί
1574 696 1631 747 δὲ
1657 697 1757 750 οὐκ
1796 694 1940 762 εἷπε,

367 775 702 840 Κοιπιωνοῦς,
736 774 904 840 ἀλλὰ,
935 779 1412 846 Συγηιοινωνούα
1454 785 1563 836 Kal
1601 785 1764 850 αὐτὸς
1809 788 1940 857 ἐγὼ,

367 864 558 933 φησιν,
587 863 756 934 ἑτέρῳ
777 865 1036 929 κοινωνῶ,
1070 867 1156 920 ἵνα
1180 869 1422 939 γένωμαι
1465 875 1824 940 συγκοινωνὸς
1848 875 1941 929 τοῦ

368 953 743 1022 Εὐαγγελίου·
771 956 1068 1020 τουτέστιν,
1099 958 1186 1012 ῖνα
1228 962 1542 1031 κοινωνήσω
1567 963 1674 1016 τῶν
1720 968 1944 1019 ἀποκει-

375 1044 558 1114 μένων
586 1045 808 1113 ἀγαθῶν
835 1047 914 1118 τῷ
940 1048 1274 1120 Εὐαγγελίῳ.
1304 1051 1413 1105 Kal
1433 1053 1494 1105 τὸ
1522 1054 1585 1124 δὴ
1607 1054 1942 1125 θαυμαστὸν,

371 1137 436 1190 τὸ
459 1136 665 1200 πάντας
685 1137 883 1202 αὐτοὺς
906 1138 1048 1192 οὕτω
1068 1140 1370 1196 διακεῖσθαι
1393 1143 1535 1197 ὥστε
1555 1149 1945 1214 συγκοινιωνούς

371 1227 590 1280 Παύλου
625 1227 870 1283 ἀκούειν·
903 1233 1348 1299 Συγκοινωνούς
1376 1251 1495 1302 μου
1516 1236 1584 1303 γά
1594 1254 1644 1308 ρ,
1669 1237 1818 1308 φησι,
1839 1237 1946 1306 τῆς

367 1319 616 1388 χάριτος
659 1320 892 1386 πάντας
929 1319 1084 1391 ὑμᾶς
1115 1322 1463 1390 ὄντας.Ἀπὺ
1501 1328 1608 1381 τῶν
1652 1331 1946 1400 προοιμίων

366 1407 557 1462 τοίνυν
611 1409 816 1466 τούτων
870 1411 1122 1475 πέποιθα,
1149 1416 1232 1468 ὅτι
1273 1416 1503 1470 τοιοῦτοι
1543 1419 1732 1472 ἔσεσθε
1783 1421 1945 1492 μέχρι

367 1497 584 1561 τέλους.
616 1500 690 1553 Οὐ
715 1501 824 1568 γὰρ
860 1500 939 1554 ένι
976 1501 1118 1556 οὕτω
1154 1503 1414 1575 λαμπρὰν
1443 1508 1617 1578 ἀρχὴν
1656 1509 1947 1580 σϐεσθῆναι

369 1590 471 1641 καὶ
503 1588 686 1654 λῆξαι,
717 1590 852 1644 ἀλλὰ
882 1593 1092 1662 μεγάλα
1113 1595 1354 1650 δείκνυσι
1374 1601 1443 1651 τά
1463 1599 1614 1670 τέλη.

442 1703 509 1755 δ’.
559 1701 712 1754 Ἐπεὶ
735 1699 828 1755 οῦν
861 1701 974 1756 ἐστι
1001 1707 1322 1778 κοινωνῆσαι
1354 1711 1444 1762 καὶ
1474 1711 1680 1782 ἐτέρως.
1707 1714 1945 1784 χάριτος,

372 1792 472 1844 καὶ
527 1795 848 1865 πειρασμῶν
899 1798 993 1850 καὶ
1041 1797 1304 1868 θλίψεων,
1353 1803 1716 1873 κοινωνῶμεν,
1772 1822 1950 1877 παρα-

373 1883 552 1948 καλῶ,
576 1886 672 1937 καὶ
699 1886 884 1956 ἡμεῖς.
918 1888 1079 1942 Πόσοι
1115 1889 1224 1943 τῶν
1252 1891 1484 1945 ἐνταῦθα
1513 1892 1779 1959 ἑστώτων,
1814 1896 1949 1966 μᾶλ-

373 1971 466 2025 λον
491 1974 550 2026 δὲ
581 1974 800 2039 πάντες,
832 1977 1115 2032 ἐϐούλεσθε
1153 1983 1479 2051 κοινωνῆσαι
1509 1983 1585 2053 τῷ
1616 1984 1812 2057 Παύλῳ
1842 1986 1950 2040 τῶν

374 2065 758 2134 ἀποκειμένων
789 2067 1041 2134 ἀγαθῶνί
1068 2071 1336 2135 Ἐνεστιν,
1364 2075 1412 2125 εί
1442 2073 1692 2143 βούλεσθε
1719 2080 1829 2140 τοῖς
1851 2077 1949 2150 τὴν

374 2154 650 2208 διακονίαν
680 2157 1124 2230 ἀναδεδεγμένοις
1149 2163 1248 2232 τὴν
1283 2164 1512 2230 ἐκείνου,
1546 2169 1657 2230 τοῖς
1683 2169 1948 2240 πάσχουσί

375 2263 428 2299 τι
461 2247 634 2302 δεινὸν
683 2248 773 2303 διὰ
813 2251 906 2304 τὸν
954 2253 1186 2322 Χριστὸν
1230 2256 1608 2326 συμμαχῆσαι,
1655 2258 1945 2329 βοηθῆσαι.

376 2335 531 2402 Εἶδες
556 2341 618 2392 ἐν
648 2341 939 2413 πειρασμῷ
965 2343 1055 2396 τὸν
1084 2344 1344 2412 ἀδελφὸν;
1378 2341 1571 2417 ὄρεξον
1590 2349 1769 2422 χεῖρα.
1794 2346 1947 2415 Εἶδες

373 2429 466 2482 τὸν
507 2430 828 2485 διδάσκαλον
898 2433 1342 2504 ἀγωνιζόμενον;
1399 2439 1730 2511 παράστηθι.
1805 2441 1946 2494 Ἀλλ’

373 2518 732 2583 οὐδεὶς.κατά
765 2520 975 2575 Παῦλόν
1016 2525 1153 2589 ἐστι,
1196 2524 1380 2594 φησίν.
1431 2526 1646 2591 Εὐθέως
1678 2529 1906 2583 ἀπόνοια
1930 2569 1945 2595 ,

374 2610 581 2674 εὐθέως
611 2612 910 2683 κρίνουσιν.
953 2615 1144 2679 Οὐδεὶς
1187 2615 1327 2669 κατὰ
1363 2617 1575 2673 Παῦλόν
1605 2621 1744 2685 ἐστι,
1792 2621 1950 2690 κάγὼ

372 2701 624 2771 ὁμολογῶ
643 2718 658 2732 ·
689 2702 807 2756 ἀλλ’
859 2703 920 2757 '0
953 2703 1300 2774 δεχόμενος,
1337 2709 1491 2776 φησὶ,
1523 2708 1831 2778 προφήτην
1859 2711 1949 2776 είς

372 2793 562 2861 ὄνομα
589 2792 925 2862 προφήτου,
961 2795 1187 2864 μισθὸν
1213 2797 1525 2865 προφήτου
1547 2800 1827 2868 λήψεται.
1854 2802 1946 2873 Μὴ

374 2883 486 2952 γὰρ
514 2884 717 2937 ἐκεῖνοι
757 2883 849 2937 διὰ
878 2883 1039 2938 τοῦτο
1080 2883 1470 2956 ἐθαυμάζοντο,
1522 2889 1708 2961 ἐπειδὴ
1753 2889 1950 2963 Παύλῳ

376 2971 783 3044 συνέπραττον;
823 2973 896 3027 υύ
939 2972 1028 3028 διὰ
1070 2972 1251 3039 τοῦτο,
1301 2975 1416 3029 ἀλλ’
1445 2976 1632 3048 ἐπειδὴ
1683 2979 1947 3044 ἀναδεξα⁸

375 3063 528 3134 μένῳ
577 3063 642 3117 τὸ
699 3065 982 3139 κήρυγμα.
1043 3065 1252 3131 Παῦλος
1309 3067 1396 3120 διὰ
1431 3067 1589 3122 τοῦτο
1637 3068 1816 3140 τίμιος
1857 3065 1946 3141 ῆν,

375 3153 568 3226 ἐπειδὴ
604 3154 780 3210 ταῦτα
803 3157 1011 3228 ἔπασχε
1044 3157 1136 3212 διὰ
1166 3159 1258 3212 τὸν
1300 3158 1447 3230 (900)
1484 3160 1740 3230 Χριστόν.
1789 3163 1948 3217 Κατὰ

375 3246 592 3300 Παῦλον
641 3246 742 3316 μέν
794 3247 972 3312 οὐδείς
1017 3251 1155 3302 ἐστι.
1197 3249 1262 3302 Τί
1313 3250 1458 3320 λέγω
1504 3252 1647 3306 κατά
1701 3252 1944 3319 Παῦλονς

371 3336 539 3390 ’Δλλά
567 3337 692 3390 οὐδέ
711 3337 853 3390 κατά
879 3338 1074 3410 μικρὸν
1095 3339 1262 3408 ἐγγὺς
1282 3340 1374 3394 τοῦ
1409 3341 1676 3412 μακαρίου
1691 3343 1899 3397 ἐκείνου
1921 3358 1935 3373 ·

375 3428 437 3484 τὸ
466 3428 524 3482 δὲ
561 3431 829 3500 κήρυγμα
868 3430 929 3484 τὸ
969 3431 1100 3484 αὐτό
1133 3433 1300 3499 ἐστιν,
1338 3432 1474 3504 ὅπερ
1515 3433 1610 3487 καὶ
1653 3433 1796 3489 τότε.
1835 3435 1949 3488 Οὐκ

372 3523 433 3574 ἐν
455 3521 686 3596 ’δεσμοῖς
709 3520 767 3573 δέ
803 3520 917 3574 δντι
950 3522 1109 3592 μόνον
1146 3523 1462 3577 ἐκοινώνουν
1491 3524 1661 3596 αὐτῷ,
1692 3524 1828 3578 ἀλλά
1856 3523 1950 3577 καὶ

374 3591 656 3683 ἐξάρχῆς
679 3628 693 3642 ·
729 3612 893 3668 ἄκουε
945 3591 1054 3685 γὰρ
1100 3614 1266 3668 αὐτοῦ
1310 3591 1846 3683 λέγοντοςονοτδατε
1883 3615 1951 3668 δὲ

373 3705 475 3758 καί
504 3703 696 3774 ὑμεῖς,
717 3701 1128 3770 Φιλιππήσιοι,
1158 3703 1244 3756 ὅτι
1274 3704 1346 3758 ἐν
1368 3703 1526 3773 ἀρχηῇ
1555 3702 1662 3758 τοῦ
1688 3705 1949 3773 Εὐαγγε-

370 3797 516 3849 ,ιίου
566 3793 814 3864 οὐδεμία
864 3811 969 3864 μοι
1026 3795 1360 3864 Ἐκκλησία
1422 3793 1824 3864 ἐκοινώνησεν
1863 3797 1950 3862 είς

370 3885 567 3952 λόγον
609 3882 840 3948 δόσεως
875 3883 970 3936 καί
1001 3883 1279 3951 λήψεως,
1318 3885 1370 3937 εί
1417 3881 1505 3953 μὴ
1543 3883 1712 3954 ὑμεῖς
1749 3885 1946 3954 μόνοι.

373 3975 490 4027 Καὶ
523 3972 693 4045 χωρὶς
743 3973 1062 4044 πειρασμῶν
1099 3972 1155 4025 δὲ
1204 3973 1317 4042 ἔχει
1350 3973 1516 4027 πολὺν
1552 3972 1584 4025 ὁ
1632 3972 1950 4036 διδάσκαλος

373 4063 562 4127 πόνον,
586 4061 917 4132 ἀγρυπνίαν,
960 4061 1126 4116 κόπον
1164 4061 1255 4115 τὸν
1289 4064 1347 4115 ἐν
1389 4062 1551 4132 λόγῳ,
1579 4061 1947 4125 διδασκαλίαν,

376 4153 643 4225 μέμψεις,
696 4152 1068 4223 κατηγορίας,
1118 4151 1317 4216 αἰτίας,
1375 4152 1693 4222 βασκανίας.
1762 4153 1951 4225 Μικρά

373 4244 578 4311 ταῦτα,
610 4244 672 4298 τὸ
704 4244 915 4315 μυρίων
943 4242 1235 4313 ἀνέχεσθαι
1271 4243 1574 4313 στομάτων,
1598 4243 1717 4309 ἐξὸν
1746 4244 1814 4297 τὰ
1850 4245 1951 4298 αὐ-

373 4336 474 4390 τοῦ
521 4336 825 4407 μεριμνᾷν;
860 4335 1038 4406 Οίμοι,
1069 4334 1124 4386 τί
1165 4332 1356 4400 πάθω;
1383 4335 1440 4386 ἐν
1478 4333 1625 4404 μέσῳ
1673 4333 1818 4388 δυοῖν
1863 4335 1952 4388 ἐν-

375 4426 729 4496 απείλημμαι
759 4426 1100 4496 πραγμάτων
1140 4423 1363 4496 ἀπορῶν
1381 4439 1394 4452 ·
1422 4423 1682 4494 βούλομαι
1719 4425 1817 4496 μὲν
1843 4425 1952 4496 γὰρ

377 4517 476 4573 καὶ
527 4516 832 4589 προτρέψαι
887 4515 1053 4585 ὑμᾶς,
1101 4516 1197 4568 καὶ
1244 4514 1624 4584 παρακαλέσαι
1662 4515 1798 4587 πρὸς
1853 4516 1952 4586 τὴν

379 4607 702 4680 συμμαχίαν
731 4606 825 4659 καὶ
860 4604 959 4676 τὴν
1005 4604 1288 4674 ἀντίληψιν
1313 4603 1422 4658 τῶν
1446 4604 1616 4673 ἁγίων
1640 4603 1735 4657 τοῦ
1773 4603 1908 4658 Θεοῦ
1933 4619 1946 4634 ’

378 4702 594 4756 δέδοικα
619 4699 678 4752 δὲ
706 4697 782 4769 μὴ
815 4697 1002 4768 ἐτερόν
1028 4713 1114 4760 τις
1154 4696 1492 4769 ὑποπτεύσῃ,
1537 4696 1620 4750 ὅτι
1663 4697 1760 4766 οὐχ
1800 4697 1954 4767 ὑμῶν

376 4794 590 4857 ἕνεκεν,
625 4789 740 4842 ἀλλ’
773 4787 994 4841 ἐκείνων
1023 4785 1198 4841 ταῦτα
1247 4784 1408 4855 λέγω.
1445 4786 1588 4838 Ἰστε
1620 4783 1697 4849 δὲ,
1743 4785 1822 4837 ὅτι
1855 4786 1954 4839 οὐκ

377 4881 608 4934 ἐκείνων
637 4879 823 4932 ἕνεκεν
861 4877 1031 4930 ταῦτα
1071 4875 1234 4946 λέγω,
1284 4873 1398 4930 ἀλλ’
1431 4873 1583 4945 ὐμῶν
1614 4875 1812 4928 αὐτῶν.
1845 4876 1952 4928 Kal

379 4974 431 5024 εξ
463 4969 721 5041 βούλεσθε
761 4969 1070 5039 προσέχειν,
1114 4968 1181 5022 δι’
1223 4966 1400 5021 αὐτῶν
1429 4965 1538 5020 τῶν
1587 4965 1761 5034 λόγων
1809 4965 1952 5034 ὑμᾶς

383 5063 594 5117 πείθω·
629 5063 731 5116 οὐκ
768 5061 913 5114 ἐστιν
967 5061 1079 5113 ῐσον
1124 5060 1250 5128 ὑμῖν
1299 5059 1360 5112 τὸ
1400 5058 1612 5130 κέρδος,
1659 5057 1951 5121 κάκείνοις.

395 5156 588 5225 Ὑμεῖς
622 5153 722 5224 μὲν
772 5152 881 5222 γάρ
918 5150 1013 5203 ἐὰν
1059 5150 1218 5212 δῶτε,
1266 5149 1436 5204 ταῦτα
1486 5147 1708 5213 δώσετε,
1748 5140 1823 5201 ὧν
1860 5148 1955 5201 καὶ

384 5247 584 5319 μικρὸν
607 5243 832 5313 ὕστερον
857 5241 950 5294 καὶ
967 5242 1184 5304 ἑκόντες
1210 5241 1303 5293 καὶ
1319 5240 1541 5302 ἄκοντες
1557 5239 1953 5311 ἀποστῆσεσθε,

378 5341 478 5394 καὶ
508 5333 942 5406 παραχωρήσετε
972 5332 1177 5403 ἑτέροις
1201 5347 1215 5363 ·
1239 5330 1276 5384 ἃ
1318 5329 1374 5382 δέ
1411 5328 1726 5400 λαμϐάνεις,
1775 5329 1956 5401 πολλῷ

381 5428 602 5501 μεγάλα
639 5428 758 5481 ἐστὶ
791 5425 885 5480 καὶ
935 5423 1177 5496 μείζονα.
1229 5423 1302 5476 ’Ἡ
1341 5421 1439 5491 οὐχ
1489 5419 1630 5474 οῦτω
1658 5420 1952 5488 διάκεισθε,

375 5522 464 5576 δτι
509 5517 748 5580 διδόντες
795 5515 1063 5587 λήψεσθε;
1118 5516 1182 5569 Et
1226 5515 1334 5585 γὰρ
1387 5512 1462 5584 μὴ
1491 5511 1633 5566 οὕτω
1657 5513 1950 5578 διάκεισθε,

380 5612 504 5667 οὐδὲ
526 5609 714 5666 δοῦναι
743 5609 885 5680 ὑμᾶς
910 5608 1208 5681 βούλομαι·
1242 5605 1415 5669 οὕτως
1439 5605 1504 5658 οὐ
1527 5603 1629 5660 τὸν.
1646 5605 1796 5676 ὑπὲρ·
1813 5604 1952 5660 ἐκεί-

1376 217 1442 272 ίΝ
1481 218 1694 278 εειετ.
1731 220 1822 278 AD
1859 222 2144 282 PHILIPP.
2191 227 2342 288 CAP.
2380 231 2422 287 l.
2467 231 2698 290 HOMIL.
2742 234 2784 290 I.

3507 240 3611 298 £83

2045 361 2151 398 νων
2180 347 2441 418 ποιοῦμαι
2463 349 2618 418 λόγον
2674 351 2734 403 Et
2757 350 2830 421 μή
2857 369 2938 416 τις
2961 352 3103 407 οὕτω
3133 355 3397 427 πρότερον
3420 357 3615 411 ἑαυτὸν

2041 437 2321 508 διέθηκεν,
2357 439 2433 503 ὡς
2479 440 2770 510 λαμϐάνων
2811 443 3074 516 μᾶλλονῆ
3115 445 3312 510 διδοὺς,
3359 446 3436 508 ὡς
3479 461 3611 514 κερ-

2041 529 2236 582 δαίνων
2265 531 2562 615 μυρία,.ὼς
2601 534 3058 604 εὐεργετούμενος
3095 535 3127 607 ἢ
3169 535 3494 607 εὐεργετῶν,
3539 538 3611 606 μὴ

2042 620 2256 692 διδότω·
2298 624 2347 676 εί
2392 624 2468 687 ὡς
2526 625 2685 696 χάριν
2735 627 2987 697 παρέχων
3022 627 3099 699 τῷ
3151 627 3503 700 λαμϐάνοντι,
3538 628 3612 697 μὴ

2042 708 2249 763 διδότω.
2285 712 2358 764 Οὐ
2391 713 2498 783 γὰρ
2535 714 2695 767 τοῦτό
2728 733 2818 784 μοι
2864 717 3325 787 περισπούδαστον
3362 718 3614 771 τοσοῦτον

2043 801 2315 870 τραφῆναι
2357 803 2483 865 τούς
2510 803 2696 871 ἁγίους
2723 822 2735 835 ·
2776 805 2877 858 κᾶν
2915 807 3024 878 γὰρ
3059 809 3122 860 σὺ
3167 809 3240 878 μὴ
3270 809 3397 878 δῷς,
3427 809 3615 878 ἔτερος

2044 889 2225 945 δώσει.
2260 892 2425 946 Ὥστε
2458 895 2486 946 ὃ
2519 895 2797 967 βούλομαι,
2817 897 2973 950 τοῦτό
2995 902 3160 964 ἐστιν,
3184 901 3329 969 ὑμᾶς
3355 899 3458 952 τῶν
3483 900 3615 970 ἱμε-

2044 981 2219 1052 τέρων
2263 985 2672 1055 ἁμαρτημάτων
2731 990 3081 1059 παραμυθίαν
3133 990 3312 1061 ἐχειν·
3366 993 3394 1044 ὁ
3433 991 3489 1044 δέ
3539 993 3612 1062 μὴ

2045 1071 2185 1125 οὕτω
2212 1073 2409 1140 διδοὺς,
2449 1079 2548 1148 οὐχ
2577 1079 2688 1144 ἐξει
2739 1080 3113 1150 παραμυθίαν.
3153 1084 3226 1135 Οὐ
3267 1081 3376 1152 γὰρ
3403 1081 3465 1135 τὸ
3492 1079 3613 1135 δοῦ-

2046 1181 2153 1228 ναι,
2186 1165 2344 1220 τοῦτό
2380 1170 2525 1222 ἐστιν
2553 1169 2926 1241 ἐλεημοσύνην
2964 1173 3323 1241 ἐργάσασθαι,
3373 1172 3510 1226 ἀλλὰ
3549 1172 3617 1226 τὸ

2050 1252 2185 1320 μετά
2232 1255 2559 1326 προθυμίας,
2598 1260 2658 1311 τὸ
2697 1259 2983 1329 χαίροντα,
3019 1261 3078 1314 τὸ
3120 1263 3280 1331 χάριν
3322 1262 3499 1315 εἰδότα
3537 1262 3614 1332 τῷ

2047 1340 2377 1408 λαμϐάνοντι
2406 1362 2418 1375 ·
2480 1346 2576 1414 Μὴ
2633 1349 2702 1401 ἐκ
2754 1349 2954 1417 λύπης
2985 1349 3128 1422 γὰρ,
3167 1351 3318 1420 φησὶ,
3365 1349 3514 1419 μηδὲ
3545 1352 3614 1416 ἐξ

2047 1432 2348 1502 ἀνάγκης·
2381 1438 2592 1505 ἱλαρὸν
2638 1441 2746 1509 γὰρ
2802 1441 2990 1508 δότην
3032 1442 3232 1512 ἀγαπᾷ
3264 1447 3298 1498 ό
3345 1447 3510 1510 Θεός.
3551 1447 3615 1499 Et

2051 1525 2124 1594 μή
2159 1542 2240 1587 τις
2275 1525 2452 1580 τοίνυν
2497 1530 2636 1582 οὓτω
2671 1531 2872 1596 δίδωσι,
2927 1534 3001 1604 μὴ
3036 1535 3266 1588 διδότω-’
3306 1535 3478 1605 ζημία
3507 1536 3616 1610 γὰρ

2049 1615 2204 1668 τοῦτό
2248 1617 2418 1683 ἐστιν,
2469 1620 2570 1672 οὐκ
2619 1622 2980 1695 ἐλεημοσύνη.
3038 1627 3099 1678 Et
3129 1626 3306 1680 τοίνυν
3360 1627 3494 1690 ίστε,
3534 1629 3617 1682 ὅτι

2051 1705 2208 1775 ὐμεῖς
2239 1708 2568 1778 κερδανεῖτε,
2609 1710 2709 1763 οὐκ
2747 1713 2965 1780 ἐκεῖνοι,
2999 1714 3134 1777 ἴστε,
3165 1716 3244 1767 ὅτι
3274 1717 3456 1784 μεῖζον
3488 1717 3616 1786 ὐιμῦν

2049 1796 2109 1848 τὸ
2143 1798 2334 1869 κέρδος
2372 1801 2601 1867 γίνεται.
2650 1803 2906 1868 Ἐκείνοις
2940 1805 3038 1875 μὲν
3067 1807 3174 1874 γὰρ
3212 1807 3271 1858 τὸ
3304 1807 3463 1876 σῶμα
3493 1808 3622 1877 τρέω

2051 1902 2231 1954 φεται,
2273 1889 2399 1957 ύμῖν
2432 1889 2488 1941 δὲ
2543 1893 2576 1960 ἡ
2624 1891 2769 1962 ψυχὴ
2828 1894 3142 1962 εὐδοκιμεῖ·
3197 1895 3420 1957 ἐκείνοις
3465 1896 3616 1950 οὐδὲν

2049 1973 2268 2040 ἀφίεται
2303 1975 2410 2028 τῶν
2452 1977 2886 2047 ἁμαρτημάτων,
2936 1979 3064 2032 ὅταν
3093 1979 3348 2046 λάϐωσιν,
3401 1982 3526 2050 ὑμῖν
3557 1982 3616 2034 δι

2047 2064 2114 2117 τά
2144 2064 2312 2118 πολλά
2335 2065 2442 2118 τῶν
2482 2070 2952 2139 προσκρουμάτων
2999 2071 3379 2140 ὑποτέμνεται.
3407 2072 3617 2125 Κοινω-

2049 2154 2228 2224 νῶμεν
2253 2156 2434 2209 τοίνυν
2459 2159 2639 2222 αὐτοῖς
2659 2159 2766 2212 τῶν
2793 2159 2989 2224 ἄθλων,
3015 2161 3102 2214 ἵνα
3135 2163 3228 2215 καὶ
3249 2161 3357 2215 τῶν
3391 2162 3618 2227 ἐκείνης

2049 2246 2464 2316 κοινωνήσωμεν
2515 2248 2768 2318 μεγάλων
2826 2249 3095 2305 ἐπάθλων.
3150 2251 3412 2315 Βασιλέας
3439 2264 3466 2292 α
3510 2254 3618 2306 uio-

2049 2335 2329 2400 ποιοῦντές
2369 2355 2534 2406 τινες,
2578 2341 2675 2410 οὐχ
2716 2340 2972 2411 ἡγοῦνται
3005 2342 3200 2396 διδόναι
3222 2341 3370 2416 [201]
3395 2344 3619 2415 μᾶλλον,

2048 2426 2080 2496 ἢ
2121 2426 2434 2497 λαμϐάνειν.
2465 2430 2785 2501 Υίοποίησαι
2812 2434 2875 2485 σὺ
2911 2432 3000 2486 τὸν
3045 2434 3311 2504 Χριστὸν,
3357 2435 3450 2489 καὶ
3472 2435 3615 2500 ἕξεις

2048 2517 2247 2588 πολλὴν
2264 2519 2584 2587 ἀσφάλειαν.
2612 2521 2802 2575 Βούλει
2822 2523 2915 2576 καὶ
2951 2524 3148 2594 Παύλῳ
3183 2527 3504 2597 κοινωνῆσαι
3528 2526 3615 2594 ςτί

2047 2606 2190 2677 λέγω
2221 2608 2438 2681 Παύλῳ,
2469 2611 2604 2664 ὅπου
2633 2628 2697 2681 γε
2723 2613 2955 2684 Χριστός
2983 2616 3132 2668 ἐστιν
3159 2615 3187 2668 ὁ
3215 2615 3546 2686 λαμϐάνωνς

2117 2794 2178 2843 ε’.
2217 2789 2336 2843 Ἵνα
2362 2789 2419 2844 δέ
2449 2789 2626 2861 είδῆτε
2648 2791 2728 2844 ὅτι
2750 2790 2902 2862 ὑμῶν
2934 2790 3118 2846 ἕνεκεν
3145 2791 3321 2846 πάντα
3344 2792 3436 2846 καὶ
3472 2793 3617 2863 λέγω

2047 2879 2142 2934 καὶ
2172 2880 2334 2944 ποιῶ,
2364 2881 2426 2934 οὐ
2455 2884 2553 2953 τῆς
2578 2883 2778 2952 ἐτέρων
2809 2882 3168 2946 ἀναπαύσεως
3207 2883 3500 2954 κηδόμενος
3523 2900 3537 2914 ·
3568 2883 3623 2937 ετ

2046 2970 2128 3034 τίς
2154 2971 2270 3025 ἐστι
2294 2971 2402 3025 τῶν
2424 2973 2782 3042 προεστώτων
2805 2973 3137 3045 Ἐκκλησίας
3157 2974 3214 3028 ἐν
3232 2973 3461 3045 ἀφθονίᾳ
3484 2973 3618 3041 ζῶν,

2048 3061 2140 3114 καὶ
2181 3063 2406 3134 μηδενὸς
2448 3065 2720 3135 δεόμενος,
2775 3065 2876 3119 κᾶν
2916 3067 3072 3134 ἅγιος
3103 3061 3159 3136 ᾖ,
3204 3064 3279 3136 μὴ
3330 3064 3456 3135 δῷς,
3486 3065 3624 3120 ἀλλὰ

2049 3150 2390 3220 προτίμησον
2416 3151 2626 3204 ἐκείνου
2651 3151 2740 3204 τὸν
2771 3152 2828 3205 ἐν
2847 3152 3003 3221 ἀδείᾳ
3029 3151 3176 3215 ὄντα,
3211 3151 3313 3205 κᾶν
3345 3152 3419 3222 μὴ
3451 3151 3621 3213 οὕτως

2046 3234 2080 3313 ᾗ
2113 3239 2442 3314 θαυμαστός.
2485 3243 2550 3294 Τί
2578 3242 2809 3312 δήποτε;
2846 3242 2970 3294 Ὅτι
3007 3242 3102 3296 καί¹
3138 3245 3166 3296 ό
3202 3243 3436 3313 Χριστὸς
3478 3242 3631 3294 οὕτω

2054 3330 2320 3400 βούλεται,
2358 3331 2433 3394 ὼς
2483 3333 2610 3385 ὅταν
2654 3331 2806 3404 λέγῃ·
2872 3333 3012 3387 Ἐὰν
3048 3331 3226 3401 ποιῇς
3275 3333 3545 3397 δεῖπνον,
3581 3335 3618 3401 ἢ

2046 3418 2314 3488 ἄριστον,
2338 3418 2424 3488 μὴ
2447 3420 2718 3487 καλέσῃς
2746 3419 2887 3486 τοὺς
2915 3421 3132 3489 φίλους
3154 3435 3291 3485 σου,
3310 3421 3465 3491 μηδὲ
3480 3421 3621 3488 τοὺς

2048 3493 2386 3582 συγγενεῖς,
2419 3509 2582 3565 ἀλλὰ
2613 3509 2758 3576 τοὺς
2784 3510 3155 3578 ἀναπήρους,
3194 3511 3336 3577 τοὺς
3361 3511 3616 3580 χωλοὺς,

2049 3603 2190 3674 τοὺς
2202 3602 2487 3671 τυφλοὺς,
2505 3601 2647 3668 τοὺς
2669 3605 2754 3671 μὴ
2782 3601 3160 3670 δυναμένους
3178 3601 3622 3656 ἀνταποδοῦναί

2049 3708 2168 3746 σοι.
2193 3692 2266 3745 Οὐ
2293 3693 2400 3762 γὰρ
2419 3691 2605 3755 ἁπλῶς
2633 3691 2714 3744 δεῖ
2727 3691 2822 3754 τὰς
2838 3690 3097 3754 τοιαύτας
3129 3689 3404 3758 δεξιώσεις
3421 3692 3617 3755 ποιεῖν,

2049 3784 2184 3838 ἀλλὰ
2214 3785 2328 3847 τοῖς
2361 3782 2637 3850 πεινῶσιν,
2663 3774 2800 3837 ἀλλὰ
2813 3787 2924 3847 τοῖς
2951 3781 3195 3852 διψῶσιν,
3221 3783 3354 3837 ἀλλά
3381 3786 3494 3845 τοῖς
3534 3799 3623 3850 γυ-

2053 3872 2429 3946 μνητεύουσιν,
2456 3873 2592 3927 ἀλλὰ
2629 3875 2742 3936 τοῖς
2774 3873 2970 3939 ξένοις,
3001 3870 3136 3926 ἀλλά
3177 3875 3286 3934 τοῖς
3319 3872 3425 3925 ἀπὸ
3457 3871 3621 3925 πλού-

2050 3983 2142 4019 του
2190 3965 2588 4035 πτωχεύσασιν.
2619 3964 2694 4018 Οὐ
2736 3963 2843 4033 γὰρ
2883 3959 3036 4018 εἶπεν
3079 3963 3286 4027 ἁπλῶς,
3318 3963 3619 4033 Ἐτρέιφην,

2052 4052 2186 4118 ἀλλ’,
2205 4052 2471 4106 Ἐπείνων
2487 4069 2499 4082 ·
2520 4051 2822 4106 Πεινῶντά
2833 4068 2910 4121 με
2932 4053 3062 4121 γὰρ,
3083 4053 3268 4122 φησιν,
3287 4051 3497 4114 εἴδετε,
3523 4050 3643 4104 καὶ⁴

2050 4141 2356 4210 ἐθρέψατε.
2375 4142 2604 4195 Διπλοῦν
2629 4143 2688 4194 τὸ
2715 4141 2988 4211 δικαίωμα
3006 4159 3019 4173 ·
3046 4143 3094 4194 εί
3117 4141 3171 4193 δὲ
3189 4143 3278 4194 τὸν
3303 4142 3488 4203 ἁπλῶς
3504 4159 3635 4196 πει-ι

2051 4234 2228 4288 νῶντα
2254 4234 2335 4287 δεῖ
2358 4234 2598 4304 τρέφειν,
2631 4232 2812 4302 πολλῷ
2853 4232 3076 4301 μᾶλλον,
3121 4233 3250 4285 ὅταν
3281 4233 3373 4284 καὶ
3417 4233 3566 4301 ἅγιος
3593 4237 3622 4286 ὁ

2054 4327 2252 4380 πεινῶν
2375 4328 2472 4378 Ἂν
2503 4325 2683 4378 τοίνυν
2711 4323 2865 4392 ἃγιος
2896 4322 2996 4393 μὲν
3021 4321 3079 4396 ᾖ,
3114 4323 3190 4393 μὴ
3218 4321 3402 4392 δέηται
3425 4322 3502 4386 δὲ,
3546 4326 3639 4392 μὴ·

2051 4417 2188 4485 δῷς·
2228 4417 2290 4468 οὐ
2341 4414 2451 4484 γὰρ
2504 4415 2693 4484 κέρδος
2745 4413 2933 4466 τοῦτο·
2989 4412 3122 4468 οὐδὲ
3159 4412 3268 4484 γὰρ
3308 4411 3568 4475 ἐπέταξεν
3587 4414 3631 4464 δ

2052 4506 2306 4578 Χριστὸς,
2342 4505 2540 4574 μᾶλλον
2573 4504 2630 4557 δέ
2667 4503 2790 4557 οὐδέ
2831 4502 2986 4571 ἅγιος
3021 4504 3226 4564 ἐκεῖνος
3250 4504 3278 4554 ὁ
3311 4503 3369 4554 ἐν
3390 4501 3621 4571 ἀφθονία

2052 4596 2149 4664 ὢν,
2190 4596 2285 4650 καὶ⁵
2326 4595 2639 4666 λαμϐάνων.
2681 4594 2875 4664 Ὁρᾷς,
2923 4594 3003 4646 ὅτι
3037 4592 3138 4646 οὐκ
3175 4591 3620 4664 αἰσχροκερδείας

2052 4688 2241 4741 ἕνεκεν
2275 4689 2409 4758 ἡμῖν
2449 4685 2624 4740 ταῦτα
2664 4683 2935 4746 λέλεκται,
2965 4681 3101 4736 ἀλλὰ
3126 4681 3220 4734 τοῦ
3256 4682 3386 4752 ὑμῖν
3414 4681 3638 4734 λυσιτεον

2052 4778 2302 4843 λοῦντος;
2331 4777 2539 4850 Θρέψον
2591 4776 2684 4830 τὸν
2722 4773 3012 4840 πεινῶντα,
3048 4774 3137 4826 ἵνα
3188 4773 3264 4844 μὴ
3314 4772 3518 4846 θρέψῃς
3560 4772 3624 4825 τὸ

2052 4872 2152 4939 τῆς
2179 4869 2402 4938 γεέννης
2439 4867 2547 4939 πῦρ
2567 4883 2582 4899 ·
2611 4869 2813 4930 ἐκεῖνος
2851 4864 3046 4920 ἐσθίων
3077 4864 3186 4918 ἀπὸ
3215 4865 3324 4917 τῶν
3363 4863 3492 4924 σῶν,
3527 4865 3623 4914 καὶ

2055 4960 2282 5028 λείψανα
2312 4958 2550 5027 ἁγιάζει.
2594 4959 2874 5028 Ἐννόησον
2907 4956 3025 5020 πῶς
3062 4955 3259 5027 ἔτρεφε
3293 4953 3385 5006 τὸν
3435 4953 3622 5005 Ἠλίαν

2025 5129 2028 5132 γ
2054 5053 2098 5121 ὴ,
2121 5051 2266 5122 χήρα
2288 5067 2302 5081 ·
2346 5051 2445 5104 οὐκ
2477 5049 2670 5123 ἔθρεψε
2705 5049 2928 5120 μᾶλλον,
2974 5049 3014 5120 ῆ
3038 5047 3279 5118 ἐτράφη·
3326 5044 3425 5098 οὐκ
3455 5043 3622 5096 ἔδωκε

2059 5142 2276 5215 μᾶλλον,
2306 5142 2338 5212 ἢ
2371 5141 2550 5194 ἐλαϐε.
2596 5141 2766 5196 Τοῦτο
2799 5141 2894 5194 καὶ¹
2927 5139 3020 5193 νῦν
3059 5138 3269 5207 γίνεται
3313 5135 3408 5187 καὶ
3445 5131 3623 5200 πολλῴ

2061 5234 2265 5304 μεῖζον.
2327 5233 2402 5288 Οὐ
2463 5232 2572 5303 γάρ
2629 5231 2786 5302 ὑδρία
2839 5229 3092 5300 ἀλεύρου,
3143 5226 3263 5279 οὐδέ
3325 5223 3623 5294 καμψάκης

2118 5504 2144 5532 ιι
2168 5489 2262 5540 llic
2304 5491 2368 5538 δι’
2388 5489 2769 5550 λόμοιοτέλευτον
2811 5480 3372 5550 ιιυαιραῳῇᾀεῇοῇεζιρηι,
3390 5493 3543 5550 -ιιυει
3562 5492 3631 5528 ειν

2015 5586 2018 5589 -
2056 5551 2357 5605 Coisuniano
2376 5541 2489 5599 Cod.
2510 5546 2742 5596 restiluta
2767 5541 2898 5597 sum.
2916 5542 3163 5597 Videlicet
3187 5541 3330 5603 Edd.,
3354 5541 3448 5591 τῶν
3470 5541 3632 5591 ἄθλων-

2058 5618 2153 5664 τῶν
2186 5611 2417 5676 μεγάλων.
2441 5609 2686 5665 Βασιλέας.
