4042 6212
325 305 428 364 I89

324 418 389 474 ad
418 415 526 474 cibi
549 413 931 471 necessitatem
961 413 1059 468 viri
1085 414 1342 468 sanctitas
1364 414 1670 468 accesserit.
1695 413 1901 482 Duplici

323 512 466 566 enim
496 507 715 562 nomine
759 503 996 559 oflicium
1038 503 1240 572 justum
1267 514 1350 558 est
1377 544 1392 568 ,
1425 502 1566 572 quod
1597 513 1650 557 et
1691 504 1742 556 in
1781 518 1903 556 san-

323 607 488 664 ctum,
522 604 577 650 et
607 596 658 648 in
706 595 1032 650 esurientem
1059 593 1358 648 confertur.
1393 595 1530 663 Ergo
1560 595 1602 647 si
1630 593 1750 662 quis
1775 607 1902 646 san-

325 701 440 744 ctus
465 687 680 758 quidem
710 685 887 750 fuerit,
921 685 1015 740 sed
1040 700 1143 738 non
1171 695 1343 754 egeat,
1373 685 1502 738 nihil
1533 686 1582 739 ei
1610 687 1772 738 dato:
1797 701 1900 737 tton

325 781 466 838 enim
501 779 603 833 hoc
650 779 854 831 lucrum
883 785 1000 836 est,
1055 791 1160 831 non
1212 774 1314 828 hoc
1342 775 1587 829 Christus
1615 777 1899 844 praecepit;

325 872 566 939 quiuimo
594 884 662 924 ne
679 875 897 922 sanctus
924 866 1138 936 quidem
1165 866 1251 920 ille
1271 866 1446 929 fuerit,
1480 866 1566 934 qui
1591 881 1709 918 cum
1737 866 1903 918 abun-

327 963 430 1028 det,
465 960 660 1028 accipit
689 970 888 1013 tamen.
932 954 1091 1011 Vides
1119 975 1223 1010 non
1258 960 1426 1025 turpis
1451 958 1580 1010 lucri
1608 971 1765 1009 causa
1791 955 1903 1009 haec

326 1069 350 1106 a
384 1068 469 1108 me
497 1067 618 1107 esse
646 1051 806 1115 dicta,
855 1049 947 1102 sed
1007 1058 1200 1102 vestrae
1244 1049 1504 1102 utilitatis.
1541 1049 1638 1102 Ale
1666 1049 1904 1101 esurien-

329 1155 426 1200 tem
451 1185 470 1210 ,
501 1153 559 1198 ut
586 1159 653 1198 ne
689 1142 800 1196 alas
821 1141 1078 1211 gehenna:
1107 1139 1278 1210 ignem
1323 1156 1337 1193 :
1373 1141 1462 1194 ille
1492 1141 1558 1193 de
1603 1141 1704 1194 tuis
1745 1139 1903 1192 rebus

325 1235 644 1297 comedens,
676 1247 794 1286 eam
825 1235 985 1285 etiam
1027 1239 1232 1300 partem
1282 1247 1401 1299 qua:
1442 1231 1532 1283 tibi
1569 1230 1900 1300 relinquitur,

325 1329 635 1384 sanctiﬁcat.
649 1322 1141 1396 Cogita,quomodo
1171 1323 1330 1377 vidua
1373 1323 1574 1376 Heliam
1601 1322 1812 1383 aluerit,
1841 1337 1904 1376 ac

325 1433 426 1472 non
447 1416 620 1486 magis
668 1413 864 1468 aluerit
893 1428 1051 1482 quam
1081 1413 1187 1466 alta
1216 1414 1316 1477 sit;
1342 1429 1446 1466 non
1477 1415 1644 1480 magis
1669 1411 1898 1475 dederit,

323 1523 476 1577 quam
511 1506 802 1576 acceperit.
837 1504 893 1558 ιιι
921 1521 1060 1558 nunc
1087 1503 1248 1559 etiam
1274 1504 1351 1566 ﬁt,
1382 1513 1436 1557 et
1462 1503 1627 1556 multo
1651 1504 1898 1571 amplius.

321 1599 432 1654 Non
455 1599 603 1653 enim
629 1597 815 1667 hydria
850 1595 1059 1660 farinte,
1085 1604 1178 1648 aut
1211 1595 1452 1665 lecytltus
1473 1594 1601 1659 olei,
1632 1594 1726 1648 sed
1753 1594 1903 1662 quid?

321 1691 632 1760 centuplum
653 1728 667 1753 ,
697 1699 754 1744 et
779 1687 883 1740 vita
913 1696 1114 1742 aeterna
1143 1686 1446 1758 hujusmodi
1488 1685 1681 1740 ofﬁciis
1711 1701 1904 1754 propo-

323 1783 422 1838 sita
455 1797 666 1837 merces
711 1790 811 1836 est.
855 1779 1218 1836 Misericordia
1250 1780 1372 1843 Dei,
1403 1780 1716 1834 alimentum
1745 1779 1903 1848 spiri-

326 1876 470 1929 tualc
501 1875 620 1938 tias,
667 1873 990 1928 fermentum
1019 1870 1313 1951 mundum.‘
1332 1871 1494 1923 Vidua
1527 1877 1645 1924 erat
1676 1870 1784 1934 illa,
1817 1886 1903 1921 ur-

328 1966 487 2036 gebat
538 1965 724 2031 fames,
760 1975 813 2019 et
842 1963 976 2017 nihil
1007 1964 1196 2017 horum
1243 1962 1622 2030 impedimento
1668 1961 1742 2014 illi
1777 1960 1900 2026 luit;

331 2056 562 2110 habebat
590 2055 752 2120 ﬁlios,
781 2070 953 2124 neque
997 2054 1120 2107 hinc
1163 2053 1321 2108 etiam
1374 2069 1432 2108 se
1468 2051 1727 2106 retardari
1756 2052 1899 2107 sitit.

327 2147 581 2216 {Equavit
613 2146 756 2200 illam
781 2186 796 2211 ,
823 2161 942 2215 qua:
969 2146 1114 2199 misit
1142 2144 1248 2199 duo
1277 2149 1480 2199 minuta
1508 2146 1557 2198 in
1585 2145 1906 2216 gazOphyla-

321 2239 485 2292 cium.
535 2236 655 2291 Non
685 2249 869 2291 secum
902 2236 1012 2306 ipsa
1043 2235 1177 2290 dixit
1207 2253 1221 2289 :
1259 2236 1387 2303 Qua:
1431 2236 1556 2290 mihi
1609 2237 1805 2292 utilitas
1835 2237 1904 2292 ob

324 2330 427 2386 hoc
454 2329 821 2399 exspectanda
848 2327 966 2383 est!
1010 2328 1124 2397 ipse
1149 2337 1272 2398 eget
1304 2344 1316 2378 :
1346 2330 1388 2381 si
1420 2327 1544 2398 quid
1593 2329 1780 2382 virium
1811 2328 1904 2382 ha-

322 2423 510 2488 beret,
569 2437 678 2476 non
730 2421 1006 2475 incidisset
1055 2419 1109 2474 in
1163 2419 1355 2474 famem
1387 2437 1401 2474 :
1434 2420 1724 2489 depulisset
1769 2419 1906 2474 hanc

317 2517 648 2580 siccitatem,
672 2528 780 2568 non
811 2512 998 2567 iisdem
1028 2519 1360 2581 premeretur
1382 2511 1534 2564 malis
1567 2531 1579 2566 :
1615 2511 1835 2565 forsitan
1853 2521 1906 2566 et

317 2609 430 2678 ipse
453 2607 511 2661 in
544 2606 636 2660 Dei
657 2604 1004 2659 offensionem
1029 2603 1274 2658 incurrit.
1318 2602 1458 2657 Nihil
1483 2603 1672 2657 horum
1699 2605 1902 2674 cogita-

317 2700 410 2754 vit.
445 2697 617 2754 Vides
659 2704 916 2768 quantum
958 2696 1083 2751 boni
1113 2696 1183 2750 sit
1225 2695 1479 2750 adhibere
1509 2695 1904 2764 simplicitatem

317 2792 368 2844 in
395 2787 810 2853 benefaciendo,
844 2801 943 2842 nec
964 2787 1122 2842 nimis
1150 2789 1361 2842 curiose
1393 2786 1442 2839 iu
1465 2801 1585 2840 eum
1611 2786 1896 2855 inquirere,

1218 300 1284 356 IN
1321 297 1536 357 EPIST.
1576 301 1670 356 AD
1708 300 1990 355 Pllll.lPP.
2034 301 2186 356 CAP.
2231 301 2270 354 l.
2314 301 2539 357 llOMlL.
2575 301 2635 355 ll.

3490 308 3592 365 I90

2011 414 2100 482 qui
2150 414 2465 468 beneﬁcium
2499 416 2566 469 sit
2628 420 2984 486 accepturus?
3024 420 3080 476 Si
3111 421 3286 476 omnia
3339 425 3591 486 voluisset

2013 506 2170 558 nimia
2205 507 2431 574 quadam
2461 509 2732 576 diligentia
2756 511 3083 578 expendere,
3117 515 3278 566 multa
3306 515 3443 570 illius
3473 532 3585 571 am.

2011 611 2152 648 nium
2184 595 2400 651 diverse
2432 599 2756 662 traxissent,
2792 616 2888 654 nec
2918 600 3072 656 ﬁdem
3112 602 3404 659 ltabuiset.
3437 606 3508 659 ιω
3533 617 3588 665 et

2010 686 2276 740 Abraham
2302 689 2343 740 si
2372 691 2583 743 curiose
2610 706 2767 760 agerc
2787 693 3065 755 voluisset,
3085 696 3304 764 angelos
3334 712 3438 750 non
3470 712 3588 752 sus-

2009 779 2262 846 cepisset.
2282 779 2419 832 Fieri
2451 781 2591 834 enim
2624 783 2839 837 minime
2861 795 3053 852 potest,
3071 785 3206 849 ﬁeri,
3228 787 3463 856 inquam,
3486 803 3592 842 non

2013 878 2203 935 potest,
2239 880 2293 921 ut
2325 872 2412 936 qui
2458 880 2561 923 tulit
2596 882 2806 927 tenuem
2840 875 3064 944 singulis
3107 877 3402 946 quibusque
3432 878 3594 932 rebus

2009 961 2378 1013 examinandis
2405 961 2731 1030 diligentiam
2777 964 3012 1029 adltibet,
3039 976 3224 1018 sancto
3250 967 3452 1021 homini
3493 969 3591 1021 ali-

2009 1051 2223 1119 quando
2253 1054 2478 1122 benigne
2517 1054 2708 1119 faciat,
2742 1056 2835 1109 sed
2878 1057 3113 1110 oumium
3143 1062 3374 1114 maxime
3407 1061 3590 1115 incidit

2011 1142 2061 1194 in
2117 1143 2462 1211 impostores.
2515 1145 2581 1198 Et
2611 1146 2881 1214 quomodo
2910 1148 3070 1212 istud,
3106 1165 3207 1218 ego
3255 1151 3447 1203 dicam.
3498 1152 3588 1206 Vir

2011 1235 2129 1302 pius
2157 1250 2260 1286 non
2291 1233 2391 1287 boc
2413 1235 2618 1289 affectat
2650 1278 2664 1301 ,
2699 1246 2753 1290 ut
2785 1239 2902 1306 pius
2941 1237 3202 1303 videatur,
3235 1257 3406 1309 neque
3453 1241 3591 1296 hanc

2008 1325 2108 1378 sibi
2139 1341 2419 1392 personam
2446 1329 2556 1380 vult
2581 1330 2874 1397 imponere,
2904 1331 3111 1384 etiamsi
3132 1331 3364 1385 futurum
3389 1333 3585 1395 videat,

2010 1426 2065 1469 ut
2093 1415 2386 1484 despic:itui
2421 1418 2677 1472 ltabcatur
2707 1439 2719 1474 :
2746 1421 3006 1489 impostor
3025 1430 3239 1486 autem,
3268 1423 3467 1490 quippe.
3498 1423 3588 1491 qtti

2009 1521 2121 1558 rem
2140 1506 2276 1559 hanc
2305 1507 2434 1559 artis
2465 1509 2580 1560 loco
2609 1508 2765 1562 habet
2789 1551 2803 1575 ,
2837 1511 3046 1564 eximia)
3074 1511 3347 1580 cujusdam
3381 1513 3588 1580 pietatis

2009 1597 2243 1665 speciem
2265 1598 2487 1652 artiﬁcio
2518 1600 2583 1652 ad
2606 1601 3111 1669 deprehendendum
3139 1603 3453 1658 difﬁcillimo
3484 1621 3591 1674 pra:

2008 1701 2067 1740 se
2096 1688 2216 1741 fert.
2247 1687 2604 1754 Quamobrem
2639 1691 2715 1755 fit,
2749 1699 2803 1744 ut
2833 1692 2922 1745 ille
2947 1694 3183 1761 quidem,
3213 1695 3300 1762 qui
3320 1698 3479 1749 etiam
3521 1697 3585 1750 iis

2007 1779 2095 1846 qui
2135 1794 2237 1832 non
2271 1779 2518 1833 videntur
2545 1782 2612 1849 pii
2639 1823 2653 1846 ,
2689 1781 2914 1850 benigne
2943 1783 3085 1847 facit,
3117 1784 3167 1837 in
3192 1785 3308 1853 pios
3347 1786 3543 1840 incidat
3572 1805 3586 1838 :

2008 1873 2095 1940 qui
2124 1880 2302 1926 autem
2331 1888 2423 1926 eos
2475 1874 2618 1927 St‘lOS
2649 1875 2839 1938 qttwrit
2866 1874 2956 1944 qui
2987 1876 3054 1943 pii
3086 1877 3480 1942 existimantur,
3507 1881 3586 1932 in-

2008 1963 2146 2016 cidat
2174 1977 2410 2033 pet-smpe
2462 1965 2512 2016 in
2564 1963 2773 2033 impios.
2811 1964 3049 2019 Obsecro
3092 1966 3269 2035 igitur,
3321 1969 3498 2022 omnia
3533 1969 3586 2024 in

2008 2054 2346 2124 simplicitate
2378 2054 2650 2107 faciamus.
2685 2055 2810 2108 Esto
2839 2055 3002 2121 enim,
3029 2057 3117 2126 qui
3145 2056 3211 2110 ad
3235 2072 3330 2111 nos
3357 2059 3585 2125 accedit,

2009 2148 2076 2201 sit
2101 2149 2392 2210 impostor;
2419 2162 2520 2199 non
2555 2157 2727 2199 tamen
2753 2146 2934 2214 jussus
2962 2161 3020 2202 es
3052 2147 3166 2201 lucc
3192 2149 3402 2203 curiose
3431 2163 3585 2202 scru-

2011 2237 2108 2288 tari
2140 2251 2153 2286 :
2185 2234 2338 2288 Omni
2367 2236 2506 2288 enim
2530 2277 2544 2297 ,
2579 2235 2767 2304 inquit,
2798 2252 2829 2288 α
2860 2246 2906 2289 te
2928 2238 3112 2305 petenti
3140 2238 3301 2292 tribue
3334 2238 3498 2309 (Luc.
3529 2240 3589 2294 6.

2010 2326 2098 2396 50)
2125 2343 2137 2389 ;
2170 2335 2243 2390 et,
2277 2327 2376 2390 Qui
2405 2329 2674 2380 trahuntur
2695 2327 2764 2379 ad
2792 2329 3068 2394 interitum,
3103 2329 3318 2384 liberare
3344 2348 3405 2384 ne
3429 2347 3590 2388 Cesset

2015 2417 2192 2488 (Prov.
2227 2417 2316 2471 24.
2350 2416 2438 2488 11)
2473 2419 2752 2487 :quamvis
2783 2420 2931 2473 multi
2956 2436 3140 2474 eormn
3170 2421 3260 2491 qui
3289 2431 3547 2477 necantur
3570 2464 3584 2487 ,

2011 2509 2062 2562 in
2095 2508 2404 2562 criminibus
2447 2508 2768 2578 deprehensi
2802 2525 2862 2564 ea
2892 2525 3043 2578 poma
3091 2513 3326 2566 mulctati
3359 2513 3590 2580 fuerint;

2010 2601 2128 2666 sed,
2163 2600 2245 2654 Ne
2274 2618 2454 2665 cesses,
2487 2602 2676 2670 inquit.
2710 2601 2783 2655 Ita
2813 2601 3014 2656 similes
3041 2603 3170 2669 Deo,
3201 2605 3270 2659 ita
3301 2605 3591 2659 admirabi-

2012 2694 2088 2747 les
2113 2695 2330 2754 erimus.
2363 2702 2415 2747 et
2446 2694 2764 2748 immerlalia
2788 2694 2924 2748 bona
2954 2708 3344 2763 consequemur
3367 2698 3592 2766 :quibus

2013 2788 2214 2840 utinam
2236 2785 2380 2855 digni
2411 2785 2727 2853 efﬁciantur,
2751 2797 2853 2841 etc.

1739 2989 2083 3052 HOMILIA
2129 2993 2207 3052 Il.

314 3145 442 3203 CAP.
479 3143 506 3198 1
523 3183 538 3196 .
563 3157 616 3194 v.
648 3139 702 3194 8.
735 3137 894 3192 Testis
920 3144 990 3190 est
1018 3135 1141 3188 nti/ti
1167 3133 1320 3200 Deus,
1349 3132 1602 3204 quomodo
1628 3148 1713 3186 vos
1739 3149 1908 3188 omnes

385 3233 602 3302 cupiam
634 3231 687 3282 in
716 3227 988 3280 visceribus
1011 3223 1137 3279 Jesu
1167 3222 1371 3277 Christi.
1401 3222 1454 3277 9.
1488 3221 1553 3275 Et
1582 3223 1676 3275 hoc
1703 3238 1813 3287 oro,
1856 3231 1910 3274 ut

387 3322 585 3378 caritas
608 3328 774 3374 vestra
794 3317 963 3369 adhuc
988 3315 1148 3385 magis
1164 3330 1224 3366 ac
1246 3313 1405 3383 magis
1431 3312 1649 3365 abundet
1672 3313 1722 3364 in
1751 3311 1911 3366 scien-

388 3416 462 3470 tia
511 3422 567 3468 et
607 3411 748 3462 omni
775 3425 922 3462 sensu
948 3423 967 3460 :
1001 3406 1082 3461 i0.
1114 3415 1170 3459 ut
1200 3405 1417 3474 probetis
1447 3404 1665 3473 potiora,
1716 3411 1768 3456 ut
1803 3402 1911 3458 sitis

387 3501 587 3558 sinceri
611 3510 658 3553 et
677 3500 785 3552 sine
810 3495 1003 3563 offensa
1031 3497 1081 3548 in
1105 3495 1237 3547 diem
1261 3493 1467 3554 Clu-isti,
1493 3493 1579 3546 ll.
1599 3492 1775 3562 repleti
1799 3496 1912 3561 fru-

386 3595 565 3650 ctibus
581 3591 800 3663 justith
818 3604 906 3658 per
934 3587 1110 3640 Iesum
1129 3583 1382 3640 Clu-istum
1408 3585 1460 3637 in
1484 3583 1698 3655 gloriam
1723 3591 1768 3636 et
1796 3582 1910 3635 latt-

386 3689 511 3741 dcm
545 3682 662 3736 Dei.

389 3779 442 3835 Ι.
486 3774 617 3830 Non
671 3771 870 3826 idcirco
909 3767 1048 3838 quod
1084 3768 1182 3822 sibi
1220 3766 1350 3820 fides
1379 3779 1484 3820 non
1516 3764 1801 3830 habeatur,
1833 3771 1912 3817 te-

315 3880 454 3926 stem
481 3867 624 3923 citat
653 3861 842 3926 Deum,
868 3860 961 3916 sed
989 3876 1056 3914 ex
1085 3858 1245 3912 animi
1274 3856 1464 3911 affectu
1495 3856 1544 3910 id
1579 3855 1722 3918 facit,
1752 3864 1914 3924 utque

315 3961 422 4017 illis
455 3962 573 4013 hoc
601 3955 673 4010 sit
699 3953 1186 4025 persuasissimum.
1218 3950 1348 4005 Nam
1378 3950 1628 4020 quoniam
1667 3948 1911 4011 dixerat,

314 4069 412 4106 eos
445 4049 561 4105 sibi
591 4045 1019 4103 communicasse
1047 4059 1060 4095 :
1095 4057 1162 4097 ne
1191 4043 1260 4097 ob
1291 4041 1426 4096 hanc
1457 4055 1696 4104 causam,
1748 4037 1799 4093 id
1834 4046 1918 4093 est

314 4142 385 4196 ob
413 4157 480 4196 ea
512 4153 644 4208 quae
673 4136 975 4196 mittebant,
1009 4141 1330 4204 putarentse
1363 4133 1430 4187 ab
1460 4132 1575 4201 ipso
1597 4129 1912 4194 desiderari,

313 4233 554 4287 minime
581 4244 708 4282 vero
729 4225 872 4297 quod
899 4226 996 4296 ipsi
1018 4241 1112 4296 per
1139 4239 1196 4279 se
1219 4233 1546 4288 amarentur,
1578 4222 1776 4276 idcirco
1793 4220 1918 4274 sub-

307 4325 497 4393 jnnxit
527 4363 546 4387 ,
606 4318 672 4373 In
714 4317 979 4372 visceribus
1031 4315 1236 4370 Christi.
1291 4314 1427 4382 Quid
1487 4314 1588 4368 hoc
1634 4312 1734 4366 sibi
1767 4311 1916 4365 vult?

312 4416 466 4470 Idem
520 4427 596 4467 ac
641 4411 688 4465 si
716 4409 972 4474 dixisset,
1000 4405 1291 4462 secundum
1321 4403 1589 4458 Christum
1622 4422 1634 4458 :
1665 4404 1915 4473 quoniam

316 4505 517 4559 fideles
549 4499 688 4556 estis
708 4541 722 4565 ,
750 4498 1002 4569 quoniam
1041 4496 1232 4549 amatis
1261 4495 1555 4558 Christum,
1589 4503 1803 4562 propter
1832 4491 1916 4545 di-

312 4596 627 4651 lectionem
655 4605 773 4660 qtne
800 4586 1094 4644 secundum
1123 4584 1394 4640 Christum
1421 4593 1522 4638 est.
1550 4583 1733 4651 Neque
1762 4581 1913 4646 dixit,

315 4688 712 4748 Dilectionem,
741 4681 856 4745 sed,
883 4679 1024 4750 quod
1043 4677 1315 4732 ardentius
1334 4684 1435 4742 est,
1461 4674 1672 4731 Viscera
1695 4673 1915 4727 Christi:

312 4777 556 4847 perinde
587 4783 746 4843 atque
768 4772 840 4825 ita
865 4770 1088 4835 diceret,
1120 4769 1321 4822 viscera
1347 4766 1464 4836 ejus
1483 4807 1496 4830 ,
1522 4766 1610 4836 qui
1643 4763 1804 4818 veluti
1829 4778 1921 4831 pa~

315 4878 401 4923 ter
431 4875 631 4922 vester
656 4862 878 4917 etl'ectus
905 4868 990 4916 est
1013 4875 1108 4930 per
1137 4874 1255 4913 eam
1276 4857 1669 4928 cognationem,
1702 4870 1819 4924 quae
1837 4862 1923 4908 est

313 4956 634 5012 secundum
659 4952 948 5007 Christum.
977 4949 1104 5005 llaec
1124 4950 1268 5005 enim
1295 4957 1396 5014 est,
1421 4963 1539 5018 quae
1561 4946 1713 5001 nobis
1735 4945 1826 4998 dat
1846 4945 1922 4996 vi-

313 5063 515 5109 scera,
567 5043 778 5098 viscera
827 5041 1056 5096 calentia
1108 5049 1162 5095 et
1192 5038 1514 5094 inﬂammata
1549 5039 1730 5091 :veris
1778 5035 1920 5088 enim

319 5141 501 5194 servis
523 5138 643 5193 suis
665 5137 873 5190 viscera
901 5135 1145 5205 largitur.
1176 5133 1231 5188 In
1262 5133 1387 5196 illis,
1412 5131 1602 5200 inquit,
1629 5127 1922 5182 visceribus

321 5245 454 5286 amo
480 5245 584 5284 vos
611 5247 625 5284 :
657 5243 721 5284 ac
744 5229 789 5283 si
821 5227 981 5289 dicat,
1001 5226 1296 5281 visceribus
1316 5239 1423 5278 non
1452 5221 1802 5284 naturalibus,
1826 5218 1922 5274 sed

321 5323 391 5378 iis
424 5340 552 5394 qua:
573 5322 886 5377 ardentiora
919 5328 1067 5385 sunt,
1101 5319 1376 5382 nimirum,
1399 5331 1518 5384 quze
1546 5314 1745 5370 Christi
1776 5322 1918 5365 sunt.

322 5413 634 5480 Quomodo,
662 5413 854 5482 inquit,
879 5427 964 5464 vos
991 5426 1158 5464 omnes
1184 5410 1407 5479 cupiam.
1429 5407 1630 5461 Omnes
1654 5402 1921 5467 desidero,

319 5505 598 5576 quoniam
627 5513 682 5558 et
711 5518 898 5556 omnes
929 5501 1062 5556 tales
1090 5501 1241 5555 estis.
1280 5499 1492 5554 Modum
1521 5511 1649 5566 ergo
1676 5493 1922 5551 desiderii

321 5613 432 5651 non
469 5609 702 5665 possum
729 5592 982 5660 consequi
1011 5591 1251 5645 oratione
1279 5606 1294 5642 :
1326 5605 1432 5644 non
1457 5588 1599 5642 enim
1628 5589 1805 5643 verbis
1829 5604 1925 5644 ex-

320 5687 491 5756 primi
527 5693 709 5752 potest
739 5700 751 5735 :
785 5688 1013 5750 ideoque
1058 5681 1165 5735 Deo
1195 5679 1623 5751 cognoscendum
1681 5681 1926 5753 relinquo

2019 3137 2314 3203 penetranti
2345 3136 2528 3192 corda.
2557 3136 2709 3203 Quod
2746 3137 2788 3190 si
2823 3133 2926 3190 illis
2957 3146 3341 3202 assentaretur,
3372 3139 3594 3195 minime

2016 3223 2180 3278 Deum
2211 3225 2429 3278 citasset
2476 3234 2663 3280 testem
2701 3242 2714 3277 :
2750 3241 2854 3278 non
2886 3225 3027 3280 enim
3078 3226 3130 3280 id
3163 3236 3330 3282 tutum
3370 3239 3472 3283 est.
3527 3228 3594 3282 Et

2008 3313 2136 3375 hoc,
2189 3315 2376 3383 inquit,
2421 3330 2531 3378 oro,
2585 3323 2638 3366 ut
2682 3314 2869 3368 caritas
2901 3327 3062 3368 vestra
3098 3317 3300 3386 magis,
3329 3333 3389 3371 ac
3433 3320 3594 3388 magis

2009 3403 2248 3456 abundet.
2307 3405 2503 3465 liccte;
2560 3405 2858 3460 insatiabile
2899 3406 3041 3460 enim
3089 3417 3174 3462 est
3216 3408 3414 3464 bonum
3470 3409 3591 3465 hoc.

2015 3495 2148 3549 Vide
2203 3496 2492 3564 quomodo,
2525 3512 2647 3552 eum
2693 3496 2828 3552 adeo
2881 3508 3177 3566 amaretur,
3209 3499 3386 3554 adhuc
3427 3505 3596 3570 magis

2010 3586 2174 3638 amari
2204 3585 2469 3652 cupirbat.
2493 3587 2590 3654 Qui
2611 3587 2752 3640 enim
2784 3587 2883 3640 hoc
2901 3589 3060 3642 modo
3092 3600 3257 3652 amat,
3293 3606 3412 3646 eum
3435 3607 3593 3660 quem

2011 3683 2155 3727 amat
2173 3675 2238 3726 ita
2261 3675 2358 3729 sibi
2385 3675 2712 3744 respondere
2729 3677 2858 3740 Vttll,
2880 3677 3005 3731 utin
3035 3678 3180 3733 nullo
3206 3681 3403 3733 amoris
3427 3681 3594 3750 gradu

2014 3767 2312 3819 Consistere
2341 3767 2570 3835 patiatur
2599 3784 2612 3819 :
2643 3767 2823 3821 nullus
2853 3768 2996 3822 enim
3025 3777 3109 3822 est
3136 3767 3294 3839 hujus
3320 3771 3444 3824 boni
3484 3786 3600 3825 tuo-

2013 3857 2133 3910 dus.
2171 3857 2370 3912 Idcirco
2403 3859 2596 3913 Paulus
2631 3858 2680 3913 id
2709 3875 2923 3929 semper
2947 3860 3130 3916 deberi
3161 3864 3273 3917 vult
3319 3880 3332 3916 ε
3368 3862 3596 3926 Nemini,

2017 3947 2222 4018 inquit,
2274 3949 2546 4018 quidquam
2590 3951 2810 4006 debeatis
2858 3954 2956 4006 nisi
3009 3964 3062 4007 ut
3117 3955 3328 4008 invicem
3373 3956 3600 4027 diligatis

2017 4039 2192 4109 (Rom.
2231 4040 2316 4093 l5.
2345 4040 2422 4107 8).
2459 4040 2646 4095 Modus
2686 4051 2738 4096 et
2776 4057 3022 4096 mensura
3064 4046 3301 4100 caritatis
3338 4057 3440 4113 est,
3469 4063 3599 4103 nus-

2016 4147 2172 4200 quam
2224 4133 2561 4187 consistere:
2596 4132 2662 4188 Ut
2709 4135 2897 4188 caritas
2940 4145 3138 4201 vestra,
3191 4138 3375 4206 inquit,
3433 4140 3602 4192 adhuc

2016 4223 2180 4290 magis
2233 4239 2293 4274 ac
2323 4225 2484 4292 magis
2509 4223 2750 4276 abundet.
2781 4224 3012 4279 Attende
3053 4227 3337 4280 verborum
3365 4227 3599 4296 disposi-

2019 4313 2216 4366 tionem
2249 4329 2262 4363 :
2299 4311 2366 4365 Ut
2395 4313 2563 4364 adhuc
2591 4314 2772 4383 magis,
2797 4314 2989 4381 inquit,
3021 4331 3080 4366 ac
3109 4316 3268 4386 magis
3302 4316 3520 4370 abundet
3547 4318 3600 4371 in

2016 4403 2222 4456 scientia
2251 4411 2297 4455 et
2318 4403 2453 4454 omni
2478 4419 2647 4456 sensu.
2703 4403 2817 4456 Non
2853 4403 3099 4459 universe
3138 4407 3383 4474 quamvis
3409 4409 3603 4460 carita-

2020 4503 2125 4547 tem
2151 4493 2462 4560 admiratur,
2492 4493 2584 4548 sed
2611 4509 2728 4549 eam
2757 4511 2874 4563 qua:
2901 4511 2967 4549 ex
2985 4496 3206 4550 scientia
3223 4496 3596 4564 proficiscitur;

2022 4583 2072 4637 id
2103 4593 2207 4648 est,
2237 4593 2293 4638 ut
2325 4600 2428 4638 non
2458 4599 2583 4654 erga
2611 4601 2801 4640 omnes
2841 4585 3082 4641 eamdem
3117 4587 3396 4641 caritatem
3448 4588 3602 4642 adhi-

2021 4673 2191 4729 bentis
2219 4692 2232 4728 :
2261 4674 2311 4728 id
2343 4675 2486 4728 enim
2510 4675 2728 4730 minime
2754 4677 2990 4730 caritatis
3013 4686 3114 4744 est,
3147 4678 3240 4732 sed
3265 4678 3593 4734 insulsitatis.

2021 4766 2157 4832 Quid
2189 4776 2274 4822 est
2293 4808 2306 4829 ,
2335 4766 2402 4820 In
2453 4768 2701 4821 scientia?
2730 4768 2983 4822 Adltibito
3005 4769 3232 4837 judicio,
3261 4773 3487 4840 cogitata
3516 4787 3602 4825 ra-

2022 4861 2187 4924 tione,
2218 4858 2426 4912 delectu
2450 4858 2675 4927 quodam
2698 4873 2760 4913 ac
2787 4874 2968 4914 sensu.
2993 4859 3106 4914 Non
3130 4862 3271 4915 enim
3295 4861 3484 4916 desunt
3507 4861 3597 4930 qui

2023 4948 2323 5003 inconsulto
2348 4963 2411 5001 ac
2439 4956 2639 5001 temere
2665 4957 2846 5001 ament
2869 4966 2882 5002 :
2912 4964 2976 5003 ex
3004 4965 3110 5018 quo
3132 4950 3290 5005 etiam
3322 4950 3395 5013 ﬁt,
3420 4958 3473 5003 ut
3504 4949 3600 5003 hu.

2020 5038 2252 5108 jusntodi
2285 5039 2530 5092 amicitize
2557 5053 2744 5107 parutn
2774 5039 2981 5093 roboris
3001 5040 3250 5095 habeant.
3279 5038 3345 5093 In
3368 5041 3598 5108 scientia,

2026 5128 2216 5195 ittquit,
2246 5137 2289 5180 et
2311 5128 2447 5179 omni
2474 5145 2651 5193 sensu,
2677 5138 2731 5181 ut
2753 5131 2968 5198 probetis
2997 5132 3193 5200 potiora
3223 5147 3240 5183 :
3264 5130 3313 5184 id
3340 5139 3448 5199 est,
3480 5148 3600 5200 qua:

2028 5222 2170 5274 utilia
2198 5230 2342 5274 sunt.
2374 5220 2486 5274 Non
2512 5237 2651 5287 mea,
2679 5222 2868 5291 inquit,
2896 5224 2990 5278 sed
3015 5233 3189 5278 vestra
3219 5225 3451 5292 ipsorqu
3477 5241 3603 5279 cau~

2026 5327 2081 5365 sa
2118 5311 2232 5364 hinc
2260 5312 2378 5364 dico
2409 5329 2421 5363 :
2453 5313 2745 5380 periculum
2781 5312 2921 5367 enim
2949 5323 3030 5367 est
3061 5329 3127 5367 ne
3151 5314 3269 5382 quis
3297 5315 3365 5368 ab
3395 5315 3603 5369 haereti-

2027 5420 2210 5458 corum
2233 5420 2414 5457 amore
2440 5415 2831 5474 eorrumpatur.
2863 5405 2973 5460 l‘loc
2998 5407 3138 5459 enim
3167 5414 3333 5461 totum
3361 5407 3611 5462 subindi-

2028 5503 2132 5558 cal,
2165 5494 2287 5546 dum
2320 5493 2387 5547 ita
2433 5493 2687 5561 loquitur.
2755 5493 2881 5546 \‘ide
2934 5504 3108 5548 autem
3140 5496 3408 5566 quomodo
3465 5497 3603 5551 istud

2028 5587 2228 5657 injicit:
2263 5585 2374 5640 Non
2407 5602 2545 5649 mea,
2576 5585 2764 5655 inquit,
2800 5600 2957 5640 causa
2988 5587 3171 5641 isthtcc
3197 5588 3337 5652 dico,
3367 5588 3460 5643 scd
3481 5630 3496 5655 ,
3531 5588 3598 5642 σε

2028 5683 2134 5735 sitis
2181 5681 2381 5738 δίνη-σή,
2412 5682 2458 5735 id
2489 5689 2588 5746 cst,
2611 5694 2676 5734 ne
2703 5679 2940 5745 spurium
2992 5681 3201 5753 aliquod
3232 5681 3422 5753 dogma
3467 5698 3604 5751 prte-
