4042 6212
413 294 502 349 191

416 421 522 463 text
536 429 564 461 ιι
579 408 819 464 raritatis
838 406 1403 471 adnuittatianu-res,
1417 397 1687 471 quomodo
1710 395 1867 468 igitur
1887 387 2016 447 alibi

414 500 568 567 dixit,
597 501 658 556 Si
681 501 790 570 ﬁeri
817 508 996 571 potest,
1019 514 1132 552 eum
1152 495 1380 550 omnibus
1407 490 1689 546 hominibus
1712 503 1884 558 pacem
1906 487 2000 538 ita-

417 591 524 652 bete
553 592 730 660 (Rom.
765 591 850 644 12.
878 589 1011 658 18)?
1036 587 1152 642 Non
1177 599 1306 638 sane
1338 583 1438 636 hoc
1462 581 1685 644 docens,
1731 579 1802 633 ita
1845 577 2000 632 vobis

418 683 708 735 amandum
737 694 876 742 esse,
921 688 976 731 ut
1001 694 1064 732 ex
1101 675 1330 728 amicitia
1361 673 1613 726 damnum
1670 669 1955 738 reportetis
1983 684 1996 721 :

424 787 546 824 nam
577 772 638 824 Si
667 770 840 823 oculus
876 777 991 820 tuus
1013 766 1186 819 dexter
1207 763 1520 818 scandalizat
1552 771 1619 826 te,
1668 761 1857 830 inquit,
1885 775 2002 812 erue

419 877 556 924 eum,
589 869 634 912 et
658 860 846 927 projtce
870 857 958 909 abs
981 866 1027 909 te
1052 854 1264 924 (Matth.
1293 855 1347 908 5.
1372 853 1465 922 29)
1491 869 1504 904 :
1531 851 1624 905 sed
1654 849 1781 904 illud
1806 849 2002 903 facien-

418 951 543 1005 dntn
571 964 688 1002 esse
715 989 731 1014 ,
769 947 834 1002 Ut
866 947 976 1001 sitis
995 989 1010 1013 ,
1043 946 1182 1016 quod
1213 944 1427 1015 quidem
1456 943 1522 997 ad
1555 943 1719 998 Deum
1750 941 1998 1012 pertinet,

417 1043 599 1096 sinceri
619 1081 633 1105 ,
666 1040 806 1110 quod
841 1055 966 1094 vero
996 1038 1062 1092 ad
1094 1038 1338 1092 homines
1359 1077 1373 1099 ,
1413 1037 1522 1089 sine
1549 1034 1747 1101 offensa
1769 1049 1788 1087 :
1819 1033 2004 1088 multis

418 1135 560 1188 enim
589 1149 732 1202 smne
755 1133 1003 1186 amicitiae
1031 1139 1245 1186 nocent.
1278 1129 1410 1183 Nam
1433 1129 1531 1182 etsi
1555 1127 1648 1182 tibi
1677 1126 1804 1180 nihil
1823 1133 1999 1190 nocet,

420 1228 614 1297 inquit,
644 1237 877 1280 attamen
901 1227 1036 1278 alius
1056 1225 1256 1278 interea
1275 1221 1583 1276 olfenditur.
1603 1218 1668 1272 In
1695 1218 1826 1272 diem
1851 1216 2001 1272 Chri-

417 1321 516 1378 sti:
549 1318 599 1372 id
624 1327 726 1384 est,
760 1327 816 1371 ut
847 1328 971 1371 tunc
1001 1314 1345 1384 reperiamini
1374 1312 1489 1381 puri
1518 1353 1534 1375 ,
1565 1312 1763 1381 quippe
1791 1311 1883 1378 qui
1911 1324 2006 1364 ne-

419 1410 552 1464 mini
582 1409 840 1464 scandalo
869 1407 1120 1472 fueritis;
1169 1405 1347 1476 repleti
1389 1402 1632 1475 fructibus
1666 1402 1886 1472 justitiae
1914 1417 2006 1469 per

419 1499 600 1555 Jesum
631 1500 906 1566 Christum,
929 1500 982 1552 in
1002 1498 1216 1569 gloriam
1237 1505 1282 1550 et
1308 1495 1512 1550 laudem
1542 1494 1668 1560 Dei;
1695 1493 1745 1547 id
1768 1501 1872 1558 est,
1902 1505 2004 1546 una

422 1609 543 1647 cuin
578 1592 916 1662 dogmatibus
947 1592 1108 1646 vitam
1145 1603 1359 1660 quoque
1377 1599 1576 1642 rectam
1598 1585 1874 1640 habentes.
1896 1583 2008 1638 Nec

422 1685 923 1755 quomodocumque
947 1691 1147 1737 rectam
1178 1695 1298 1736 esse
1319 1679 1450 1733 satis
1464 1686 1571 1744 est,
1601 1676 1694 1732 sed
1711 1675 2006 1732 confertam

424 1779 686 1833 fructibus
731 1775 994 1846 justitiat;
1027 1782 1111 1829 est
1155 1773 1300 1829 enim
1345 1769 1588 1842 qumdam
1633 1769 1857 1838 justitia,
1888 1782 2008 1838 qua:

424 1884 532 1925 non
561 1867 852 1924 secundum
879 1866 1152 1921 Christum
1194 1872 1297 1926 est,
1323 1871 1380 1916 ut
1418 1861 1524 1915 vita
1550 1860 1661 1923 illa,
1693 1874 1813 1928 qua:
1844 1858 2012 1911 virtu-

429 1972 535 2018 tem
560 1959 943 2032 quoquomodo
971 1959 1129 2020 colit;
1159 1956 1253 2011 sed
1295 1954 1393 2009 Per
1419 1953 1594 2007 Jesum
1623 1951 1896 2013 Christum,
1925 1951 2009 2003 in~

425 2054 561 2125 quit,
584 2055 637 2107 in
663 2053 879 2124 gloriam
909 2060 956 2104 et
977 2049 1179 2103 laudent
1206 2047 1316 2100 Dei.
1338 2044 1515 2105 .Vides
1541 2060 1627 2098 me
1656 2059 1759 2098 non
1785 2043 2008 2113 gloriam

429 2161 601 2200 meam
625 2158 837 2206 curare,
869 2141 964 2195 sed
992 2140 1217 2208 gloriam
1244 2138 1368 2192 Dei?
1397 2136 1553 2206 Sarpe
1569 2144 1746 2189 autem
1780 2135 2013 2188 eleemo—

427 2251 615 2308 synam
657 2233 878 2304 iustitiae
909 2231 1121 2286 nomine
1150 2228 1398 2298 appellat.
1447 2227 1544 2292 Ne,
1574 2227 1767 2295 inquit,
1814 2225 2015 2280 ofliciat

427 2330 582 2384 vobis
608 2327 826 2391 caritas,
857 2325 1141 2395 quominus
1172 2323 1509 2392 cognoscatis
1532 2335 1653 2389 qua:
1684 2318 1738 2372 in
1769 2333 1881 2372 rem
1923 2333 2017 2372 ve-

430 2430 596 2476 stram
629 2427 786 2482 sunt;
817 2432 915 2472 nec
940 2416 1190 2486 quoniam
1221 2414 1363 2468 hunc
1391 2413 1471 2468 vel
1511 2413 1659 2466 illum
1691 2425 1860 2477 amas,
1894 2425 2014 2480 pro-

431 2523 615 2585 pterea
664 2511 968 2567 collabaris.
1012 2509 1184 2579 Cupio
1228 2505 1444 2581 quidem
1491 2513 1724 2563 vestram
1767 2516 2014 2560 crescere

433 2607 735 2670 caritatem,
764 2605 858 2661 sed
893 2620 997 2658 non
1044 2603 1197 2669 adeo,
1248 2611 1306 2658 ut
1346 2602 1470 2658 inde
1517 2601 1769 2657 damnum
1802 2601 2014 2668 feratis;

434 2714 536 2754 nec
564 2701 751 2767 quavis
781 2705 1044 2765 pra-cepta
1075 2695 1244 2749 semel
1269 2693 1524 2764 opinione
1549 2707 1645 2746 vos
1689 2692 1896 2746 moveri
1929 2707 2019 2745 ve-

433 2789 551 2856 lim,
575 2787 669 2843 sed
697 2803 825 2841 cum
847 2785 1258 2856 perpenderitis,
1282 2793 1458 2838 utrum
1481 2798 1598 2853 quae
1624 2783 1851 2836 dicimus
1874 2791 2019 2836 recte

436 2893 498 2935 se
529 2879 779 2933 habeant.
805 2876 985 2947 Neque
1014 2876 1167 2940 dixit,
1193 2877 1394 2932 Utmea
1425 2873 1768 2943 prmponatis,
1801 2871 1917 2937 Sed,
1951 2870 2018 2926 Ut

440 2970 680 3040 probetis.
713 2968 895 3038 Neque
927 2967 1213 3038 perspicue
1249 2965 1404 3032 dixit,
1433 2964 1512 3020 Ne
1536 2979 1656 3018 cum
1688 2964 1791 3018 isto
1816 2963 1901 3018 vel
1929 2964 2020 3018 illo

438 3063 772 3118 familiariter
800 3058 1116 3124 versemini;
1145 3057 1263 3124 sed,
1309 3057 1479 3112 Velim
1520 3055 1715 3111 caritas
1756 3054 1910 3110 vobis
1955 3055 2021 3110 ad

439 3157 725 3211 utilitatem
751 3153 1024 3224 proficiat;
1055 3152 1273 3207 minime
1296 3165 1423 3206 vero
1443 3149 1662 3220 perinde
1680 3148 1854 3205 affecti
1881 3149 2020 3215 sitis,

445 3260 508 3301 ac
531 3246 576 3301 si
601 3261 762 3301 sensu
779 3245 1024 3299 careatis.
1052 3243 1156 3298 Res
1171 3243 1311 3298 enim
1335 3243 1573 3297 stultitiae
1590 3241 1897 3312 plenissima
1917 3250 2021 3306 est,

439 3337 701 3410 justitiam
755 3337 967 3405 operari
1012 3336 1168 3390 aliam
1213 3336 1283 3389 ob
1312 3349 1524 3390 causam
1550 3375 1565 3400 ,
1614 3350 1771 3404 quam
1807 3341 2024 3404 propter

439 3433 714 3488 Christum
759 3440 810 3486 et
841 3445 937 3501 per
966 3431 1162 3500 ipsum.
1195 3430 1335 3484 Ecce
1380 3444 1567 3484 rursus
1593 3429 1734 3483 illam
1776 3427 2024 3498 loquendi

441 3524 751 3588 formulam,
774 3521 878 3578 Per
908 3521 1103 3592 ipsum.
1133 3521 1268 3575 Num
1288 3519 1446 3589 igitur
1474 3535 1600 3574 usus
1620 3527 1703 3574 est
1733 3519 1861 3584 Deo,
1891 3526 2027 3572 tam-

443 3631 604 3686 quam
633 3614 851 3679 famulo,
882 3613 974 3685 qui
1004 3613 1310 3667 inferiorem
1341 3613 1392 3666 in
1423 3610 1695 3681 operando
1726 3611 1898 3665 locum
1943 3619 2024 3664 te-

444 3702 649 3761 nebat?
675 3706 850 3761 Altsit.
875 3705 1052 3774 lnquit
1092 3705 1274 3774 igitur,
1322 3702 1438 3756 Non
1483 3711 1539 3756 ut
1567 3717 1666 3772 ego
1693 3700 1900 3766 lauder,
1955 3701 2024 3754 ita

444 3797 696 3867 loquutus
716 3811 856 3863 sum,
885 3795 981 3851 sed
1007 3805 1064 3850 ut
1091 3794 1418 3866 glorificetur
1449 3793 1609 3848 Deus.
1641 3793 1727 3847 12.
1768 3793 1915 3848 Scire
1937 3807 2030 3844 au-

449 3899 548 3942 tem
574 3903 660 3942 vos
681 3889 817 3956 uolo,
846 3890 1051 3958 fratres,
1083 3887 1202 3957 quia
1228 3903 1343 3957 quae
1384 3888 1520 3940 circa
1563 3904 1641 3941 me
1683 3897 1836 3952 sunt,
1867 3889 2029 3958 magis

452 3982 522 4036 ad
548 3983 827 4053 profectum
859 3990 1096 4034 uenerunt
1122 3980 1386 4050 evangelii,
1421 3979 1489 4034 15
1531 3980 1601 4031 ita
1623 3989 1677 4032 ut
1701 3979 1898 4032 vincula
1918 3996 2029 4034 mea

453 4073 726 4142 manifesta
747 4072 923 4140 fierent
950 4070 1003 4123 in
1026 4067 1223 4124 Christo
1244 4070 1297 4122 in
1323 4069 1462 4122 omni
1491 4071 1750 4140 pra'torio,
1779 4077 1824 4124 et
1854 4070 1905 4123 in
1931 4085 2030 4124 ca:-

448 4165 566 4220 teris
594 4165 846 4220 omnibus.

437 4283 440 4287 -
511 4257 578 4312 2.
603 4256 905 4313 Verisimile
930 4264 1047 4312 erat
1084 4255 1223 4321 illos,
1253 4270 1374 4311 eum
1411 4269 1535 4309 eum
1569 4254 1621 4308 in
1653 4253 1878 4308 vinculis
1909 4268 2030 4309 esse

449 4349 762 4415 audissent,
796 4348 1013 4413 dolere,
1047 4357 1339 4418 putareque
1367 4348 1692 4402 obstruetam
1733 4360 1853 4400 esse
1893 4346 2030 4398 viam

453 4441 842 4513 praedicationi.
867 4440 1001 4509 Quid
1028 4440 1188 4509 igitur
1212 4439 1376 4494 facit?
1397 4439 1584 4494 Statim
1609 4438 1746 4494 hanc
1771 4438 2032 4508 suspicio-

455 4551 580 4592 item
612 4535 748 4588 tollit
769 4577 782 4598 ,
818 4543 979 4602 atque
1014 4533 1086 4587 ila
1130 4532 1301 4601 inquit
1333 4549 1346 4584 :
1385 4530 1465 4584 Ea
1491 4545 1603 4599 qua:
1629 4531 1764 4583 circa
1793 4546 1872 4583 me
1916 4538 2033 4582 sunt

458 4627 618 4697 magis
643 4627 714 4682 ad
751 4628 1033 4697 profectum
1062 4635 1299 4679 venerunt
1329 4623 1592 4694 evangelii.
1637 4623 1734 4677 Est
1772 4633 1949 4677 autem
1980 4632 2034 4676 et

457 4719 561 4775 hoc
585 4719 834 4784 amantis,
857 4733 982 4772 suas
1006 4718 1110 4772 illis
1148 4733 1236 4772 res
1271 4717 1601 4786 patefacere,
1633 4723 1816 4785 utpote
1841 4714 2033 4784 quibus

454 4827 598 4866 cura:
628 4811 755 4865 sint.
791 4809 930 4876 Quid
972 4811 1092 4864 ais?
1121 4811 1172 4864 in
1201 4810 1424 4864 vinculis
1460 4824 1520 4864 es
1542 4850 1557 4874 ,
1600 4807 1884 4877 impeditus
1922 4821 1982 4862 es
2014 4824 2029 4860 :

451 4921 620 4976 ecquo
651 4903 811 4975 igitur
839 4902 1000 4957 modo
1034 4902 1366 4970 evangelium
1405 4900 1575 4970 ipsum
1604 4914 1921 4971 progressus
1951 4899 2032 4954 fa-

451 4997 563 5055 cit?
593 4995 661 5053 Ut
682 4994 880 5050 vincula
899 5010 1030 5061 mea,
1059 4994 1248 5064 inquit,
1269 4993 1537 5063 manifesta
1560 4992 1756 5062 fierent,
1779 5007 1892 5060 quae
1915 5002 2032 5046 sunt

446 5091 501 5144 in
531 5088 754 5156 Christo,
786 5089 840 5142 in
868 5087 1007 5141 omni
1032 5087 1292 5158 praetorio.
1321 5086 1376 5141 ld
1408 5101 1516 5141 non
1544 5085 1705 5140 modo
1725 5085 1844 5140 aliis
1871 5086 2032 5141 silen-

451 5183 582 5236 tium
601 5199 703 5236 non
730 5179 1004 5251 imposuit,
1028 5180 1461 5250 neqnetimorem
1487 5179 1729 5244 incussit,
1755 5178 1849 5233 sed
1869 5179 2030 5233 etiam

453 5272 555 5328 hoc
596 5274 712 5342 ipso
739 5273 1048 5328 fidentiores
1083 5281 1206 5326 sunt
1234 5270 1380 5326 facti.
1421 5271 1576 5338 Quod
1617 5271 1661 5325 si
1693 5269 1791 5336 illi,
1842 5270 1930 5340 qui
1979 5271 2030 5324 in

453 5363 644 5418 mediis
690 5364 942 5434 periculis
981 5373 1280 5428 versantur,
1315 5377 1420 5418 non
1471 5363 1643 5418 solum
1677 5362 1809 5418 nihil
1851 5363 2028 5418 damni

453 5456 725 5521 tulerunt,
754 5457 848 5510 sed
892 5457 1052 5512 etiam
1084 5457 1204 5528 plus
1231 5456 1396 5511 animi
1434 5473 1498 5512 ac
1539 5457 1768 5512 lidentire
1789 5473 2031 5527 sumpse-

449 5558 618 5605 runt:
653 5548 820 5602 multo
864 5551 1031 5620 magis
1075 5564 1173 5604 vos
1213 5549 1388 5605 fidatis
1422 5559 1650 5620 oportet.
1691 5549 1824 5604 Nam
1859 5551 1903 5605 si
1943 5551 2032 5606 ille

450 5640 688 5710 quidem,
717 5641 807 5712 qui
845 5641 1052 5695 vinetus
1077 5650 1183 5710 est,
1216 5641 1267 5696 id
1297 5641 1526 5697 miseriae
1569 5641 1686 5698 loco
1711 5641 1921 5698 tulisset
1968 5657 2031 5698 ac

455 5732 725 5801 tacuisset,
751 5740 1167 5791 consentaneum
1189 5742 1302 5789 erat
1323 5733 1444 5790 illos
1465 5733 1652 5796 eodem
1670 5735 1828 5793 modo
1850 5735 1986 5791 affici
2011 5753 2024 5790 :

1084 289 1141 346 8.
1178 284 1455 346 JOANNIS
1489 277 1953 339 CIIRYSOSTOMI
1993 273 2310 336 ARCHIEP.
2347 281 2876 346 CONSTANTINOP.

3597 299 3692 358 192

2125 409 2266 450 nunc
2289 410 2417 453 vero
2441 413 2562 455 cum
2587 402 2633 466 is
2665 405 2752 475 qui
2779 415 2860 461 est
2889 407 2940 460 in
2974 409 3199 466 vinculis
3219 450 3234 476 ,
3282 410 3502 472 liberius
3546 429 3598 472 et
3627 425 3689 473 tt.

2108 483 2324 590 dentius
2348 489 2488 561 agit,
2532 493 2687 564 longe
2713 497 2880 567 magis
2909 499 3146 555 animum
3195 501 3301 556 illis
3327 504 3504 574 addit,
3534 522 3693 578 quam

2107 578 2152 632 si
2177 578 2388 636 vinctus
2418 600 2524 638 non
2547 598 2710 641 esset.
2764 588 2872 644 Sed
2908 593 3179 660 quomodo
3211 596 3417 651 vincula
3462 599 3530 654 ad
3571 617 3695 671 pro.

2104 686 2345 739 gressum
2369 677 2631 745 evangelii
2675 678 2928 734 fuerunt?
2966 683 3079 737 Hoc
3098 726 3113 750 ,
3145 685 3350 756 inquit,
3380 689 3698 758 gubernavit

2108 761 2270 826 Deus,
2304 771 2360 816 ut
2411 780 2478 818 nc
2509 767 2739 822 laterent
2778 785 2896 824 mea
2925 772 3156 840 vincula,
3187 791 3306 844 qua:
3359 777 3410 831 in
3439 779 3653 835 Christo
3673 821 3690 847 ,

2107 867 2224 918 qua:
2253 866 2350 921 per
2387 851 2697 923 Christum,
2745 859 2812 912 In
2859 863 2996 914 omni
3043 866 3299 932 prtetorio.
3348 867 3497 924 Tunc
3551 872 3694 926 enim

2109 943 2210 996 hoc
2255 945 2472 1000 nomine
2515 951 2691 1018 regias
2731 953 3092 1022 appellabant.
3127 957 3311 1028 Neque
3359 976 3486 1016 vero
3522 964 3694 1020 solum

2109 1034 2312 1106 inquit,
2341 1035 2409 1091 In
2440 1042 2714 1108 praetorio,
2747 1045 2841 1098 sed
2871 1046 3056 1112 etiam,
3091 1049 3145 1102 ln
3178 1051 3425 1105 universa
3459 1055 3691 1110 civitate.

2113 1127 2196 1180 H.
2235 1127 2298 1180 Et
2321 1127 2492 1198 plures
2520 1147 2549 1184 e
2578 1131 2821 1201 fratribus
2842 1135 2896 1189 itt
2924 1135 3147 1192 Domino
3168 1143 3476 1210 conﬁdentes
3502 1148 3553 1199 in
3585 1150 3692 1201 viu-

2107 1218 2235 1270 culis
2282 1221 2403 1275 meis
2427 1260 2442 1287 ,
2495 1221 2836 1280 abundantius
2877 1227 3120 1283 auderent
3145 1232 3254 1286 sine
3292 1235 3470 1289 timore
3497 1241 3696 1291 verbum

2108 1312 2264 1378 loqui.
2335 1313 2426 1366 His
2476 1315 2652 1370 verbis
2705 1318 2941 1372 ostendit
2998 1331 3052 1375 et
3096 1333 3251 1377 antea
3303 1324 3532 1382 fidenter
3578 1329 3696 1385 illos

2108 1405 2281 1475 egisse
2324 1421 2386 1462 ac
2429 1409 2594 1464 libere
2623 1410 2976 1478 disseruisse,
3009 1413 3104 1470 sed
3135 1431 3278 1471 nunc
3308 1419 3474 1472 nmlto
3507 1423 3692 1490 magis.

2111 1497 2289 1567 Ergo,
2331 1499 2377 1553 si
2426 1501 2515 1554 alii
2544 1510 2765 1571 propter
2795 1518 2913 1558 mea
2961 1504 3172 1560 vincula
3223 1507 3451 1563 ﬁdenter
3498 1522 3693 1580 agunt,

2111 1587 2280 1641 multo
2307 1590 2473 1658 magis
2500 1604 2638 1660 ego;
2668 1591 2713 1645 si
2745 1593 2864 1647 aliis
2895 1592 3128 1649 ﬁdentia:
3154 1610 3315 1650 causa
3353 1613 3493 1661 sum,
3527 1602 3697 1657 multo

2113 1679 2283 1747 magis
2314 1678 2442 1732 mihi
2468 1680 2586 1749 ipsi.
2621 1680 2686 1734 Et
2708 1683 2878 1752 plures
2899 1701 2927 1737 e
2951 1684 3192 1754 fratribus
3219 1687 3271 1740 in
3296 1686 3535 1745 Domino.
3555 1692 3697 1758 Quo-

2114 1770 2254 1824 niam
2283 1786 2530 1842 magnutn
2573 1773 2722 1827 dictu
2749 1785 2886 1841 erat,
2934 1792 3050 1832 mea
3082 1778 3186 1833 illis
3215 1781 3421 1835 vincula
3461 1785 3694 1839 animum

2113 1861 2412 1926 addidisse;
2437 1873 2718 1934 propterea
2747 1881 3019 1936 occupans
3045 1869 3202 1937 dixit,
3234 1870 3300 1926 In
3329 1871 3571 1928 Domino.
3610 1877 3697 1931 Vi-

2113 1952 2209 2009 des
2236 1957 2556 2012 necessitate
2602 1961 2764 2012 etiam
2812 1959 2910 2028 ipsi
2940 1961 3186 2028 imposita
3231 1965 3512 2033 magniﬁce
3539 1965 3606 2020 de
3637 1981 3697 2023 se

2113 2044 2408 2114 loquendi,
2435 2061 2594 2116 quam
2643 2056 2819 2103 tamen
2866 2051 3145 2107 modestiae
3174 2068 3281 2108 non
3310 2055 3698 2111 obliviscatur?

2117 2137 2472 2192 Abundantius
2500 2139 2764 2206 auderent,
2799 2141 2988 2212 inquit,
3034 2145 3144 2198 sine
3167 2145 3344 2201 timore
3387 2147 3586 2202 verbum
3618 2149 3696 2203 lo-

2114 2230 2220 2297 qui.
2249 2226 2380 2280 Dum
2410 2228 2599 2298 inquit,
2630 2231 3002 2300 Abundantius,
3025 2235 3154 2288 satis
3184 2235 3399 2299 iudicat.
3424 2237 3542 2292 illos
3557 2234 3697 2307 jam?

2120 2316 2322 2384 pridem
2352 2319 2599 2386 coepisse.
2635 2321 2721 2375 15.
2755 2321 2972 2386 Quidam
2997 2325 3196 2392 quidem
3223 2337 3431 2396 propter
3457 2329 3695 2383 invidiam

2119 2415 2166 2460 et
2193 2409 2580 2474 contentionem,
2609 2410 2816 2480 quidant
2859 2428 2974 2466 vero
3003 2422 3052 2468 et
3078 2425 3286 2486 propter
3311 2417 3492 2471 bonam
3519 2419 3698 2474 uolun-

2121 2506 2274 2552 tatem
2335 2498 2586 2554 Christum
2635 2503 2932 2572 prtedieant.
2999 2504 3189 2575 Opera:
3247 2508 3472 2577 pretium
3543 2510 3701 2566 fuerit

2126 2602 2470 2658 cognoscere,
2500 2589 2627 2659 quid
2659 2591 2761 2646 hoc
2803 2594 2893 2647 sit.
2923 2592 3055 2649 Cum
3099 2595 3152 2650 in
3181 2597 3409 2653 vinculis
3434 2599 3702 2656 detinere-

2122 2691 2209 2737 tur
2232 2680 2450 2752 Paulus,
2475 2683 2626 2736 multi
2661 2698 2727 2738 ex
2755 2685 3058 2742 infidelibus
3086 2691 3367 2758 cupientes
3408 2706 3533 2748 acre
3584 2693 3699 2749 bel-

2125 2774 2233 2828 lum
2290 2775 2358 2830 ab
2412 2777 2740 2846 lmperatore
2793 2776 3049 2832 adversus
3097 2779 3244 2833 illum
3277 2780 3557 2849 excitare,
3603 2785 3700 2854 ipsi

2122 2880 2334 2935 quoque
2361 2865 2633 2923 Christum
2687 2869 3091 2942 prmdicahant,
3143 2881 3201 2925 ut
3237 2871 3575 2942 Imperatoris
3624 2878 3700 2932 ira

2123 2958 2492 3015 vehementior
2529 2960 2720 3028 fleret,
2760 2963 3100 3021 disseminari
3144 2966 3480 3034 evangelium
3527 2970 3700 3022 anim-

2124 3050 2473 3119 advertentis,
2504 3061 2561 3108 et
2603 3055 2656 3109 in
2693 3054 2844 3110 Pauli
2889 3069 3078 3126 caput,
3111 3039 3362 3128 quidquid
3392 3061 3477 3114 ille
3508 3061 3703 3116 furoris

2125 3143 2480 3212 concepisset,
2508 3144 2795 3201 recideret.
2823 3146 3002 3217 Itaque
3025 3149 3144 3202 dua:
3167 3151 3354 3219 agendi
3380 3155 3611 3208 rationes
3632 3168 3702 3207 ex

2127 3232 2353 3286 vinculis
2383 3233 2553 3299 Pauli,
2591 3244 2859 3306 tamquam
2900 3253 2966 3292 ex
2997 3253 3157 3294 causa
3188 3243 3509 3296 exstiterunt
3540 3261 3552 3296 :
3585 3244 3705 3298 aliis

2127 3324 2268 3378 enim
2316 3324 2403 3378 illa
2436 3325 2660 3380 multum
2708 3329 2872 3382 animi
2921 3330 3278 3397 addiderunt;
3310 3333 3442 3387 alios
3474 3349 3604 3388 vero
3653 3335 3706 3390 in

2128 3429 2276 3483 spem
2301 3417 2554 3484 perniciei
2575 3432 2708 3470 mea:
2729 3417 3045 3474 adducendo
3062 3421 3124 3474 ad
3147 3421 3536 3490 prardicandtim
3556 3421 3710 3478 Chri-

2129 3517 2268 3564 stum
2299 3509 2608 3564 invitarunt.
2641 3511 2860 3576 Quidam
2887 3513 3088 3582 quidem
3109 3524 3316 3584 propter
3351 3515 3626 3579 invidiam;
3657 3517 3707 3570 id

2129 3609 2247 3667 est,
2277 3617 2410 3656 mea:
2443 3601 2740 3658 invidentes
2767 3603 2952 3672 gloriae
2982 3613 3035 3658 et
3061 3605 3331 3673 prtrclaris
3359 3605 3543 3672 initiis,
3593 3621 3710 3661 me-

2130 3710 2236 3765 que
2256 3694 2522 3765 perditum
2543 3695 2839 3765 cupientes,
2865 3711 3181 3765 mecumque
3219 3707 3533 3767 pugnantes,
3563 3698 3714 3767 adju-

2131 3796 2259 3842 vant
2299 3803 2364 3842 ac
2391 3787 2694 3858 provehunt
2721 3789 2960 3844 actiones
3004 3803 3186 3852 meas;
3219 3789 3304 3843 vel
3350 3789 3449 3859 ipsi
3499 3805 3714 3860 quoque

2132 3880 2352 3936 honoris
2379 3881 2668 3951 cupiditate
2695 3881 2860 3946 ducti,
2888 3895 2950 3935 ac
2993 3889 3240 3951 putantes
3280 3882 3396 3936 fore
3433 3888 3490 3934 ut
3515 3881 3712 3951 aliquid

2132 3975 2201 4031 de
2224 3991 2342 4030 mea
2373 3974 2539 4044 gloria
2568 3974 2878 4044 decerpant.
2925 3973 3142 4040 Quidam
3169 3990 3286 4028 vero
3315 3982 3364 4028 et
3396 3983 3602 4045 propter
3627 3973 3717 4028 bo-

2133 4083 2249 4120 nam
2279 4066 2621 4132 voluntatem;
2651 4065 2704 4120 id
2731 4073 2832 4132 est,
2857 4066 2974 4120 sine
2999 4065 3360 4130 simulatione,
3402 4065 3716 4134 penizusque

2133 4172 2200 4212 ex
2232 4158 2432 4210 animo.
2477 4154 2566 4210 16.
2623 4155 2845 4223 Quidam
2878 4155 3080 4226 quidem
3118 4171 3182 4210 ea:
3219 4157 3536 4210 contentione
3571 4153 3723 4216 C/tri.

2133 4260 2266 4303 stum
2291 4247 2592 4303 annuntiant
2620 4265 2720 4302 non
2747 4250 2979 4314 sincere;
3006 4247 3056 4302 id
3085 4255 3200 4314 est,
3249 4262 3354 4302 non
3382 4263 3511 4315 pure
3549 4258 3713 4317 atque

2136 4342 2377 4411 integre,
2424 4354 2530 4395 non
2557 4349 2781 4410 propter
2821 4354 2937 4394 rem
2968 4339 3158 4408 ipsam,
3210 4339 3306 4394 sed
3347 4339 3488 4393 cur?
3519 4337 3714 4393 Existi-

2135 4441 2327 4487 mantes
2356 4448 2642 4502 pressuram
2663 4431 2905 4485 suscitare
2929 4431 3143 4484 vinculis
3168 4431 3308 4484 meis.
3337 4430 3718 4485 Existimantes

2137 4523 2278 4578 enim
2323 4523 2392 4577 ita
2414 4522 2545 4576 mihi
2577 4523 2752 4592 majus
2777 4521 3070 4592 periculum
3117 4522 3320 4588 creari,
3343 4519 3582 4575 dolorem
3617 4521 3716 4576 do-

2139 4616 2252 4670 lore
2280 4614 2575 4670 cumulant.
2602 4612 2647 4668 0
2676 4612 3078 4668 crudelitatem!
3122 4627 3156 4666 ο
3180 4611 3504 4667 diabolicum
3549 4611 3720 4681 impe-

2138 4709 2278 4762 tum!
2310 4708 2544 4762 vinctum
2569 4706 2883 4773 cernebant,
2919 4705 3397 4777 conjectumquein
3421 4720 3707 4774 carcerem,

2138 4810 2194 4857 et
2219 4800 2393 4857 adhuc
2431 4801 2742 4857 invidebant
2771 4817 2784 4856 :
2816 4815 3014 4870 augere
3036 4801 3202 4869 ipsius
3229 4799 3594 4865 calamitates,
3625 4813 3716 4851 ve—

2139 4894 2566 4963 hementiorique
2600 4895 2693 4948 ira:
2721 4893 3012 4948 obnoxium
3055 4891 3282 4946 reddere
3311 4890 3614 4959 cupiebant.
3641 4891 3718 4943 Ac

2138 4995 2282 5043 recte
2305 4987 2460 5053 dixit,
2491 4985 2874 5047 Existimantes;
2903 4997 3010 5037 non
3041 4983 3185 5038 enim
3211 4981 3261 5035 id
3290 4981 3396 5035 illis
3416 4996 3481 5034 ex
3504 4986 3714 5034 senten-

2140 5077 2210 5133 tia
2231 5077 2508 5133 successit.
2525 5075 2656 5131 Nam
2677 5075 2750 5130 illi
2769 5073 2983 5145 quidem
3003 5072 3103 5128 hac
3126 5087 3184 5127 re
3206 5070 3460 5142 putabant
3479 5069 3720 5124 dolorem

2139 5168 2270 5223 mihi
2298 5167 2529 5233 aﬂ'erre;
2556 5181 2656 5236 ego
2679 5179 2812 5221 vero
2842 5163 3102 5235 evangelii
3151 5176 3435 5232 progressu
3477 5159 3718 5214 lmtabar.

2139 5261 2214 5315 lta
2241 5259 2511 5314 interdum
2541 5266 2647 5326 est,
2674 5273 2798 5312 cum
2825 5271 2962 5326 opus
2983 5255 3181 5310 bonum
3212 5268 3316 5307 non
3345 5267 3410 5306 ex
3434 5250 3576 5305 bono
3597 5265 3724 5319 pro-

2138 5351 2313 5422 posito
2342 5349 2439 5415 fit;
2472 5362 2572 5403 nec
2597 5346 2758 5402 modo
2786 5347 2930 5402 nulla
2961 5346 3036 5400 illi
3067 5357 3275 5400 merces
3304 5353 3386 5397 est
3415 5340 3721 5410 proposita,

2137 5445 2231 5503 sed
2273 5443 2594 5516 supplicium
2624 5448 2822 5496 manet.
2853 5437 2988 5494 Nam
3017 5437 3268 5509 quoniam
3300 5434 3420 5490 ideo
3449 5431 3722 5488 Christum

2137 5539 2517 5613 prtedicabant,
2563 5534 2705 5608 quod
2734 5532 2931 5590 Christi
2973 5531 3376 5602 praedicatorem
3417 5526 3470 5581 in
3515 5523 3722 5591 majora

2137 5634 2371 5707 pericula
2389 5633 2692 5702 conjectum
2715 5629 2946 5694 vellent;
2969 5641 3075 5681 non
3100 5623 3261 5680 modo
3281 5621 3479 5676 nullam
3505 5616 3722 5687 capient

2139 5728 2472 5795 mercedem,
2515 5724 2608 5781 sed
2651 5723 2811 5779 etiam
2855 5716 3117 5790 supplicio
3147 5723 3306 5772 erunt
3347 5709 3602 5776 obnoxii,
3655 5715 3722 5757 ac
