4046 6210
295 349 389 406 191

292 465 545 536 φέροντα.
586 462 702 517 Οὐκ
730 460 864 535 ἐμοῦ
894 462 1076 516 ἐνεκεν
1113 463 1286 518 ταῦτα
1321 464 1483 535 λέγω,
1530 466 1717 538 φησὶν,
1752 465 1866 521 ἀλλ’

290 559 450 630 ὑμῶν
480 558 664 612 αὐτῶν
683 576 698 590 ·
761 560 881 625 δέος
912 562 1021 633 7&9
1055 563 1128 634 μή
1164 567 1247 625 τις
1283 561 1616 634 παραφθαρῇ
1643 562 1749 616 ὑπὸ
1772 562 1872 633 τῆς

285 656 398 710 τῶν
446 655 739 726 αἱρετικῶν
780 657 1022 727 ἀγάπης.
1071 656 1240 710 Τοῦτο
1286 656 1396 726 γὰρ
1427 658 1548 712 ὅλον
1581 658 1874 712 αἰνίττεται

283 749 366 821 τῷ
398 749 573 812 οὓτως
596 748 792 801 είπεῖν.
819 749 927 801 Καὶ
963 749 1063 820 ὅρα
1104 749 1219 814 πῶς
1243 750 1374 804 αὐτὸ
1404 750 1620 821 τίθησιν
1645 767 1658 780 ·
1691 750 1765 803 Ού
1800 748 1870 802 δι’

283 845 413 915 ἐμὲ,
451 845 605 916 φησὶ,
653 842 831 899 ταῦτα
881 843 1044 914 λέγω,
1077 846 1191 900 ἀλλ’
1232 847 1333 903 ἵνα
1371 841 1476 916 ἦτε
1508 845 1679 916 ὑμεῖς
1725 847 1873 899 ειλι-

284 942 547 1012 κρινεῖςι
584 941 888 1006 τουτέστιν,
915 943 1035 997 Ἵνα
1067 943 1243 1013 μηδὲν
1271 945 1424 997 νόθον
1456 943 1631 1013 δόγμα
1656 941 1735 1013 τῷ
1775 941 1875 1010 τῆς

284 1040 515 1109 ἀγάπης
552 1038 901 1110 προσχήματι
928 1039 1324 1110 παραδέχησθε.
1357 1040 1482 1104 Πῶς
1508 1037 1602 1093 οῦν
1634 1034 1870 1106 ἀλλαχοῦ

285 1153 484 1208 φησιν,
521 1138 587 1189 El
611 1134 899 1198 δυνατὸν,
928 1134 1074 1203 μετὰ
1099 1136 1343 1189 πάντων
1370 1135 1700 1203 ἀνθρώπων
1724 1134 1875 1198 είρη·

285 1234 538 1293 redata;
561 1232 934 1300 Είρηνεύετε,
965 1228 1139 1296 εἶπεν,
1162 1234 1221 1286 ού
1241 1233 1401 1287 τοῦτο
1426 1233 1626 1303 δηλῶν,
1651 1232 1733 1284 ὅτι
1757 1230 1871 1297 Ούχ

285 1328 471 1391 οὕτως
521 1328 795 1396 ἀγαπᾶτε,
827 1325 967 1381 ὥστε
1007 1328 1111 1381 ὑπὸ
1147 1328 1250 1399 τῆς
1294 1328 1480 1398 φιλίας
1516 1324 1873 1398 βλάπτεσθαιο

285 1428 366 1481 El
393 1426 506 1493 γὰρ
542 1426 576 1477 ό
603 1423 913 1493 ὀφθαλμός
936 1440 1053 1479 σου
1081 1423 1113 1477 ὁ
1147 1424 1346 1491 δεξιὸς
1373 1421 1754 1482 σκανδαλίζει
1779 1438 1872 1487 σε,

286 1520 485 1591 φησιν,
518 1519 789 1587 ἔκκοψον
819 1520 1026 1581 αὐτὸν,
1072 1520 1173 1574 καί
1212 1520 1371 1585 ,θάλε
1399 1520 1519 1574 ἀπὸ
1552 1517 1703 1573 σοῦ·
1733 1516 1873 1583 ἀλλ’,

289 1619 426 1676 Ἵνα
461 1613 569 1687 ἦτε
616 1615 982 1684 εἰλικρινεῖς,
1026 1617 1087 1671 τὸ
1124 1616 1265 1673 κατὰ
1301 1617 1432 1671 Θεὸν
1484 1615 1750 1688 δηλονότι,
1782 1615 1877 1667 καὶ

287 1716 701 1782 ἀπρόσκοποι.
729 1711 791 1765 τὸ
816 1710 956 1766 κατὰ
976 1710 1314 1781 ἀνθρώπους.
1342 1712 1577 1775 Πολλοὺς
1611 1712 1721 1782 γὰρ
1751 1709 1878 1762 πολ-

287 1810 456 1872 λάκις
489 1808 548 1861 αἱ
600 1806 777 1876 φιλίαι
831 1806 1179 1879 βλάπτουσιν.
1243 1808 1307 1861 Et
1343 1807 1451 1880 7&9
1476 1809 1571 1863 καὶ
1621 1810 1680 1861 σέ
1724 1805 1877 1860 οὐδὲν

293 1905 550 1977 βλάπτει,
584 1904 773 1973 φησὶν,
810 1903 927 1956 ἀλλ’
958 1902 1147 1975 ἕτερος
1198 1904 1558 1976 προσκόπτει.
1600 1904 1706 1971 Είς
1736 1901 1878 1972 ἠμέ·

284 2018 412 2069 ⁴ραν
436 1997 732 2068 Χριστοῦ’
762 1998 1057 2064 τουτέστιν,
1095 1999 1213 2052 ἰνα
1248 1998 1371 2053 τότε
1405 1999 1665 2070 εὑρεθῆτε
1702 1998 1875 2051 καθα-

298 2098 420 2169 ροὶ,
465 2096 672 2167 μηδένα
711 2094 1159 2159 σκανδαλίσαντες
1182 2112 1196 2125 ·
1229 2094 1693 2165 Πεπληρωμένοι
1740 2109 1879 2161 καρ-

294 2193 431 2248 πῶν
477 2193 873 2259 δικαιοσύνης
917 2192 1035 2293 τῶν
1081 2193 1177 2249 διὰ
1205 2194 1410 2262 Ἰησοῦ
1457 2191 1738 2262 Χριστοῦ,
1790 2193 1874 2256 εις

296 2301 489 2365 δόξαν
524 2299 625 2354 καί
654 2300 907 2354 ἔπαινον
938 2297 1118 2353 Θεοῦο
1165 2299 1412 2353 τουτέστι
1453 2298 1591 2371 μετὰ
1621 2298 1729 2351 τῶν
1759 2298 1881 2366 δογ-

303 2399 490 2468 μάτων
525 2396 624 2451 καὶ
670 2394 785 2465 βίον
820 2394 978 2466 όρθδν
1006 2395 1242 2466 ἔχοντες.
1266 2397 1341 2450 Ού
1374 2395 1480 2467 7&9
1511 2395 1698 2459 ἁπλῶς
1721 2394 1880 2465 ὀρθὸν

297 2492 441 2549 εἶναι
477 2493 611 2565 χρὴ,
658 2491 794 2546 ἀλλά
826 2491 1222 2563 πεπληρῶσθαι
1250 2492 1479 2562 καρπῶν
1509 2490 1877 2560 δικαιοσύνης.

300 2591 458 2643 Ἐστι
493 2587 606 2659 γὰρ
649 2585 987 2656 δικαιοσύνη,
1020 2584 1135 2638 ἀλλ’
1165 2586 1228 2638 οὑ
1275 2585 1418 2640 κατά
1460 2585 1717 2658 Χριστὸν,
1769 2578 1881 2637 οἷον

299 2686 411 2757 βίος
449 2684 640 2746 ἁπλῶς
677 2682 966 2754 ἐνάρετος·
1013 2680 1172 2745 ἀλλὰ,
1214 2679 1337 2735 Τῶν
1372 2681 1472 2736 διὰ
1513 2682 1713 2750 Ἰησοῦ
1744 2683 1883 2749 Χρι-

298 2780 471 2846 στοῦ,
502 2779 691 2850 φησὶν,
722 2780 810 2842 εἰς
849 2776 1038 2840 δόξαν
1067 2774 1167 2829 καί
1218 2774 1470 2830 ἔπαινον
1502 2774 1672 2830 Θεοῦ.
1718 2772 1883 2842 Ὁρᾷς

298 2879 380 2932 ὅτι
412 2876 477 2929 ού
502 2874 604 2946 την
632 2872 872 2945 ἐμαυτοῦ
915 2872 1075 2936 δόξαν
1118 2871 1286 2939 λέγω,
1318 2869 1454 2925 ἀλλά
1482 2871 1582 2942 τὴν
1624 2869 1718 2922 τοῦ
1745 2867 1881 2923 Θεοῦ

299 2970 652 3039 δικαιοσύνην
676 2986 691 3034 ;
732 2967 1007 3039 Πολλαχοῦ
1027 2967 1085 3021 δὲ
1113 2966 1460 3038 δικαιοσύνην
1482 2967 1577 3020 καὶ
1604 2966 1701 3037 τὴν
1727 2966 1883 3037 ἐλεη-

305 3066 547 3137 μοσύνην
590 3064 760 3135 λέγει.
796 3066 887 3136 Μὴ
934 3063 1379 3135 παραϐλαπτέτω
1419 3063 1586 3134 ὑμᾶς,
1629 3062 1814 3132 φησὶν,
1848 3060 1883 3132 ἡ

301 3167 494 3237 ἀγάπη
532 3165 670 3236 πρὸς
697 3162 760 3216 τὺ
784 3162 983 3216 εἰδέναι
1011 3165 1082 3216 τὰ
1104 3162 1475 3234 συμφέροντα,
1507 3159 1665 3232 μηδὲ,
1694 3158 1883 3229 ἐπειδὴ

301 3263 391 3315 τὸν
424 3262 577 3315 δεῖνα
624 3258 823 3327 φιλεῖς,
875 3258 1193 3329 καταπέσῃς
1246 3256 1416 3329 [2οη.
1458 3255 1730 3326 Βούλομαι
1782 3254 1884 3325 μὲν

303 3355 637 3421 αὐξάνεσθαι
669 3353 768 3424 τὴν
804 3352 1026 3422 ἀγάπην
1060 3352 1237 3423 ὑμῶν,
1268 3351 1367 3422 οὐχ
1391 3351 1534 3405 οὕτω
1576 3350 1777 3421 μέντοι,
1809 3348 1885 3413 ὡς

304 3454 399 3507 καὶ
434 3448 773 3522 βλάπτεσθαι
795 3464 809 3478 ’
842 3446 937 3501 καὶ
964 3448 1062 3518 οὐχ
1090 3446 1279 3511 ἁπλῶς
1310 3445 1572 3517 βούλομαι
1595 3443 1882 3515 προλήψει,

304 3549 444 3607 ἀλλά
486 3547 913 3619 δοκιμάσαντας,
964 3547 1013 3598 εί
1060 3546 1222 3615 ἡμεῖς
1272 3542 1454 3606 καλῶς
1496 3542 1747 3611 λέγομεν.
1779 3540 1887 3594 Καὶ

307 3650 407 3701 οὐκ
431 3641 607 3710 εἶπεν,
630 3644 748 3697 Ἰνα
770 3642 839 3695 τά
862 3641 1106 3712 ἡμέτερα
1129 3641 1380 3712 αἱρῆσθε,
1410 3638 1547 3705 ἀλλ’,
1571 3639 1695 3693 Ἵνα
1722 3637 1884 3691 δοκι·

304 3743 545 3815 μάζητε.
582 3743 692 3795 Καὶ
720 3742 820 3795 οὐκ
853 3736 973 3793 εἷπε
1017 3737 1296 3810 φανερῶς,
1331 3736 1424 3806 Μὴ
1467 3734 1546 3805 τῷ
1575 3734 1707 3788 δεῖνι
1748 3734 1884 3804 πλη-

314 3840 529 3903 σιάζετε
547 3855 562 3870 ·
595 3837 752 3904 ἀλλά,
776 3836 920 3909 Πρὸς
947 3836 1008 3889 τὸ
1035 3834 1312 3906 συμφέρον
1345 3832 1607 3904 βούλομαι
1629 3832 1757 3902 ύμῖν
1788 3830 1886 3902 τὴν

313 3937 533 4007 ἀγάπην
578 3932 851 4003 γίνεσθαι,
896 3933 995 4003 οὐχ
1046 3932 1135 3986 ἵνα
1179 3928 1521 4000 ἀναισθήτως
1569 3927 1882 3997 διακέησθε.

326 4032 579 4100 ’Δνόητον
609 4042 637 4072 ι
664 4029 794 4101 7&9,
820 4030 871 4083 εί
920 4029 997 4101 μὴ
1027 4027 1116 4082 διά
1146 4026 1381 4100 Χριστὸν
1409 4024 1510 4096 τὴν
1539 4021 1888 4092 δικαιοσύνην

314 4128 634 4202 ἐργάζεσθε,
662 4129 755 4182 καὶ
785 4128 852 4181 δι’
886 4125 1072 4181 αὐτοῦ.
1107 4126 1238 4180 Ἰδοὺ
1266 4125 1346 4191 τὸ,
1380 4126 1457 4178 Δι’
1487 4122 1674 4186 αὐτοῦ,
1703 4121 1883 4175 πάλιν.

312 4223 457 4298 ’Ᾱρα
485 4221 580 4279 οῦν
608 4223 867 4297 ὑπουργῷ
901 4224 1168 4296 κέχρηται
1210 4222 1289 4293 τῷ
1319 4221 1473 4292 Θεῷ;
1504 4221 1720 4287 Ἀπαγε
1740 4235 1753 4248 ·
1788 4219 1887 4287 οὐχ

314 4324 398 4377 ῖνα
435 4321 573 4390 ἐγὼ,
608 4321 797 4392 φησιν,
844 4318 1142 4384 ἐπαινεθῶ,
1187 4317 1361 4380 οὕτως
1389 4312 1564 4378 εἷπον,
1594 4313 1709 4367 ἀλλ’
1743 4314 1830 4365 ἵνα
1859 4314 1888 4364 ὁ

311 4423 443 4487 Θεὸς
507 4419 825 4490 δοξάζηται.
877 4416 1212 4471 Γινώσκειν
1247 4414 1316 4467 δὲ
1370 4412 1525 4482 ὑμᾶς
1566 4411 1886 4478 βούλομαι,

311 4516 589 4589 ἀδελφοὶ,
624 4514 712 4569 ὅτι
743 4514 817 4569 τὰ
856 4511 983 4568 κατ’
1034 4511 1141 4582 ἐμὲ
1187 4508 1429 4580 μᾶλλον
1455 4510 1543 4574 εἱς
1571 4505 1891 4575 προκοπὴν

310 4617 416 4672 τοῦ
453 4611 822 4683 libum-3.11022
867 4609 1190 4678 ἐλήλυθεν.
1219 4607 1402 4661 ’Ὠστε
1442 4603 1585 4669 τοὺς
1632 4600 1892 4670 δεσμούς

306 4732 424 4784 μου
464 4708 768 4781 φανεροὺς
816 4707 887 4761 ἐν
942 4703 1176 4774 Χριστῷ
1212 4701 1492 4773 γενέσθαι
1541 4698 1611 4752 ἐν
1654 4698 1776 4764 ὅλῳ
1813 4696 1894 4762 τῷ

310 4807 663 4881 ἰραιτωρίῳ,
691 4803 790 4858 καί
815 4803 939 4870 τοῖς
967 4800 1201 4868 λοιποῖς
1238 4798 1449 4854 πᾶσιν.

383 4993 453 5063 β’.
494 4989 658 5055 Εἰκὸς
675 4984 742 5060 ἦν
764 4987 1103 5050 ἀκούσαντας
1117 4986 1199 5041 ὃτι
1225 4984 1453 5048 δέδεται,
1469 4985 1675 5053 ἀλγεῖν,
1700 4982 1795 5037 καὶ
1812 4999 1898 5035 νο-

318 5090 497 5161 μίζειν
543 5086 911 5157 ἐγκόπτεσθαι
952 5085 1014 5139 τὸ
1046 5086 1330 5157 κήρυγμα.
1361 5084 1424 5137 Τί
1454 5078 1548 5136 οὖν
1585 5084 1758 5147 ποιεῖς
1794 5082 1899 5133 E9-

314 5189 451 5249 θέως
502 5185 709 5254 ταύτην
756 5184 975 5254 ἀναιρεῖ
1017 5180 1116 5251 τὴν
1165 5180 1423 5249 ὑποψίαν,
1467 5178 1560 5232 καί
1604 5191 1771 5247 φησιο
1816 5174 1899 5229 Τὰ

316 5284 447 5337 κατ’
482 5279 590 5350 ἐμὲ
617 5278 860 5349 μᾶλλον
891 5279 979 5343 εις
1026 5275 1343 5345 προκοπὴν
1388 5274 1496 5329 τοῦ
1524 5269 1898 5343 Εὐαγγελίου

314 5377 603 5445 ἐλήλυθε.
639 5376 748 5427 Καὶ
771 5374 931 5427 τοῦτο
954 5374 1012 5427 δέ
1037 5371 1338 5443 φιλοῦντος,
1372 5371 1435 5425 τὸ
1463 5370 1529 5423 τὰ
1560 5368 1680 5422 καθ’
1710 5368 1898 5421 ἐαυτὸν

316 5473 512 5544 δηλοῦν
565 5474 769 5536 αὐτοῖς,
808 5470 907 5525 ἆτε
951 5470 1276 5542 μεριμνῶσι.
1308 5470 1374 5523 Τί
1416 5468 1635 5537 λέγεις;
1666 5466 1895 5529 δέδεσαι,

317 5567 695 5640 ἐνεποδίσθης,
753 5569 849 5621 καὶ
901 5567 1021 5630 πῶς
1070 5565 1133 5620 τὸ
1183 5564 1515 5636 Εὑαγγέλιον
1553 5563 1896 5629 ἐπιδίδωσιν;

386 5790 411 5819 ⁸
440 5778 611 5828 Iallcl
629 5776 850 5833 ἀνόνητον
872 5777 1103 5825 Hunnus.

1223 348 1289 402 IN
1330 346 1545 405 EPIST.
1586 347 1678 402 AD
1711 346 1995 406 PHILIPP.
2035 348 2186 409 CAP.
2227 348 2268 404 1.
2336 350 2564 407 ΙΙΟΜΙΙ..
2605 351 2666 409 ll.

3450 363 3550 419 192

1979 467 2161 522 Ὥστε
2189 468 2330 534 τοὺς
2364 467 2629 539 δεσμούς
2667 488 2809 540 μου,
2842 472 2996 542 φησὶ,
3049 476 3348 545 φανεροὺς
3378 478 3549 546 γενέ·

1973 568 2115 619 σθαι
2141 564 2283 631 τοὺς
2306 565 2377 619 ὲν
2403 563 2635 634 Χριστῷ
2662 565 2731 619 ἐν
2754 566 2873 634 ὅλῳ
2901 566 2981 633 τῷ
3004 572 3351 639 πραιτωρίῳ.
3379 572 3551 625 Τοῦτο

1977 661 2039 716 ού
2102 662 2266 733 μόνον
2308 664 2409 717 οὐκ
2448 663 2773 735 ἐπεστόμισε
2802 667 2929 730 τοὺς
2970 667 3161 732 ἄλλους
3193 670 3313 723 οὐδὲ
3342 669 3546 733 δειλοὺς

1976 760 2253 832 ἐποίησεν,
2280 762 2394 815 ἀλλ’
2425 762 2557 815 αὐτὸ
2584 761 2741 815 τοῦτο
2768 764 2863 816 καὶ
2890 763 3087 833 μᾶλλον
3115 766 3547 839 παρεθάρρυνεν.

1976 857 2041 910 Εί
2071 857 2253 912 τοίνυν
2280 859 2330 912 οῑ
2352 858 2581 927 πλησίον
2609 858 2759 922 ὄντες
2786 859 2895 914 τῶν
2917 860 3175 915 κινδύνων
3208 862 3367 931 μόνον
3397 863 3552 917 ούδέν

1977 953 2308 1024 ἐδλάσησαν,
2348 953 2485 1009 ἀλλὰ
2531 956 2626 1007 καὶ
2665 954 2827 1007 πλέον
2873 956 3071 1027 θάρσος
3118 958 3326 1022 ἔλαϐον,
3374 960 3554 1029 πολλῷ

1980 1048 2185 1119 μᾶλλον
2204 1049 2351 1119 ὑμᾶς
2378 1048 2601 1121 θαρρεῖν
2626 1051 2755 1121 χρή.
2785 1050 2849 1103 Εἰ
2881 1052 2979 1121 μὲν
3013 1052 3121 1123 γὰρ
3148 1052 3323 1116 δεθεὶς
3353 1054 3555 1118 ἀθλίως

1977 1143 2197 1212 ἡνεγκε,
2232 1142 2328 1196 καὶ
2363 1143 2641 1213 ἐσίγησεν,
2664 1144 2815 1207 είκὺς
2846 1141 2911 1215 ἦν
2936 1147 3033 1199 xal
3064 1148 3304 1211 ἐκείνους
3335 1148 3397 1201 τὺ
3424 1150 3556 1202 αὐτὸ

1978 1237 2189 1291 παθεῖν·
2226 1241 2273 1292 εί
2306 1239 2363 1292 δέ
2411 1239 2586 1304 δεθεὶς
2631 1240 2796 1295 πλέον
2835 1242 3296 1314 ἐπαρρησιάζετο,
3354 1244 3555 1316 μᾶλλον

1976 1335 2162 1399 αὐτοῖς
2191 1334 2392 1407 θάρσος
2440 1335 2660 1399 ἔδωκεν,
2702 1336 2736 1405 ἢ
2782 1337 2832 1389 εί
2882 1337 2957 1408 μὴ
3004 1338 3183 1409 ἐδέθη.
3216 1340 3340 1403 Πῶς
3381 1342 3436 1393 δέ
3477 1343 3556 1405 είς

1978 1428 2259 1500 προκοπὴν
2295 1428 2389 1482 τοῦ
2425 1429 2758 1498 Εὐαγγελίου
2780 1430 2969 1499 γέγονε
2993 1432 3061 1485 τὰ
3096 1432 3301 1503 δεσμά;
3340 1435 3397 1487 '0
3426 1435 3558 1497 Θεὸς

1977 1523 2136 1577 τοῦτο
2162 1524 2499 1595 ᾠκονόμησε,
2530 1524 2713 1595 φησὶν,
2740 1525 2881 1579 ὥστε
2912 1526 2986 1598 μὴ
3028 1527 3212 1580 λαθεῖν
3241 1530 3367 1592 τοὺς
3392 1530 3559 1600 ἐμοὺς

1978 1621 2229 1690 δεσμοὺς,
2256 1622 2379 1683 τοὺς
2404 1622 2462 1673 ἐν
2488 1619 2730 1691 Χριστῷ,
2762 1621 2887 1685 τοὺς
2912 1622 2999 1675 διὰ
3020 1623 3276 1693 Χριστόν,
3314 1625 3410 1677 Ἐν
3441 1624 3562 1691 ὅλῳ

1978 1714 2058 1787 τῷ
2094 1714 2438 1784 πραιτωρίῳ.
2472 1715 2623 1778 Τέως
2655 1715 2765 1787 7&9
2803 1715 2976 1780 οὕτως
3023 1719 3249 1772 ἐκάλουν
3301 1719 3370 1772 τὰ
3410 1718 3549 1789 βασί-

1979 1811 2117 1864 λεια.
2153 1808 2287 1863 Οὐδὲ
2331 1810 2402 1863 ἐν
2428 1808 2506 1875 τῷ
2535 1812 2863 1879 πραιτωρίῳ
2895 1814 3079 1883 μόνον,
3114 1814 3251 1870 ἀλλά
3287 1815 3383 1867 καὶ
3408 1818 3465 1868 ἐν
3490 1818 3560 1888 τῇ

1981 1911 2155 1975 πόλει,
2187 1909 2342 1977 φησὶ,
2376 1910 2544 1982 πάσῃ.
2582 1909 2693 1963 Καὶ
2727 1910 2868 1977 τοὺς
2902 1913 3191 1978 πλείονας
3228 1912 3347 1966 τῶν
3382 1914 3562 1968 ἀδελ-

1979 2006 2109 2078 φῶν
2165 2007 2234 2059 ἐν
2300 2007 2492 2074 Κυρίῳ
2555 2007 2913 2075 πεποιθότας
2967 2009 3090 2076 τοῖς
3143 2010 3387 2080 δεσμοῖς
3441 2027 3562 2080 μου

1980 2103 2421 2175 περισσοτέρως
2451 2102 2681 2173 τολμᾷν
2716 2106 2950 2174 ἀφόϐως
2980 2106 3088 2160 τὸν
3117 2109 3304 2177 λόγον
3325 2107 3559 2162 λαλεῖν.

1980 2202 2230 2256 Δείκνυσι
2279 2200 2459 2263 τοῦτο,
2517 2203 2601 2254 ὅτι
2664 2203 2760 2255 καὶ
2816 2203 3081 2274 πρότερον
3126 2203 3415 2276 ἐθάρρουν,
3466 2203 3562 2256 καὶ

1984 2299 2121 2369 μετά
2160 2297 2472 2369 παρρησίας
2520 2296 2842 2365 διελέγοντο,
2890 2298 2985 2351 νῦν
3019 2298 3077 2351 δὲ
3137 2299 3319 2370 πολλῷ
3375 2299 3560 2352 πλέον.

1982 2398 2045 2449 Εἰ
2077 2394 2224 2447 ἄλλοι
2257 2394 2457 2456 τοίνυν,
2498 2395 2654 2464 φησὶ,
2680 2394 2771 2448 διὰ
2797 2396 2924 2459 τοὺς
2962 2397 3131 2466 ἐμοὺς
3163 2395 3397 2467 δεσμοὺς
3427 2395 3561 2468 θαρ-

1984 2491 2159 2564 ροῦσι,
2184 2490 2363 2560 πολλῷ
2402 2488 2603 2559 μᾶλλον
2627 2489 2770 2558 ἐγώο
2801 2492 2852 2543 εί
2884 2492 3064 2556 ἄλλοις
3094 2493 3212 2563 είμὶ
3241 2492 3412 2555 αἴτιος
3431 2492 3564 2563 θάρ-

1986 2604 2132 2651 σους,
2168 2586 2349 2657 πολλῷ
2376 2585 2576 2656 μᾶλλον
2612 2586 2857 2658 ἐμαυτῷ.
2915 2588 3026 2641 Kal
3079 2588 3223 2653 τοὺς
3275 2590 3564 2654 πλείονας

1982 2683 2102 2738 τῶν
2130 2679 2413 2750 ἀδελφῶν
2449 2680 2519 2733 ἐν
2567 2681 2781 2750 Κυρίῳ.
2828 2681 3047 2753 Ἐπειδὴ
3085 2683 3228 2752 μέγα
3268 2678 3337 2753 ἧν
3383 2682 3445 2735 τὸ
3483 2687 3567 2737 εί-

1985 2781 2127 2845 πεῖν,
2160 2779 2242 2832 ὃτι
2270 2777 2334 2831 Οἱ
2361 2776 2484 2848 ἐμοὶ
2512 2776 2703 2848 δεσμοὶ
2719 2776 2918 2849 θάρσος
2941 2778 3128 2842 αὐτοῖς
3159 2781 3441 2849 παρεῖχον,
3475 2780 3566 2834 διὰ

1983 2878 2143 2931 τοῦτο
2183 2872 2470 2945 προλαϐὼν
2511 2868 2683 2926 εἶπεν·
2726 2873 2825 2925 Ἐν
2856 2873 3071 2942 Κυρίῳ.
3116 2873 3279 2945 ὐρᾷς
3313 2875 3431 2936 πῶς
3471 2874 3568 2929 καὶ
3654 2878 3657 2879 ⁷

1985 2973 2236 3041 ἀνάγκην
2264 2971 2404 3042 ἔχων
2429 2970 2523 3025 τοῦ
2550 2971 2969 3042 μεγαληγορεῖν,
2991 2970 3085 3024 τοῦ
3124 2969 3441 3041 μετριάζειν
3467 2969 3568 3021 οὐκ

1985 3068 2314 3138 ἀφίσταται;
2365 3067 2813 3136 Περισσοτέρως
2874 3066 3125 3138 τολμᾷν,
3175 3065 3325 3139 [205]
3380 3066 3565 3135 φησὶν,

1986 3166 2226 3235 ἀφόϐως
2264 3165 2371 3220 τὸν
2423 3167 2611 3234 λόγον
2663 3163 2896 3219 λαλεῖν.
2952 3165 3046 3229 Τὸ,
3098 3162 3565 3232 Περισσοτέρως,

1987 3259 2295 3322 δεικνύντος
2328 3260 2499 3324 ἐστὶν,
2546 3260 2629 3313 ὅτι
2685 3259 2785 3330 ήδη
2822 3258 3074 3330 ἧρξαντο.
3124 3257 3288 3324 Τινὲς
3315 3258 3431 3326 μὲν
3468 3257 3567 3312 καί

1988 3357 2085 3411 διὰ
2116 3359 2347 3426 φθόνον
2381 3355 2480 3410 καί
2532 3355 2679 3423 ἔριν,
2712 3356 2875 3422 τινὲς
2919 3355 2988 3409 δὲ
3042 3355 3138 3409 καί
3179 3354 3254 3408 δι’
3284 3354 3571 3409 εὐδοκίαν

1987 3450 2096 3505 τὸν
2126 3451 2387 3518 Χριστὸν
2419 3451 2822 3517 κηρύσσουσι.
2856 3449 2920 3502 Τί
2941 3449 3006 3520 δὴ
3034 3449 3193 3502 τοῦτό
3221 3451 3389 3514 ἐστιν,
3420 3448 3570 3513 άξιον

1991 3549 2204 3619 μαθεῖν.
2256 3547 2476 3616 Ἐπειδὴ
2535 3545 2839 3616 κατεσχέθη
2872 3548 2901 3600 ό
2947 3544 3177 3609 Παῦλος,
3209 3546 3299 3597 τὸν
3333 3544 3570 3613 πόλεμον

1987 3644 2199 3713 ἐγεῖραι
2232 3641 2547 3712 βουλόμενοι
2584 3641 2812 3712 σφοδρὸν
2844 3640 2934 3694 τδν
2968 3640 3121 3712 παρά
3150 3639 3244 3695 τοῦ
3301 3640 3571 3711 βασιλέως

1988 3738 2175 3791 πολλοὶ⁸
2206 3738 2313 3791 τῶν
2352 3737 2619 3804 ἀπίστων,
2652 3739 2745 3791 καὶ
2773 3737 2926 3789 αὐτοὶ
2948 3736 3038 3789 τὸν
3068 3736 3306 3808 Χριστὸν
3339 3738 3436 3807 ἐκή
3448 3752 3571 3807 ρυτ-

1989 3849 2114 3888 τονο
2149 3834 2291 3888 ὥστε
2334 3834 2560 3906 μείζονα
2609 3833 2862 3903 γενέσθαι
2894 3833 2972 3905 τῷ
3003 3832 3216 3904 βασιλεῖ
3247 3832 3347 3905 τὴν
3376 3834 3569 3907 ὀργὴν,

1989 3931 2086 3986 ἆτε
2132 3931 2225 3985 τοῦ
2271 3930 2632 4004 κηρύγματος
2671 3930 3145 4003 διασπειρομένου,
3205 3933 3300 3986 καὶ
3354 3933 3434 3995 είς
3473 3930 3573 4002 τὴν

1988 4025 2085 4081 τοῦ
2120 4026 2336 4081 Παύλου
2375 4028 2619 4102 κεφαλὴν
2655 4026 2719 4081 τὺ
2751 4029 2861 4081 πᾶν
2906 4028 3081 4082 ἐλθεῖν
3109 4026 3205 4081 τοῦ
3238 4027 3433 4098 θυμοῦ.
3467 4027 3574 4079 Δύο

1988 4123 2167 4177 τοίνυν
2203 4123 2535 4195 προφάσεων
2562 4125 2850 4194 γεγόνασιν
2892 4126 2941 4178 οί
2972 4126 3165 4195 δεσμοὶ
3217 4124 3403 4177 αἴτιοι.
3447 4123 3575 4186 Τοῖς

1995 4221 2094 4292 μὲν
2128 4220 2235 4291 γὰρ
2270 4220 2467 4290 θάρσος
2503 4224 2763 4291 παρεῖχον
2798 4222 2959 4286 πολὺ,
2993 4222 3121 4282 τοὺς
3157 4219 3216 4272 δέ
3266 4221 3345 4282 είς
3387 4219 3574 4272 ἐλπίδα

1990 4318 2217 4384 άγοντες
2246 4315 2349 4384 τῆς
2396 4315 2537 4384 ἐμῆς
2583 4316 2880 4381 ἀπωλείας,
2916 4314 3336 4386 παρεσκεύασαν
3369 4312 3574 4384 κηρύτ-

1990 4428 2105 4465 τειν
2136 4410 2226 4462 τὸν
2251 4410 2508 4481 Χριστόν.
2546 4410 2708 4478 Τίνες
2732 4412 2851 4480 μὲν
2879 4411 2977 4464 διὰ
3006 4412 3265 4480 φθόνον·
3305 4410 3572 4475 τουτέστι,

1992 4504 2317 4579 φθονοῦντες
2357 4508 2424 4577 τῇ
2478 4505 2605 4579 δόξῃ
2656 4509 2723 4577 τῇ
2774 4508 2881 4578 ἐμῇ
2915 4507 3008 4559 καὶ
3045 4507 3112 4576 τῇ
3162 4505 3435 4569 ἐνστάσει,
3479 4506 3575 4559 καὶ

1996 4602 2310 4676 βουλόμενοί
2340 4619 2407 4674 με
2432 4601 2730 4656 ἀπολέσθαι
2752 4603 2846 4655 καὶ
2862 4602 3134 4672 ἐρίζοντες
3162 4617 3275 4673 μοι,
3299 4619 3359 4654 συ
3368 4602 3577 4673 μπράτ-

1994 4716 2178 4753 τουσιν
2208 4698 2361 4770 ἐμοί·
2400 4698 2434 4770 ἢ
2467 4696 2608 4752 ὥστε
2647 4698 2743 4752 καὶ
2774 4698 2929 4753 αὐτοὶ
2953 4699 3239 4771 τιμᾶσθαι,
3274 4700 3369 4755 καὶ
3392 4699 3576 4771 οἰόμε-

1995 4813 2077 4850 νοι
2107 4794 2408 4866 παρασπᾷν
2436 4811 2489 4847 τι
2516 4795 2615 4866 τῆς
2642 4794 2802 4866 δόξης
2846 4795 2946 4865 τῆς
2973 4796 3135 4867 ἐμῆς.
3189 4797 3355 4863 Τινὲς
3383 4797 3451 4850 δὲ
3478 4796 3576 4851 καί

1995 4891 2069 4945 δι’
2099 4891 2401 4946 εὐδοκίανο
2430 4890 2698 4959 τουτέστι,
2726 4890 2896 4963 χωρὶς
2914 4891 3275 4963 ὑποκρίσεως,
3302 4891 3410 4944 ἀπὸ
3437 4908 3571 4962 προ-

1998 4989 2197 5061 θυμίας
2224 4989 2463 5060 άπάσης.
2519 4991 2585 5043 οι
2625 4990 2745 5058 μὲν
2769 4990 2840 5056 ἐξ
2869 4990 3123 5060 ἐριθείας
3164 4993 3269 5044 τὸν
3317 4988 3579 5059 Χριστὸν

1998 5088 2519 5160 καταγγέλλουσιν
2546 5090 2658 5157 οὐχ
2686 5088 2880 5158 ἁγνῶς
2900 5108 2915 5121 ο
2953 5090 3250 5151 τουτέστιν,
3298 5086 3399 5140 οὐκ
3446 5088 3574 5140 εἰλι-

2001 5187 2224 5257 κρινῶς,
2251 5185 2372 5240 ούδέ
2404 5184 2471 5238 δι’
2498 5186 2630 5240 αὐτὸ
2656 5187 2717 5241 τὸ
2752 5190 3007 5261 πρᾶγμα.
3042 5188 3177 5242 ἀλλὰ
3214 5185 3301 5240 διὰ
3322 5183 3411 5252 τί;
3449 5186 3578 5238 Οίό-

1996 5300 2169 5356 μενοι
2219 5281 2430 5350 θλῖψιν
2476 5282 2784 5352 ἐπιφέρειν
2813 5283 2937 5351 τοῖς
2965 5282 3208 5353 δεσμοῖς
3233 5300 3371 5352 μου.
3402 5282 3574 5355 Νομί-

2004 5378 2188 5443 ζοντες
2222 5376 2333 5448 γὰρ
2362 5375 2505 5431 οῦτω
2546 5395 2615 5448 με
2640 5379 2721 5441 είς
2748 5379 2973 5449 μείζονα
3000 5379 3357 5450 ἐμπεσεῖσθαι
3397 5379 3576 5434 κίνδυ-

2001 5491 2112 5537 νον,
2138 5472 2316 5541 θλῖψιν
2350 5474 2649 5541 ἐπάγουσιν
2679 5474 2773 5525 ἐπὶ
2801 5473 2999 5545 θλίψει.
3038 5475 3101 5526 Ὢ
3128 5476 3228 5547 τῆς
3259 5476 3574 5549 ὠμότητοςί

2002 5570 2050 5624 ὣ
2091 5570 2192 5639 τῆς
2227 5568 2541 5639 διαϐολικῆς
2569 5569 2882 5642 ἐνεργείαςι
2937 5568 3221 5643 δεδεμένον
3268 5572 3456 5646 ἐώρων
3487 5574 3581 5626 καὶ

2003 5666 2243 5737 ἐμδεδλη
2253 5667 2411 5738 μένον
2428 5668 2506 5729 εἰς
2526 5666 2919 5738 δεσμωτήριον,
2947 5670 3040 5723 καὶ
3062 5670 3140 5724 ἐτι
3166 5672 3423 5741 ἐφθόνουν
3438 5688 3452 5703 ⁸
3485 5673 3579 5727 σθ-

2013 5761 2121 5825 ξειν
2164 5760 2313 5833 αύτῷ
2343 5760 2407 5815 τά
2442 5760 2547 5815 τῶν
2588 5761 2884 5833 συμφορῶν
2930 5764 3139 5836 ἦθελον,
3188 5768 3282 5822 καὶ
3334 5769 3573 5840 μείζονος
