4014 6200
391 254 497 311 193

382 364 553 435 ὀργῆς
582 359 883 433 ὑπεύθυνον
914 355 1196 426 λαθιστᾷν.
1222 352 1335 406 Kal
1369 350 1547 414 καλῶς
1571 344 1691 403 εἷπε
1716 347 1797 411 τὸ,
1827 344 1953 399 οἷό·

387 471 554 523 μενοι
578 470 594 486 ο
622 452 685 506 οὐ
731 449 839 522 τάρ
880 448 1057 511 οὕτως
1089 445 1384 512 ἐξέϐαινεν.
1425 441 1650 495 Ἐκεῖνοι
1702 440 1801 509 μὲν
1849 435 1958 506 γάρ

388 543 637 614 ἐνόμιζόν
671 558 738 612 με
769 540 943 611 τούτῳ
993 539 1204 599 λυπεῖν,
1254 534 1365 604 ἐγὼ
1408 532 1465 585 δὲ
1518 532 1736 603 ἔχαιρον
1767 530 1848 582 δτι
1901 530 1962 581 τὸ

390 638 654 706 κήρυγμα
678 629 941 683 ἐπεδίδου.
962 625 1153 690 Οὕτως
1184 623 1282 686 ἔνι,
1316 622 1475 693 ἔργον
1510 620 1733 690 ποιῆσαι
1762 615 1962 686 ἀγαθὸν

390 725 491 778 οὐκ
513 722 623 777 ἀπὸ
651 719 1025 792 προαιρέσεως
1047 714 1259 785 ἀγαθῆς
1278 728 1291 741 ·
1321 711 1416 765 καὶ
1437 711 1497 764 οὐ
1524 710 1684 780 μόνον
1709 709 1769 761 οὐ
1788 709 1963 761 κεῖται

396 812 586 885 μισθὸς
618 811 759 881 ὐπέρ
787 809 1000 872 τούτου,
1042 805 1178 860 ἀλλά
1206 804 1301 858 καὶ
1321 802 1563 865 κόλασις.
1603 799 1822 869 Ἐπειδὴ
1855 797 1965 866 γὰρ

398 904 611 975 μείζοσι
631 901 897 964 κινδύνοις
919 896 1236 968 περιϐαλεῖν
1262 894 1356 947 τὸν
1377 891 1472 946 τοῦ
1486 889 1723 962 Χριστοῦ
1749 889 1966 960 κήρυκα

398 994 737 1067 βουλόμενοι,
765 992 860 1045 τὸν
890 988 1126 1061 Χριστὸν
1151 988 1474 1058 ἐκήρυττον,
1497 984 1558 1036 οὐ
1590 982 1749 1053 μόνον
1775 981 1837 1033 οὐ
1870 978 1969 1049 λή-

395 1085 591 1156 ψονται
624 1082 837 1154 μισθὸν,
877 1080 1013 1135 ἀλλά
1046 1078 1143 1132 καὶ
1190 1074 1461 1147 τιμωρίας
1492 1072 1704 1126 ἔσονται
1735 1068 1970 1124 ὑπεύθυο

398 1192 478 1230 νοι
502 1174 597 1228 καὶ
621 1172 918 1234 κολάσεως.
942 1172 1008 1223 Ol
1039 1170 1108 1222 δὲ
1128 1168 1196 1232 ἐξ
1224 1166 1481 1237 ἀγάπης,
1512 1162 1738 1228 ειδότες
1765 1161 1855 1215 ὅτι
1884 1162 1971 1225 είς

401 1266 740 1328 ἀπολογίαν
769 1262 876 1317 τοῦ
906 1260 1278 1330 Εὐαγτελίου
1314 1255 1524 1325 κεῖμαι.
1551 1252 1615 1306 Τί
1645 1254 1813 1317 ἐστιν,
1843 1251 1973 1305 Ὅτι

399 1360 490 1423 είς
515 1355 851 1425 ἀπολογίαν
883 1352 990 1407 τοῦ
1037 1347 1408 1419 Ellam-extat:
1433 1347 1660 1414 κεῖμαι;
1693 1341 1971 1406 Τωτέστι,

400 1447 499 1511 τὰς
524 1444 754 1509 εὐθύνας
804 1460 896 1516 μοι
939 1440 1337 1511 ὑποτέμνοντες
1382 1435 1481 1500 τὰς
1531 1435 1670 1506 πρὸς
1703 1434 1796 1489 τὸν
1819 1433 1972 1500 Θεὸν,

404 1537 499 1591 καὶ
530 1530 1156 1604 συναντιλαμϐανόμενοί
1188 1548 1240 1583 τι
1275 1532 1354 1592 είς
1382 1526 1700 1594 ἀπολογίαν.
1720 1528 1785 1580 '0
1805 1525 1975 1594 λέγει,

403 1627 564 1681 τοῦτό
596 1630 713 1682 ἐστι
736 1644 751 1660 ο
782 1626 1136 1696 Προσετάγην
1162 1621 1395 1693 κηρῦξαι
1413 1638 1427 1653 ·
1463 1619 1641 1691 μέλλω
1664 1617 1863 1672 διδόναι
1892 1619 1980 1672 εὐ.

406 1718 590 1784 θύνας,
619 1718 714 1771 καὶ
758 1714 1143 1785 ἀπολογεῖσθαι
1177 1714 1318 1784 ὑπὲρ
1346 1711 1441 1765 τοῦ
1487 1711 1673 1782 ἐργου,
1718 1704 1780 1763 οὐ
1813 1726 1982 1781 προσ-

405 1809 637 1879 ετάγην·
688 1807 831 1862 ὥστε
862 1803 955 1861 οῦν
982 1824 1072 1878 μοι
1098 1804 1194 1877 τὴν
1222 1802 1525 1870 ἀπολογίαν
1552 1800 1803 1870 γενέσθαι
1826 1800 1982 1855 εὐκο-

404 1899 518 1964 λον,
564 1896 1154 1968 συναντιλαμϐάνονταί
1216 1912 1325 1967 μοι.
1379 1894 1503 1946 Ἐὰν
1540 1892 1650 1964 γὰρ
1698 1891 1965 1962 εὐρεθῶσι

410 1991 593 2045 πολλοὶ
618 1992 667 2044 οί
695 1989 1097 2062 κατηχηθέντες
1130 1985 1541 2048 πιστεύσαντες.
1570 1983 1791 2048 εὔκολός
1822 2001 1911 2054 μοι
1951 1985 1984 2054 ἡ

412 2081 679 2149 ἀπολογία
716 2078 890 2132 ἐσται.
933 2077 992 2131 Τί
1033 2075 1144 2146 γάρ
1164 2090 1182 2139 ;
1213 2072 1381 2141 πλὴν
1417 2072 1596 2126 παντὶ
1624 2072 1835 2141 τρόπῳ,
1866 2071 1986 2125 εἴτε

412 2170 731 2240 προφάσει,
760 2169 880 2222 alta
908 2167 1161 2235 ἀληθείᾳ
1207 2163 1461 2234 Χριστὸς
1498 2161 1984 2232 καταγγέλλεται.

416 2263 560 2332 Ὅρα
606 2260 668 2314 τὸ
715 2258 1004 2329 φιλόσοφον
1061 2256 1155 2311 τοῦ
1198 2255 1415 2325 ἀνδρόςο
1469 2255 1529 2308 οὐ
1577 2254 1781 2325 σφόδρα
1809 2253 1988 2307 αὐτῶν

418 2354 817 2425 κατηγόρησεν,
841 2350 956 2405 ἀλλ’
981 2346 1103 2403 εἷπε
1134 2349 1195 2402 τὸ
1222 2348 1523 2418 γινόμενον.
1548 2347 1613 2399 Τί
1640 2346 1768 2418 γὰρ,
1804 2348 1987 2416 φησὶν,

417 2445 542 2515 ἐμοὶ
581 2443 847 2514 διαφέρει,
881 2443 947 2497 ἄν
976 2458 1035 2495 τε
1086 2439 1280 2504 οὕτως,
1312 2440 1377 2493 ἄν
1423 2456 1481 2491 τε
1535 2439 1789 2505 ἐκείνως;
1851 2438 1992 2511 πλὴν

417 2536 584 2590 παντὶ
639 2535 844 2604 τρόπῳ,
895 2533 1006 2585 είτε
1059 2532 1350 2603 προφάσει,
1397 2528 1550 2602 [206]
1610 2529 1719 2582 εῖτε
1764 2528 1993 2601 ἀληθείᾳ

417 2624 654 2698 Χριστὸς
698 2622 1148 2692 καταγγέλλεται.
1190 2621 1303 2675 οὐκ
1332 2616 1473 2686 εἷπε,
1506 2618 1995 2688 Καταγγελλέσθω,

421 2714 748 2787 νομοθετῶν,
775 2712 914 2768 ἀλλὰ
960 2713 1178 2780 πρῶτον
1228 2714 1327 2783 μὶν
1362 2712 1424 2765 τὸ
1469 2710 1765 2781 συμϐαῖνον
1812 2711 1998 2781 ἀπήγ-

420 2807 594 2878 γειλε,
639 2805 894 2878 δεύτερον
938 2805 1020 2868 δέ,
1048 2805 1101 2857 εί
1138 2804 1233 2857 καὶ
1274 2801 1581 2872 νομοθετῶν
1629 2801 1836 2871 ἔλεγεν,
1878 2801 1999 2856 οὐδέ

423 2896 569 2952 οὕτω
596 2895 694 2960 τὰς
718 2895 959 2967 αἱρέσεις
986 2894 1228 2963 εἰσῆγεν.

499 3147 570 3208 γ’.
614 3138 988 3209 Ἐξετάσωμεν
1004 3137 1131 3208 γὰρ,
1150 3136 1196 3188 εἰ
1209 3135 1373 3199 δοκεῖ,
1389 3136 1447 3190 τὸ
1466 3138 1714 3209 πρᾶγμα,
1732 3139 1826 3190 καὶ
1841 3138 2004 3209 εὑρή-

430 3248 595 3302 σομεν
619 3272 635 3298 ,
676 3232 778 3295 ὅτι,
816 3231 863 3282 εί
899 3230 992 3282 καὶ
1030 3228 1212 3293 οὕτως·
1251 3229 1519 3300 ἐπέτρεπε
1565 3228 1876 3300 κηρύττειν,
1928 3230 2004 3293 ὡς

430 3325 649 3386 ἐκεῖνοι,
698 3321 818 3374 οὐδὲ
869 3319 1041 3384 οὕτως
1087 3321 1336 3391 εἰσήγετο
1381 3320 1612 3390 αἵρεσις,
1672 3320 1826 3385 Πῶς;
1885 3320 2005 3372 Ὀτι

431 3415 627 3468 ἐκεῖνοι
656 3412 819 3479 ὐγισῦς
852 3411 949 3483 μὲν
985 3412 1300 3482 ἐκήρυττον,
1330 3413 1359 3464 ό
1391 3411 1593 3476 σκοπὸς
1626 3411 1683 3464 δὲ
1712 3411 1804 3465 καὶ
1833 3411 1867 3483 ἡ
1893 3410 2008 3464 διά-

432 3523 571 3566 νοια,
604 3504 719 3576 μεθ’
748 3498 816 3577 ἦς
842 3503 1059 3557 ἐποίουν
1092 3501 1255 3567 οὕτω,
1292 3501 1602 3574 διέφθαρτο,
1641 3501 1702 3555 οὐ
1742 3501 1803 3554 τὸ
1836 3504 2008 3572 κήρυο

433 3612 550 3666 γμα
575 3595 890 3667 ἐνήλλακτο.
925 3595 1035 3648 Kal
1059 3593 1255 3664 πολλὴν
1285 3590 1430 3664 εἶχον
1462 3593 1706 3662 ἀνάγκην
1739 3590 1882 3645 οὕτω
1909 3608 2003 3660 κη-

438 3685 671 3754 ρύττειν.
721 3683 818 3736 Διά
862 3683 949 3748 τίς
987 3684 1107 3736 ’Ὁτι
1137 3684 1185 3735 εί
1219 3682 1417 3752 ἐτέρως
1459 3679 1764 3752 ἐκήρυξαν,
1797 3680 1896 3749 οὐχ
1935 3679 2010 3743 ὡς

438 3774 669 3837 Παῦλος,
710 3776 759 3827 εί
788 3774 989 3844 ἑτέρως
1022 3772 1288 3837 ἐδίδαξαν,
1321 3774 1419 3842 οὐχ
1456 3772 1531 3835 ὡς
1557 3773 1786 3834 ἐκεῖνος,
1818 3771 1917 3824 οὐκ
1945 3769 2011 3823 ἂν

438 3864 537 3936 τὴν
560 3864 653 3917 τοῦ
703 3863 967 3935 βασιλέως
992 3864 1161 3934 όργὴν
1192 3862 1458 3932 ηὐξησαψ
1492 3860 1585 3915 νῦν
1614 3862 1671 3915 δὲ
1700 3860 1779 3931 τῷ
1808 3861 1869 3914 τὸ
1908 3861 2011 3930 κή-

442 3971 629 4027 ρυγμα
659 3953 823 4008 αὐτοῦ
853 3951 1037 4018 αὐξειν
1075 3954 1169 4011 καὶ
1195 3952 1391 4022 ὁμοίως
1416 3951 1709 4014 διδάσκειν,
1745 3953 1835 4005 καὶ
1867 3951 2014 4014 ίσους

440 4045 589 4117 αὐτῷ
617 4044 861 4117 μαθητὰς
889 4047 1078 4105 ποιεῖν,
1118 4045 1343 4114 ίσχυσαν
1376 4042 1757 4113 ἐκπολεμῶσαι
1792 4043 1886 4096 τὸν
1920 4041 2016 4113 βα-

445 4135 618 4202 σιλέα,
650 4135 745 4190 ἀτε
776 4134 969 4190 πολλοῦ
1007 4134 1101 4188 τοῦ
1137 4133 1376 4204 πλήθους
1407 4133 1516 4187 τῶν
1546 4132 1804 4203 μαθητῶν
1832 4148 2018 4201 φαινοο

447 4226 632 4297 μένου.
663 4226 823 4281 Ἀλλά
839 4243 919 4290 τις
944 4224 1138 4297 μιαρὸς
1161 4226 1252 4281 καὶ
1272 4223 1615 4295 ἀναίσθητος,
1635 4223 2020 4293 ἐπιλαϐόμενος

444 4315 538 4369 τοῦ
567 4315 767 4388 χωρίου
792 4315 1003 4381 τούτου,
1031 4316 1183 4386 φησί’
1206 4315 1316 4368 Kal
1341 4316 1446 4385 μὴν
1476 4315 1534 4367 τδ
1558 4316 1798 4368 ἐναντίον
1832 4315 2022 4385 εἰργά-

448 4424 609 4462 σαντο
652 4407 737 4472 ἂν,
777 4408 903 4471 τούς
944 4407 1045 4479 ἤδη
1079 4406 1510 4470 πεπιστευκότας
1554 4406 1859 4477 ἀπήλασαν,
1904 4406 2022 4477 οὐχὶ

445 4500 572 4562 τούς
601 4501 826 4563 πιστοὺς
845 4498 1122 4552 ἐπιδοῦναι
1154 4497 1412 4568 ἐποίησαν
1435 4495 1521 4560 ἂν,
1549 4496 1601 4549 εί
1629 4513 1691 4565 γε
1716 4497 1903 4550 δακεῖν
1924 4499 2024 4551 αὐ-

447 4588 539 4642 τδν
573 4588 872 4642 ἐϐούλοντο.
911 4589 979 4643 Τί
1018 4587 1111 4644 οὖν
1143 4588 1411 4660 ἐροῦμεν;
1449 4588 1567 4641 ’Ὁτι
1599 4588 1733 4659 πρὸς
1765 4588 1824 4640 ἒν
1869 4588 2025 4643 τοῦτο

450 4677 636 4750 ἐώρων
679 4679 897 4744 ἐκεῖνοι,
944 4680 1004 4733 τὸ
1057 4680 1321 4737 κινδύνοις
1362 4680 1526 4734 αὐτὸν
1560 4679 1874 4751 περιϐαλεῖν
1911 4684 2026 4745 τοῖς

453 4766 706 4840 παροῦσι,
742 4768 801 4823 τὸ
837 4768 911 4839 μὴ
946 4770 1163 4840 ἀφεῖναι
1201 4770 1506 4841 διαφυγεῖνο
1547 4772 1642 4825 καὶ
1680 4771 1854 4841 τούτῳ
1889 4772 2027 4843 μᾶλ-

451 4861 544 4916 λον
576 4859 745 4933 ᾤοντο
767 4859 929 4914 αὐτὸν
960 4862 1167 4926 λυπεῖν,
1208 4863 1301 4914 καὶ
1326 4862 1387 4915 τὸ
1423 4863 1680 4935 κήρυγμα
1720 4862 2022 4930 σϐεννύναι,

453 4953 490 5024 ἢ
522 4952 763 5016 ἐκείνως.
803 4950 1035 5022 Ἑτέρως
1056 4953 1154 5022 μὲν
1176 4954 1283 5024 γάρ
1312 4953 1377 5007 ἂν
1399 4956 1493 5007 καὶ
1514 4954 1742 5008 ἔσϐεσαν
1758 4955 1850 5009 τοῦ
1875 4954 2030 5025 βασι-

454 5042 591 5107 λέως
619 5043 720 5115 τὴν
756 5042 945 5113 ὀργὴν,
977 5044 1071 5096 καὶ
1106 5043 1323 5113 ἀφῆκαν
1355 5045 1420 5098 ἂν
1453 5042 1710 5111 ἐξελθεῖν,
1743 5048 1836 5100 καὶ
1868 5047 2028 5100 πάλιν

458 5133 711 5204 κηρῦξαι·
751 5133 894 5188 οὕτω
935 5132 993 5187 δέ
1034 5133 1102 5187 δι’
1133 5133 1291 5188 αὐτὸν
1324 5136 1385 5187 τὸ
1420 5138 1529 5189 πᾶν
1562 5138 1702 5192 ἑλεῖν
1744 5137 1992 5208 ἐνόμιζον
2013 5177 2027 5203 ,

458 5225 739 5287 ἀνελόντες
767 5224 950 5279 αὐτόν.
978 5225 1088 5278 Καὶ
1118 5223 1276 5278 τοῦτο
1300 5226 1401 5278 οὐκ
1429 5221 1498 5298 ἦν
1528 5228 1638 5281 τῶν
1670 5228 1880 5282 πολλῶν
1911 5247 2035 5283 συν-

463 5313 611 5378 ιδεῖν,
631 5314 768 5367 ἀλλά
787 5315 998 5387 πικρῶν
1014 5333 1173 5369 τινων
1195 5315 1289 5369 καὶ
1309 5317 1511 5387 σφόδρα
1538 5318 1847 5392 μοχθηρῶν.
1873 5316 2029 5387 Εἶτα,

462 5401 573 5458 Καὶ
601 5403 672 5457 ἐν
699 5406 907 5473 τούτῳ,
936 5407 1092 5476 φησὶ,
1125 5408 1327 5477 χαίρω.
1351 5407 1512 5463 ἀλλὰ
1537 5408 1638 5464 καί
1673 5411 2030 5480 χαρήσομαι.

462 5493 529 5549 Τί
562 5493 731 5562 ἐστιν,
773 5494 960 5551 Ἀλλὰ
987 5499 1362 5569 χαρήσομαιξ
1407 5497 1523 5554 Κάν
1561 5501 1839 5555 ἐπιπλεῖον
1868 5502 2034 5574 γένη-

463 5601 577 5655 ται,
613 5585 797 5658 φησίν.
839 5586 995 5659 Ἐμοὶ
1040 5588 1151 5661 γὰρ
1197 5590 1608 5663 συμπράττουσι
1651 5595 1745 5648 καὶ
1788 5594 2030 5659 ἄκοντες,

1081 242 1141 299 S.
1180 236 1466 303 JOANNIS
1501 228 1992 295 σιιιιγεοετοιιι

2099 224 2348 283 ὶϐΗΙΕΡ.
2391 221 2943 281 οοΝετΑντικοΡ,

3531 220 3631 278 191

2062 340 2286 395 καὶτῶν
2306 339 2489 403 αὐτοῖς
2513 338 2902 408 πεπονημένων
2927 336 3118 392 ἐκεῖνοι
3143 334 3241 405 μὲν
3260 333 3499 395 κόλασιν,
3524 330 3634 401 ἐγὼ

2058 433 2114 487 δὲ
2144 433 2172 486 ό
2210 431 2372 502 μηδὲν
2414 429 2883 501 συμϐαλλόμενος,
2931 427 3120 499 μισθὸν
3164 427 3429 497 λήψομαι.
3489 420 3637 495 Ἀρι

2068 520 2189 574 ἐστι
2217 538 2269 574 τι
2314 518 2406 573 τοῦ
2440 519 2687 573 διαϐόλου
2720 520 3076 591 μιαρώτερον,
3106 517 3198 571 τοῦ
3232 518 3496 588 κήρυγμα
3521 516 3638 567 ἐπι-

2061 613 2353 680 νοήσαντος
2380 609 2738 674 ἀναδέξασθαι
2758 609 2980 664 κόλασιν
3007 611 3119 673 τοῖς
3140 605 3488 676 πειθομένοις
3508 622 3640 674 προ⁴

2066 702 2248 768 ξενοῦν
2272 720 2287 769 ;
2319 703 2484 774 Ὀρᾷς
2510 703 2696 767 πόσοις
2719 705 2911 764 κακοῖς
2931 702 3054 766 τοὺς
3078 698 3267 753 ἐαυτοῦ
3292 716 3358 751 πε
3367 698 3641 769 ριπεῖρεις

2065 795 2284 849 κόλασιν
2312 794 2404 848 καὶ
2434 793 2703 864 τιμωρίαν
2732 795 2914 854 αὐτοῖς
2944 794 3007 846 ἐκ
3038 790 3134 845 τοῦ
3168 791 3519 864 κηρύγματος
3546 790 3640 842 καὶ

2065 883 2175 939 τῶν
2204 884 2382 945 πόνων
2406 884 2613 937 ἐπινοεῖ
2634 883 2858 937 τούτων.
2886 883 2996 935 Καὶ
3020 884 3169 944 ποῖος
3188 881 3252 935 ἂν
3272 880 3429 943 ἀλλος
3456 878 3645 950 ἐχθρὸς

2068 978 2165 1031 καὶ
2195 977 2453 1048 πολέμιος
2485 976 2585 1045 τῆς
2615 977 2841 1031 ἐκείνων
2880 975 3152 1047 σωτηρίας
3176 975 3236 1027 τὸ
3272 975 3379 1026 πᾶν
3408 972 3551 1025 οὕτω
3575 972 3649 1023 διο

2074 1067 2291 1139 ἐθηκενς
2309 1067 2472 1139 Ὁρᾷς
2486 1068 2568 1122 ὅτι
2585 1069 2614 1121 ό
2632 1068 2730 1138 τὴν
2749 1067 3006 1138 ἀλήθειαν
3024 1065 3270 1136 πολεμῶν
3285 1064 3432 1118 οὐδὲν
3452 1063 3645 1132 ίσχύει,

2085 1157 2199 1212 ἀλλ’
2222 1155 2413 1210 ἑαυτὸν
2442 1157 2666 1228 πλήττει
2697 1157 2897 1228 μᾶλλον
2917 1197 2933 1221 ,
2967 1156 3042 1220 ὡς
3069 1157 3097 1208 ό
3134 1152 3269 1225 πρὸς
3313 1154 3516 1224 κέντρα
3552 1153 3650 1206 λα-

2072 1247 2310 1312 κτίζωνς
2343 1242 2489 1300 Οἶδα
2508 1246 2641 1316 γὰρ,
2670 1247 2855 1317 φησὶν,
2897 1244 2985 1299 ὄτι
3011 1243 3193 1298 τοῦτό
3216 1260 3318 1313 μοι
3347 1242 3649 1311 ἀποϐήσε-

2074 1356 2169 1395 ται
2205 1341 2289 1405 είς
2314 1338 2620 1407 σωτηρίαν
2646 1337 2745 1393 διὰ
2765 1337 2876 1405 τῆς
2897 1334 3064 1405 ὑμῶν
3089 1334 3374 1401 δεήσεως,
3405 1333 3502 1387 καί
3526 1334 3655 1386 ﬁm-

2076 1430 2360 1500 χορηγίας
2388 1430 2496 1485 τοῦ
2543 1430 2891 1498 Πνεύματος
2940 1428 3136 1495 Ἰησοῦ
3174 1425 3450 1496 Χριστοῦ.
3488 1425 3656 1478 Οὐδὲν

2076 1522 2170 1577 τοῦ
2217 1520 2463 1575 διαϐόλου
2513 1519 2855 1593 μιαρώτερον
2878 1536 2894 1552 ⁸
2951 1519 3094 1574 οὐτω
3149 1515 3423 1588 πανταχοῦ
3474 1517 3657 1579 πόνοις

2081 1609 2355 1679 ἀνονήτοις
2387 1610 2513 1673 τοὺς
2550 1609 2745 1663 ἑαυτοῦ
2777 1608 3091 1678 περιϐάλλει
3113 1647 3129 1673 ,
3185 1608 3281 1661 καὶ
3306 1607 3531 1677 διασπᾷο
3560 1607 3659 1659 καὶ

2080 1699 2143 1752 οὐ
2168 1701 2328 1770 μόνον
2359 1698 2465 1752 τῶν
2496 1697 2649 1770 [ευ-ι]
2674 1698 2924 1753 ἐπάθλων
2951 1700 3051 1752 οὐκ
3073 1699 3265 1767 ἀφίησι
3289 1699 3493 1768 τυχεῖν,
3521 1697 3661 1750 ἀλλὰ

2082 1792 2177 1843 καὶ
2206 1790 2480 1855 κολάσεως
2520 1790 2857 1854 ὑπευθύνους
2885 1792 3057 1843 ποιεῖν
3079 1785 3238 1844 οἶδεν.
3271 1789 3345 1842 Οὐ
3366 1788 3476 1861 γάρ
3499 1788 3661 1857 μόνον

2085 1881 2363 1952 κήρυγμα,
2402 1879 2538 1934 ἀλλά
2569 1881 2661 1934 καὶ
2688 1880 2942 1951 νηστείαν
2966 1878 3221 1951 τοιαύτην
3249 1878 3343 1932 καὶ
3365 1878 3662 1949 παρθενίαν

2087 1970 2270 2034 αὐτοῖς
2302 1971 2614 2042 νομοθετεῖ,
2648 1972 2684 2044 ἢ
2716 1973 2776 2025 οὐ
2821 1972 2980 2044 μόνον
3026 1971 3233 2043 μισθῶν
3275 1972 3660 2040 ἀποστερήσει,

2087 2061 2221 2115 ἀλλά
2258 2063 2348 2117 καὶ
2379 2063 2521 2133 μέγα
2563 2064 2732 2117 κακὸν
2774 2063 2965 2129 ἐπάξει
3010 2064 3123 2127 τοῖς
3170 2061 3339 2132 αὐτὴν
3370 2059 3617 2132 μετιοῦσι
3642 2077 3660 2092 ο

2090 2156 2217 2225 περὶ
2248 2149 2322 2208 ὧν
2349 2172 2482 2225 φησι
2512 2157 2607 2209 καὶ
2629 2155 2862 2227 ἀλλαχοῦ
2884 2171 2897 2183 ’
2923 2154 3507 2223 Κεκαυτηριασμένοι
3546 2151 3664 2219 τὴν

2092 2244 2252 2298 ιδίαν
2298 2244 2677 2314 συνείδησιν.
2736 2246 2827 2298 Διὸ
2871 2245 3195 2318 παρακαλῶ.
3251 2244 3393 2316 ὑπὲρ
3449 2244 3668 2297 πάντων

2092 2335 2498 2406 εὐχαριστῶμεν
2544 2336 2623 2407 τῷ
2671 2335 2808 2407 Θεῷ,
2854 2338 2935 2390 ὅτι
2967 2338 3097 2406 ἡμῖν
3145 2337 3238 2389 καὶ
3294 2338 3421 2401 τούς
3471 2338 3669 2399 πόνους

2093 2408 2415 2498 ἐπεκούφισε
2436 2468 2451 2493 ,
2481 2428 2574 2482 καὶ
2620 2430 2742 2492 τούς
2782 2428 3021 2499 μισθούς-
3052 2426 3305 2498 ηῦξησεν,
3340 2421 3442 2481 Ὧν
3483 2428 3591 2499 γὰρ
3617 2427 3668 2481 οἱ

2095 2519 2224 2589 παρ’
2250 2519 2384 2589 ἡμῖν
2412 2517 2718 2589 γαμοῦντες
2751 2518 3045 2589 σωφρόνως
3072 2517 3405 2572 ἀπολαύουσι
3437 2517 3669 2588 μισθῶν,

2094 2609 2195 2663 οὐκ
2228 2607 2590 2661 ἀπολαύουσιν
2620 2610 2668 2662 οί
2696 2608 3118 2680 παρθενεύοντες
3144 2609 3274 2680 παρ’
3306 2609 3509 2672 αὐτοῖς,
3535 2608 3675 2663 ἀλλά

2098 2703 2163 2769 τῇ
2192 2698 2301 2752 τῶν
2328 2699 2698 2770 πορνευόντων
2725 2700 2776 2753 οἱ
2822 2698 3241 2772 παρθενεύοντες
3269 2699 3418 2770 παρά
3448 2701 3558 2762 τοῖς
3589 2700 3675 2752 αῖ-

2102 2792 2333 2861 ρετικοῖς
2361 2790 2793 2863 δίκῃὙεγόνασιν
2814 2791 3122 2844 ὑπεύθυνοι.
3150 2791 3321 2844 Πόθεν
3344 2807 3359 2855 ;
3405 2790 3501 2844 Ἐκ
3528 2791 3621 2843 τοῦ
3644 2802 3672 2832 ι

2104 2883 2179 2952 μὴ
2211 2881 2356 2953 ὀρθῷ
2390 2882 2581 2954 σκοπῷ
2613 2901 2664 2937 τι
2700 2886 2894 2950 ποιεῖν,
2927 2883 3042 2937 ἀλλ’
3066 2885 3163 2937 ἐπὶ
3190 2883 3408 2955 διαϐολῇ
3440 2883 3550 2937 τῶν
3579 2882 3674 2936 τοῦ

2101 2972 2237 3027 Θεοῦ
2272 2974 2587 3045 κτισμάτων
2614 2975 2707 3028 καὶ
2736 2975 3047 3046 ἀπορρήτου
3099 2976 3292 3045 σοφίας
3344 2974 3530 3029 αὐτοῦ.
3584 2976 3678 3046 Μὴ

2101 3063 2166 3133 δὴ
2194 3063 2550 3136 ῥαθυμῶμενο
2584 3066 2785 3119 ἔδωκεν
2807 3067 2939 3136 ἡμῖν
2964 3067 2993 3120 ό
3010 3066 3143 3131 Θεὸς
3167 3067 3516 3139 συμμέτρους
3531 3068 3680 3136 ἀγῶ-

2104 3172 2217 3218 νας,
2249 3156 2439 3210 οὐδένα
2473 3156 2635 3211 πόνον
2663 3156 2908 3228 ἔχοντας.
2951 3157 3112 3212 Ἀλλά
3145 3158 3219 3229 μὴ
3247 3158 3682 3229 καταφρονῶμεν

2103 3245 2192 3298 διὰ
2221 3244 2395 3301 τοῦτο.
2418 3247 2481 3300 Et
2511 3247 2623 3317 γὰρ
2647 3249 2695 3300 οἱ
2717 3249 2984 3319 αῖρετικοὶ
3026 3250 3428 3302 κατατείνουσιν
3457 3251 3684 3311 ἑαυτοὺς

2107 3335 2288 3398 πόνοις
2317 3337 2616 3407 ἀνονήτοις,
2645 3337 2729 3399 τίς
2760 3339 2889 3408 ἡμῖν
2921 3338 3072 3389 ἔσται
3092 3335 3356 3404 ἀπολογία
3388 3337 3523 3406 μηδὲ
3549 3338 3679 3399 τούς

2118 3426 2426 3489 ἐλάττονας,
2467 3428 2560 3481 καὶ
2590 3427 2808 3481 πλείονα
2852 3427 3040 3497 μισθὸν
3076 3428 3298 3498 ἔχοντας
3339 3427 3687 3498 βουλομένοις

2113 3518 2358 3584 ἐνεγκεῖν
2382 3533 2397 3581 ;
2420 3517 2485 3570 Τί
2510 3520 2616 3586 γάρ
2642 3518 2916 3588 φορτικὸν,
2935 3517 2988 3570 τί
3005 3517 3062 3571 δέ
3077 3517 3309 3588 ἐπαχθὲς
3331 3517 3441 3570 τῶν
3460 3518 3689 3584 ἐπιταγ-

2124 3608 2310 3677 μάτων
2338 3606 2432 3660 τοῦ
2469 3606 2737 3678 Χριστοῦ;
2796 3607 2871 3661 Οὐ
2911 3607 3136 3661 δύνασαι
3178 3606 3565 3678 παρθενεύειν;
3594 3605 3685 3671 εξ-

2115 3698 2232 3750 εστί
2250 3716 2330 3751 σοι
2350 3701 2571 3769 γαμεῖν.
2589 3700 2660 3752 Οὐ
2684 3698 2910 3754 δύνασαι
2936 3700 3151 3753 πάντων
3175 3698 3365 3752 ἑαυτὸν
3386 3698 3690 3769 ἀποστερῆ-

2114 3806 2203 3842 σαι
2233 3790 2339 3842 τῶν
2373 3789 2513 3855 σῶν;
2549 3788 2727 3853 ἔξεστί
2766 3807 2848 3843 σοι
2880 3788 2989 3843 ἀπὸ
3031 3788 3141 3843 τῶν
3187 3788 3357 3844 ὄντων
3390 3792 3649 3860 χορηγεῖν
3671 3804 3684 3818 ·

2121 3877 2191 3930 τὸ
2244 3876 2410 3946 ὑμῶν
2464 3879 2878 3948 περίσσευμα,
2933 3880 3134 3948 φησὶν,
3194 3880 3283 3946 εις
3329 3879 3396 3933 τὸ
3443 3880 3693 3933 ἐκείνων

2115 3967 2438 4036 ὑστέρημα.
2479 3968 2661 4021 Ταῦτα
2700 3969 2807 4041 γὰρ
2835 3966 2973 4023 εἶναι
3004 3970 3152 4023 δοκεῖ
3180 3971 3434 4043 φορτικὰ,
3467 3970 3685 4041 χρημά-

2116 4074 2225 4111 των
2266 4058 2409 4126 λέγω
2456 4065 2836 4131 καταφρονεῖν,
2887 4062 2981 4115 καὶ
3027 4062 3325 4134 ἐπιθυμίας
3370 4063 3693 4133 σωματικῆς

2120 4151 2519 4220 περιγενέσθαιο
2568 4153 2636 4207 τὰ
2665 4152 2722 4206 δὲ
2750 4151 2889 4208 ἀλλα
2928 4153 3183 4225 οὐδεμιᾶς
3222 4154 3391 4208 δεῖται
3425 4155 3692 4223 δαπάνης,

2121 4243 2372 4314 οὐδεμιᾶς
2404 4242 2541 4314 βίας.
2578 4245 2715 4300 Ποία
2742 4243 2871 4317 γὰρ,
2903 4247 3025 4301 εἰπέ
3054 4263 3165 4316 μοι,
3197 4246 3287 4317 βία
3316 4246 3374 4301 τὸ
3405 4249 3480 4317 μὴ
3510 4246 3695 4309 κακῶς

2124 4338 2318 4401 εἰπεῖν,
2363 4337 2498 4408 μηδὲ
2544 4337 2847 4391 διαϐάλλειν
2881 4334 3102 4403 ἀπλῶς;
3150 4338 3278 4392 ποία
3308 4337 3365 4391 δὲ
3410 4337 3499 4406 βία
3527 4338 3589 4389 τὸ
3619 4336 3697 4406 μὴ

2128 4425 2438 4496 βασκαίνειν
2466 4430 2575 4490 τοῖς
2605 4427 2807 4498 ἐτέρων
2835 4429 3060 4497 ἀγαθοῖς
3086 4445 3100 4493 ;
3152 4428 3184 4498 ἢ
3230 4427 3359 4481 ποία
3402 4428 3491 4497 βία
3518 4428 3579 4481 τὸ
3620 4427 3697 4497 μὴ

2124 4516 2248 4589 δόξῃ
2284 4517 2482 4572 ἁλῶναι
2506 4534 2520 4583 ;
2552 4519 2623 4571 Τὸ
2653 4518 3032 4589 βασανίζεσθαι
3058 4519 3154 4573 καὶ
3175 4518 3380 4589 φέρειν,
3405 4518 3701 4590 καρτερίας

2126 4610 2269 4663 ἐστί·
2298 4610 2613 4681 καρτερίας,
2657 4612 2752 4665 καὶ
2798 4612 3113 4682 φιλοσοφίαν
3140 4611 3350 4665 ἀσκεῖν·
3383 4610 3701 4681 καρτερίας,

2126 4701 2188 4755 τὸ
2242 4704 2431 4756 πενίαν
2487 4702 2819 4773 διενεγκεῖν·
2879 4702 3204 4775 καρτερίας,
3246 4704 3309 4755 τὸ
3357 4700 3500 4772 λιμῷ
3533 4690 3703 4771 apo?-

2130 4794 2392 4849 παλαῖσαι
2420 4794 2515 4849 καὶ
2542 4795 2700 4865 δίψει.
2739 4794 2907 4849 Ὀταν
2934 4794 2992 4848 δέ
3042 4795 3209 4864 μηδὲν
3247 4792 3448 4846 τούτων
3483 4787 3554 4865 ᾖ,
3588 4791 3703 4844 ἀλλ’

2130 4884 2283 4951 ἐξεστ
2292 4904 2339 4939 ιν
2358 4885 2695 4941 ἀπολαύοντα
2710 4886 2816 4939 τῶν
2827 4886 3014 4951 ὅντων,
3025 4885 3101 4949 ὡς
3113 4886 3160 4938 Χ
3166 4884 3422 4956 ριστιανῷ
3434 4886 3704 4956 προσῆκε,

2135 4977 2209 5048 μὴ
2243 4977 2455 5045 φθονεῖν
2490 4981 2602 5040 τοῖς
2631 4978 2854 5048 ἐτέρων,
2880 4978 3008 5031 ποία
3039 4976 3131 5048 βία
3152 4994 3168 5042 ;
3192 4976 3503 5047 Οὐδαμόθεν
3546 4975 3708 5029 ἄλλο⁴

2133 5068 2222 5122 θεν
2239 5070 2267 5121 ό
2282 5067 2494 5136 φθόνος,
2513 5068 2629 5121 ἀλλ’
2658 5070 2723 5121 ἐκ
2737 5067 2832 5121 τοῦ
2857 5066 3287 5139 προστετηκέναι
3308 5071 3420 5131 τοῖς
3446 5067 3707 5138 παροῦσι,

2137 5161 2336 5231 μᾶλλον
2367 5161 2424 5215 δὲ
2471 5164 2646 5216 πάντα
2676 5164 2744 5218 τά
2776 5163 2937 5217 κακά.
2983 5163 3046 5216 Et
3091 5162 3199 5234 γάρ
3249 5162 3414 5232 μηδὲν
3460 5162 3713 5231 ἐνόμιζες

2136 5248 2273 5306 εἶναι
2308 5251 2379 5307 τὰ
2397 5255 2674 5325 χρήματα,
2707 5255 2802 5309 καὶ
2833 5256 2930 5326 τὴν
2952 5256 3110 5321 δόξαν
3137 5252 3231 5309 τοῦ
3255 5254 3463 5326 κόσμου
3494 5257 3714 5320 τούτου,

2135 5343 2237 5397 οὐκ
2275 5342 2340 5398 ἂν
2367 5346 2479 5408 τοῖς
2508 5344 2722 5416 ἔχουσιν
2750 5346 3082 5417 ἐϐάσκηνας.

2205 5614 2228 5643 ⁸
2259 5614 2437 5673 Ιιόθεν;
2463 5608 2533 5662 sic
2554 5624 2671 5660 mss.
2698 5608 2826 5661 Edili
2852 5624 2985 5672 vero,
3007 5611 3060 5659 τὸ
3082 5611 3131 5658 δὲ
3152 5614 3242 5659 πᾶν
3259 5610 3312 5659 ἐκ
3330 5607 3431 5659 τοῦ.
