4042 6212
367 278 464 330 .93
1275 265 1341 321 IN
1383 263 1591 320 EPIST.
1635 265 1725 318 AD
1764 262 1939 318 PllllJ

2088 262 2240 318 CAP.
2282 265 2322 318 1.
2365 264 2592 319 IlOMiL.
2638 263 2701 319 11.

355 407 542 464 μεως
568 388 793 444 dabunt.
824 386 910 440 17.
946 383 1164 448 Quidam
1213 397 1326 434 vero
1352 396 1414 434 ex
1452 381 1694 439 caritate,
1727 381 1936 430 scientes

357 487 596 554 quoniam
640 483 691 531 in
729 478 1071 548 defensionem
1101 473 1343 541 evangelii
1386 472 1574 541 positus
1619 487 1747 522 sum.
1801 469 1965 560 Quid.

359 583 463 629 est.
497 572 562 624 In
584 569 928 638 defensionem
957 565 1200 632 evangelii
1229 563 1420 632 positus
1443 561 1600 614 sum?
1629 560 1680 614 Id
1710 569 1807 622 est,
1839 559 1939 613 hoc

361 669 709 734 prmstantes,
741 669 796 710 ut
827 672 892 711 ne
921 655 1048 710 mihi
1097 655 1147 708 in
1193 653 1488 707 rationibus
1515 653 1626 706 Deo
1653 651 1940 705 reddendis

355 753 514 807 \alde
544 748 893 806 laborandum
922 747 1024 808 sit,
1079 755 1131 800 et
1159 744 1409 814 quiddam
1457 743 1584 796 mihi
1613 741 1832 796 subsidii
1871 741 1938 794 ad

357 845 725 901 defensionem
752 838 1061 892 alferentes.
1093 837 1202 890 Hoc
1231 844 1332 899 est,
1376 834 1567 888 Jussus
1595 849 1710 887 sum
1741 833 1934 902 praedi.

356 949 516 997 care;
546 933 786 986 rationes
813 928 940 981 mihi
966 927 1249 981 reddenda:
1275 936 1419 988 sunt,
1447 940 1510 978 ac
1531 924 1769 978 defensio
1793 937 1940 977 corn-

361 1022 594 1092 paranda
627 1036 722 1089 pro
767 1019 1018 1090 imposito
1063 1017 1188 1070 mihi
1235 1015 1449 1069 oflicio:
1499 1017 1674 1085 igitur,
1718 1024 1774 1068 ιιι
1821 1029 1936 1067 mea

358 1113 601 1172 defensio
630 1112 698 1164 sit
726 1109 951 1171 facilior,
984 1107 1293 1175 adjumento
1338 1106 1467 1159 mihi
1515 1117 1658 1161 sunt.
1703 1106 1934 1170 Etenim,

357 1210 403 1259 si
435 1204 585 1258 multi
615 1203 813 1256 inventi
853 1199 1046 1255 fuerint
1073 1199 1162 1268 qui
1186 1198 1506 1253 cateehesim
1537 1198 1840 1268 acceperint
1885 1206 1939 1251 et

358 1294 706 1357 crediderint,
735 1292 900 1346 facilis
930 1289 1058 1344 mihi
1081 1290 1322 1343 defensio
1345 1291 1466 1344 erit.
1492 1289 1576 1345 l8.
1607 1289 1742 1356 Quid
1767 1290 1940 1344 enim?

358 1390 481 1442 dum
500 1385 640 1437 omni
669 1384 818 1435 modo
839 1384 942 1436 sive
972 1399 1059 1451 per
1085 1383 1419 1443 occasionem,
1449 1382 1552 1434 sive
1568 1398 1656 1451 per
1682 1384 1939 1435 ueritatem

359 1472 591 1527 Christus
619 1474 972 1525 annuntiatur.
1005 1470 1134 1526 Vide
1162 1471 1258 1524 viri
1288 1471 1674 1540 philosophiam
1706 1489 1719 1525 :
1749 1487 1852 1526 non
1887 1473 1938 1524 in

364 1566 480 1618 illos
506 1565 852 1619 vehementer
874 1564 1118 1616 invectus
1143 1573 1250 1627 est,
1273 1563 1363 1615 sed
1395 1563 1587 1616 factum
1619 1564 1789 1634 ipsum
1818 1579 1940 1616 nar-

365 1656 519 1710 ravit.
545 1654 682 1722 Quid
710 1655 854 1709 enim
880 1668 1018 1716 mea,
1043 1653 1234 1722 inquit,
1268 1653 1514 1720 interest,
1543 1661 1717 1707 utrum
1748 1653 1849 1707 hoc
1871 1669 1941 1708 an

367 1749 462 1802 illo
484 1746 683 1801 modo?
719 1747 762 1799 si
795 1745 1144 1800 nihilominus
1166 1746 1278 1798 sive
1307 1745 1619 1807 occasione,
1646 1744 1758 1798 sive
1802 1746 1940 1797 veri-

364 1849 478 1894 tate
499 1838 745 1894 Christus
769 1841 968 1892 interea
991 1838 1373 1892 annuntiatur‘!
1400 1836 1514 1890 Non
1536 1836 1689 1902 dixit,
1723 1839 1942 1890 Annuu-

370 1931 556 1992 tiatur,
597 1929 744 1998 quasi
789 1929 956 1997 legem
1001 1926 1220 1992 ferens,
1263 1925 1360 1980 sed
1409 1926 1639 1995 primum
1693 1937 1939 1980 eventum

374 2024 545 2090 ipsum
575 2020 804 2074 narravit
832 2035 846 2083 ;
877 2018 1093 2085 deinde,
1123 2018 1281 2072 etiam
1327 2017 1371 2070 si
1415 2016 1587 2087 legem
1618 2016 1794 2071 ferens
1842 2017 1944 2072 hoc

370 2111 634 2176 dixisset,
690 2126 796 2164 non
828 2118 1110 2180 propterea
1160 2107 1451 2162 bzeresibus
1487 2107 1688 2162 aditum
1737 2105 1941 2176 patefe-

364 2203 544 2256 cisset.

435 2294 488 2348 3.
525 2293 652 2347 Rem
683 2291 827 2347 enim
861 2292 1052 2359 ipsam,
1080 2289 1123 2343 si
1155 2290 1302 2354 libet,
1332 2289 1698 2358 expendamus
1722 2329 1736 2354 ,
1779 2301 1834 2342 et
1862 2289 1944 2342 in-

368 2388 662 2456 telligemus
690 2385 952 2454 profecto,
974 2384 1132 2438 etiam
1169 2385 1213 2436 si
1250 2382 1316 2435 ad
1351 2397 1473 2437 eum
1502 2382 1718 2435 modum
1751 2381 1945 2451 praedi-

367 2497 485 2534 care
509 2480 779 2548 jnssisset,
823 2476 1268 2546 quemadmodum
1301 2475 1378 2528 illi
1412 2475 1766 2544 przedicabant
1791 2491 1806 2532 :
1835 2488 1943 2528 non

368 2583 542 2625 tamen
589 2571 688 2624 hac
735 2570 943 2623 ratione
988 2568 1178 2621 ba-rcsi
1226 2567 1401 2621 locum
1447 2567 1584 2620 dari.
1632 2565 1944 2633 Quomodo?

365 2665 624 2731 Quoniam
659 2662 732 2715 illi
760 2675 947 2714 sanam
970 2659 1184 2728 quidem
1233 2657 1529 2711 doctrinam
1561 2656 1942 2724 praedicabant,

369 2757 700 2823 propositum
730 2767 860 2806 vero
886 2766 950 2805 ac
970 2767 1142 2815 mens,
1170 2766 1270 2818 qua
1303 2749 1353 2802 id
1376 2749 1661 2811 faciebant,
1693 2758 1944 2817 corrupta

367 2857 502 2911 erat,
526 2861 633 2898 non
657 2854 833 2897 tamen
862 2852 918 2896 ut
941 2842 1179 2896 doctrina
1217 2839 1500 2911 prmdicata
1533 2841 1825 2893 variaretur
1847 2839 1942 2909 (α).

369 2937 478 2992 Sed
507 2947 566 2991 ut
591 2936 781 2989 eodem
813 2934 972 2988 modo
1000 2932 1374 3003 priedicarent,
1405 2946 1591 3000 magna
1625 2931 1728 2984 illis
1776 2931 1947 2998 impo-

370 3032 467 3084 sita
499 3030 791 3084 necessitas
814 3037 950 3082 erat.
995 3027 1371 3096 Quapmpter?
1400 3027 1682 3092 Quoniam,
1719 3025 1763 3079 si
1794 3023 1948 3076 aliter

372 3125 750 3192 pnedicaSseot
779 3137 840 3174 ac
876 3121 1104 3184 Paulus;
1147 3120 1192 3173 si
1235 3120 1393 3174 aliter
1439 3119 1747 3173 docuissent
1789 3126 1948 3187 atque

371 3216 477 3274 ille.
512 3216 748 3282 profecto
777 3213 1122 3283 Imperatoris
1154 3213 1284 3265 iram
1314 3227 1422 3265 non
1461 3211 1776 3266 auxissent:
1807 3225 1948 3264 nunc

373 3321 498 3361 vero
528 3306 630 3359 hoc
673 3306 808 3373 ipso,
840 3303 981 3373 quod
1015 3303 1157 3358 illius
1185 3302 1617 3372 prmdicationem
1658 3303 1949 3357 dilatabant

372 3409 532 3466 atque
581 3396 773 3451 eadem
815 3395 1117 3463 docebant,
1167 3407 1222 3450 et
1269 3396 1472 3450 similes
1513 3397 1613 3450 sibi
1661 3406 1818 3465 atque
1859 3397 1949 3451 ille

370 3487 661 3556 diseipulos
686 3487 1083 3556 comparabant,
1114 3486 1492 3556 Imperatorem
1524 3488 1735 3541 irritare
1760 3498 1948 3556 potue-

372 3589 516 3646 rant,
545 3589 686 3633 tanta
734 3579 1115 3648 discipulorum
1171 3579 1506 3633 multitudine
1556 3579 1850 3649 prodeunte
1895 3581 1947 3634 in

371 3680 736 3738 coaspectum.
787 3669 892 3725 Sed
937 3670 1275 3739 importunus
1321 3670 1578 3740 quispiam
1623 3682 1676 3725 et
1726 3672 1948 3726 stolidus

374 3761 519 3815 hunc
552 3762 723 3814 locum
765 3761 1197 3830 reprehendens,
1248 3762 1316 3814 ita
1344 3762 1485 3815 dicet
1518 3780 1531 3815 :
1563 3762 1672 3817 lmo
1717 3779 1842 3818 vero
1874 3765 1947 3817 illi

375 3854 697 3906 renti-ariam
725 3853 985 3907 rationem
1015 3855 1224 3922 sequuti
1256 3862 1436 3908 essent
1457 3895 1472 3915 ,
1500 3856 1543 3906 si
1591 3853 1808 3907 Paulum
1859 3855 1951 3907 la:-

377 3946 506 3998 dere
541 3946 834 3999 voluissent
860 3964 872 3998 :
904 3961 1008 4000 non
1031 3947 1170 4000 enim
1199 3946 1435 3999 lidelium
1470 3961 1743 4000 numerum
1775 3947 1948 4001 auxis-

376 4046 518 4101 sent,
548 4036 639 4090 sed
671 4052 763 4091 eos
793 4037 969 4106 potius
997 4036 1208 4106 quijam
1234 4037 1599 4101 crediderunt,
1629 4037 1949 4105 abegissent.

376 4126 514 4192 Quid
535 4127 690 4195 igitur
710 4127 1187 4196 reSpondebimus?
1209 4127 1320 4181 lloc
1336 4143 1496 4180 unum
1521 4127 1638 4181 illos
1659 4139 1948 4196 spectasse,

377 4229 435 4270 ut
465 4219 682 4272 Paulum
713 4219 1061 4284 prasentibus
1083 4218 1332 4288 periculis
1360 4219 1861 4288 circumcingerent,
1889 4232 1953 4275 ut

380 4326 451 4366 ne
484 4311 629 4363 illum
652 4311 843 4365 dimitti
874 4312 1132 4375 sinerent;
1163 4322 1320 4381 atque
1344 4312 1442 4365 hac
1467 4313 1675 4366 ratione
1699 4315 1954 4381 putabant

378 4399 637 4468 majorem
669 4415 727 4454 se
759 4400 831 4453 illi
859 4401 1098 4454 dolorem
1125 4401 1401 4462 allaturos,
1433 4413 1591 4470 atque
1617 4404 1953 4470 evangelium

376 4490 734 4543 exstincturus
757 4531 772 4553 ,
805 4505 964 4559 quam
1002 4493 1046 4544 si
1082 4491 1200 4546 illos
1242 4493 1565 4561 abegissent.
1612 4493 1784 4548 Aliter
1812 4494 1955 4548 enim

380 4579 628 4634 faciendo
654 4590 709 4636 et
751 4580 1091 4652 imperatoris
1113 4583 1244 4637 iram
1280 4583 1560 4638 sedassent
1584 4627 1600 4652 ,
1631 4596 1685 4640 et
1732 4587 1955 4640 Paulum

377 4671 531 4724 exire
549 4685 612 4724 ac
631 4686 814 4728 rursus
833 4673 1122 4741 pradicare
1150 4675 1409 4729 sivissent
1429 4691 1444 4737 ;
1479 4677 1579 4730 hoc
1601 4687 1778 4730 autem
1798 4677 1958 4732 modo

379 4769 548 4814 totam
569 4776 628 4814 sc
646 4777 759 4817 rem
777 4772 1017 4820 evertere
1034 4765 1555 4831 existimabant,cum
1576 4768 1746 4836 ipsum
1766 4768 1832 4822 de
1847 4783 1959 4822 me-

379 4851 472 4905 dio
499 4854 858 4910 sustulissent.
888 4854 1066 4926 Neque
1094 4870 1222 4910 vero
1253 4857 1402 4910 multi
1437 4858 1540 4912 huc
1583 4860 1956 4928 penetrabant,

375 4942 474 4996 sed
502 4944 669 4998 amari
691 4945 904 5013 quidam
935 4947 1179 5002 homines
1201 4958 1254 5002 et
1285 4948 1530 5018 improbi.
1557 4950 1780 5024 Deinde,
1816 4951 1880 5004 Et
1907 4952 1960 5004 in

382 5034 500 5096 hoc,
521 5034 706 5103 inquit,
735 5037 950 5104 gaudeo,
975 5038 1062 5092 sed
1092 5048 1138 5091 et
1159 5039 1404 5108 gaudebo.
1435 5042 1570 5108 Quid
1602 5043 1702 5095 hoc
1723 5055 1822 5107 est,
1855 5043 1962 5098 Sed

383 5136 431 5175 et
461 5126 680 5193 gaudebo
697 5127 724 5178 Ρ
753 5127 926 5180 Etiam
949 5127 1014 5187 si.
1033 5129 1221 5199 inqmt,
1246 5135 1412 5201 magis
1429 5148 1490 5186 ac
1513 5135 1680 5202 magis
1703 5133 1752 5186 id
1778 5146 1955 5203 agant.

385 5215 519 5268 Nam
551 5217 628 5271 vel
669 5218 822 5272 inviti
862 5220 1098 5276 actiones
1127 5238 1274 5277 meas
1315 5225 1589 5294 adjuvant,
1639 5239 1692 5281 et
1719 5227 1960 5281 laborum

445 5411 1029 5490 talSiIc’expoislli‘niano
1059 5425 1110 5490 et
1143 5431 1208 5469 ex
1247 5417 1431 5490 nobilio
1475 5422 1792 5472 restituimus.
1836 5422 1958 5490 Ome

378 5483 560 5555 auten:
591 5475 1241 5555 bieudicitnfhrxsostoruus,
1267 5483 1461 5555 omnino
1483 5493 1746 5555 consonant
1769 5475 1961 5552 cum‘iis

379 5546 492 5594 quu-
516 5537 716 5605 protulit
750 5541 796 5586 in
821 5537 1029 5607 Humilia
1054 5542 1102 5589 in
1129 5537 1258 5591 inme
1282 5542 1509 5612 Epistula:
1532 5546 1588 5592 ad
1617 5544 1962 5615 l’hilippettSeS

380 5593 560 5650 Ιιιοιτωιι.
583 5606 687 5648 swe
712 5614 795 5656 per
811 5614 1124 5656 occasionem.
1147 5616 1243 5653 sive
1264 5617 1348 5656 per
1371 5613 1618 5655 veritatem
1639 5607 1854 5656 ('hrisms
1871 5621 1959 5656 an-

381 5614 560 5661 ιιιιτωιι,
583 5614 687 5648 sive
712 5614 795 5660 per
811 5614 1124 5656 occasionem.
1147 5616 1243 5653 sive
1263 5617 1348 5667 per
1371 5614 1618 5655 vermium
1639 5614 1854 5659 Christus
1871 5621 1959 5658 art-

378 5664 621 5709 nannetar
667 5666 786 5720 Qua:
815 5659 1020 5713 habetur
1037 5671 1168 5714 Tom.
1192 5665 1281 5726 lll,
1305 5667 1400 5717 col.
1423 5668 1651 5717 ﬁll-312.

3527 279 3630 336 194

2050 392 2184 446 quos
2213 379 2262 429 in
2309 379 2406 431 hae
2435 395 2490 429 re
2518 379 2848 448 impendunt,
2882 379 2978 448 ipsi
3006 382 3220 451 quidem
3251 399 3479 452 pmnam,
3525 402 3628 458 ego

2046 484 2172 520 vero
2203 470 2384 536 quieo
2428 470 2559 523 nihil
2604 470 2846 534 confero,
2892 473 3192 527 mercedem
3230 475 3414 528 feram.
3460 478 3628 534 Estne

2045 557 2335 627 quidquam
2364 559 2579 612 diabolo
2606 560 2888 616 scelestius
2918 560 3020 616 hoc
3041 572 3253 631 agente,
3283 574 3337 617 ut
3365 572 3629 634 evangelii

2045 649 2314 717 susceptio
2344 649 2429 713 iis,
2482 650 2678 718 quibus
2705 653 2979 719 suscipere
3007 656 3331 721 persuaserit
3358 698 3372 718 ,
3425 659 3600 726 suppil

2046 739 2187 792 cium
2238 741 2529 794 conciliet?
2560 741 2720 795 Vides
2768 743 2983 811 quantis
3027 745 3182 798 malis
3227 747 3457 815 undique
3501 763 3626 804 suos

2045 829 2347 898 perfodiat?
2392 845 2606 900 penam
2657 833 2775 887 istis
2822 843 2877 888 et
2920 835 3236 902 supplicium
3283 853 3348 891 ex
3393 839 3622 907 ipsamet

2046 919 2425 988 praedicatione
2452 930 2507 974 et
2530 921 2806 976 laboribus
2832 923 2884 976 in
2917 939 2977 978 ea
3019 927 3282 996 susceptis
3312 926 3618 986 fabricatur.

2045 1009 2242 1078 Ecquis
2269 1011 2405 1063 alius
2437 1011 2685 1066 inimicus
2712 1024 2870 1082 atque
2899 1015 3089 1080 hostis,
3118 1017 3372 1086 quidquid
3405 1019 3470 1072 ad
3500 1021 3619 1072 illo-

2046 1117 2163 1155 rum
2185 1102 2412 1156 salutem
2443 1103 2658 1170 faceret,
2686 1107 2762 1159 sic
2788 1106 3176 1176 disposuisset?
3207 1109 3461 1180 lntelligis
3489 1113 3623 1166 nihil

2044 1208 2164 1246 eum
2199 1209 2376 1262 posse,
2404 1196 2494 1264 qui
2524 1195 2786 1250 adversus
2813 1199 3090 1252 veritatem
3122 1200 3316 1254 bellum
3349 1202 3504 1270 gerit,
3525 1205 3621 1256 sed

2045 1287 2221 1355 potius
2233 1287 2306 1340 sei
2315 1303 2466 1356 psum
2486 1290 2785 1353 vulnerare,
2801 1291 3251 1360 quemadmodum
3266 1294 3355 1363 qui
3371 1295 3622 1350 adversus

2045 1379 2314 1432 Stimulum
2342 1380 2626 1435 calcitrat?
2656 1383 2744 1436 l9.
2780 1381 2901 1436 Scio
2928 1385 3082 1448 enim,
3114 1385 3324 1452 inquit,
3372 1386 3490 1453 quia
3530 1386 3624 1439 hoc

2045 1473 2170 1524 mihi
2199 1477 2454 1540 proveniet
2498 1474 2565 1525 od
2611 1475 2826 1528 salutem
2872 1493 2959 1544 per
2989 1486 3204 1529 uestram
3257 1477 3534 1529 orationem
3576 1487 3622 1530 et

2042 1563 2560 1617 subministrationem
2589 1566 2818 1634 Spiritus
2863 1565 2988 1618 Jesu
3016 1567 3222 1620 Christi.
3250 1566 3389 1620 Nihil
3413 1569 3623 1620 diabolo

2045 1655 2328 1708 scelestius
2370 1674 2384 1710 :
2429 1657 2495 1709 ita
2546 1658 2740 1725 ubique
2782 1655 3122 1710 infructuosis
3176 1658 3446 1712 laboribus
3497 1674 3624 1713 suos

2043 1745 2220 1799 obruit
2253 1761 2314 1799 ae
2339 1745 2559 1800 dilaniat
2593 1765 2606 1800 :
2640 1762 2738 1802 nec
2766 1749 2937 1802 solum
2971 1749 3307 1816 praemiorum
3349 1759 3623 1818 compotes

2044 1851 2164 1890 esse
2189 1837 2406 1891 minime.
2435 1838 2580 1903 sinit,
2609 1838 2700 1891 sed
2718 1840 2875 1892 etiam
2900 1841 3159 1908 supplicio
3191 1841 3336 1894 novit
3363 1841 3624 1896 ob:.oxios

2045 1925 2241 1981 facere.
2272 1926 2387 1980 Non
2435 1927 2578 1981 enim
2608 1927 2778 1982 solum
2820 1929 3248 1998 praidicationem
3273 1972 3288 1996 ,
3335 1931 3428 1985 sed
3460 1935 3621 1986 etiam

2046 2017 2306 2087 ejusmodi
2333 2019 2530 2086 jejunia
2573 2034 2638 2074 ac
2668 2020 3018 2089 virginitatem
3055 2022 3184 2090 ipsis
3212 2022 3457 2093 injungit,
3502 2039 3623 2094 quae

2047 2124 2151 2163 non
2180 2109 2338 2164 modo
2376 2112 2607 2178 prazmiis
2631 2113 2700 2165 sit
2746 2112 2866 2166 illos
2893 2114 3155 2182 privatura
3181 2156 3197 2180 ,
3227 2131 3409 2170 verum
3460 2119 3620 2172 etiam

2045 2215 2294 2269 magnam
2321 2201 2677 2257 calamitatem
2717 2203 2798 2267 iis,
2833 2204 2921 2273 qui
2951 2205 3117 2273 ipsam
3146 2207 3372 2276 amplexi
3407 2208 3620 2272 fuerint,

2048 2288 2343 2346 invectura.
2374 2292 2447 2346 De
2468 2293 2661 2361 quibus
2685 2303 2739 2348 et
2759 2294 2881 2348 alibi
2914 2295 3084 2364 inquit
3122 2312 3136 2348 :
3166 2295 3502 2352 Cauteriatam
3533 2301 3626 2352 ha-

2047 2380 2214 2436 bentes
2239 2398 2382 2435 suam
2408 2384 2759 2437 conscientiam
2790 2383 2865 2455 (1.
2898 2383 3034 2442 Tim.
3065 2386 3117 2440 4.
3147 2385 3224 2456 2).
3264 2387 3618 2453 Quamobrem

2051 2473 2254 2536 hortor,
2288 2488 2386 2542 pro
2429 2474 2676 2527 erunibus
2707 2476 2900 2543 gratias
2936 2491 3154 2545 agamus
3187 2477 3312 2542 Deo,
3347 2479 3432 2548 qui
3475 2480 3628 2534 nobis

2048 2572 2103 2616 et
2128 2563 2335 2617 labores
2363 2564 2506 2618 leves
2547 2563 2690 2628 fecit,
2733 2577 2786 2618 et
2815 2566 3092 2620 mercedes
3121 2569 3285 2620 auxit.
3318 2569 3461 2635 Quas
3484 2572 3623 2625 enim

2049 2654 2326 2710 mercedes
2354 2657 2491 2723 apud
2529 2671 2624 2708 nos
2656 2657 2688 2708 ii
2719 2668 3138 2724 consequuntur,
3171 2661 3258 2727 qui
3291 2671 3439 2715 caste
3468 2675 3626 2716 unm-

2051 2755 2136 2800 tur
2166 2747 2527 2812 matrimonio,
2572 2763 2664 2802 eas
2689 2747 2826 2816 apud
2875 2748 3004 2802 istos
3032 2764 3099 2802 ne
3145 2749 3218 2802 illi
3259 2750 3496 2819 quidem,
3536 2755 3626 2822 qui

2049 2841 2402 2910 virginitatem
2433 2849 2666 2904 servant,
2700 2841 2908 2910 assequi
2938 2852 3188 2910 possunt;
3234 2843 3324 2896 sed
3356 2844 3442 2913 qui
3489 2848 3626 2912 apud

2053 2932 2333 2986 ha:reticos
2366 2933 2719 3002 virginitatem
2749 2933 2950 2995 colunt,
2983 2933 3225 2988 eamdem
3254 2950 3315 2989 ac
3342 2937 3628 2990 fornicato-

2053 3035 2140 3074 res
2172 3037 2380 3090 pmuam
2411 3022 2662 3075 subeunt.
2697 3021 2880 3076 Unde?
2910 3023 3060 3089 Quod
3095 3023 3218 3076 nihil
3248 3025 3629 3081 honocc'nsilio

2050 3125 2112 3165 ac
2139 3113 2411 3180 proposito
2458 3111 2690 3176 faciant,
2741 3111 2832 3165 sed
2865 3124 2919 3164 ut
2959 3125 3234 3167 creaturas
3268 3117 3356 3170 Dei
3396 3117 3626 3172 innuen-

2051 3220 2272 3273 sanique
2301 3205 2441 3258 illius
2469 3205 2780 3274 sapientiam
2813 3205 3178 3260 criminentur.
3214 3207 3372 3275 Igitur
3411 3225 3477 3262 ne
3522 3219 3630 3264 tor-

2052 3309 2270 3362 peamus
2290 3295 2607 3364 negligentia
2641 3313 2654 3348 :
2687 3295 2959 3348 moderata
2991 3297 3144 3348 nobis
3170 3298 3459 3352 certamina
3491 3301 3630 3356 Deus

2054 3386 2316 3454 injunxit,
2351 3387 2546 3440 nullius
2577 3386 2688 3441 fere
2720 3387 2917 3440 laboris
2953 3388 3125 3456 plena.
3161 3389 3268 3443 Nec
3299 3400 3472 3444 tamen
3506 3407 3630 3461 pro-

2053 3491 2233 3548 pterea
2260 3479 2636 3547 despiciamus.
2673 3477 2803 3532 Nam
2836 3484 2878 3532 si
2909 3479 3145 3534 barretici
3175 3483 3447 3536 inutilibus
3479 3485 3629 3537 labo-

2054 3569 2201 3624 ribus
2229 3571 2434 3639 seipsos
2463 3571 2658 3624 misere
2683 3569 2939 3625 afflictam
2966 3588 2980 3636 ;
3031 3587 3149 3641 qua:
3176 3573 3329 3626 nobis
3359 3575 3628 3628 excusatio

2055 3661 2254 3730 reliqua
2279 3662 2398 3723 erit,
2433 3663 2474 3714 si
2509 3677 2679 3730 neque
2711 3671 2857 3716 tanto
2884 3664 3119 3717 minores
3141 3704 3154 3727 ,
3189 3665 3484 3732 quibusque
3513 3681 3628 3719 ma-

2054 3754 2191 3808 xima
2207 3762 2290 3808 est
2304 3756 2569 3823 proposita
2593 3769 2818 3817 merces,
2839 3756 3018 3809 subire
3039 3758 3396 3812 voluerimus?
3415 3759 3628 3828 Εειιιιιιά

2058 3846 2194 3896 enim
2226 3844 2421 3898 Chriin
2461 3856 2842 3913 pra-ceptorum
2869 3848 3069 3914 grave?
3098 3849 3300 3916 ecquod
3333 3849 3486 3903 valde
3517 3867 3634 3904 mo-

2064 3937 2254 3989 lestum
2287 3937 2404 3990 cst?
2429 3936 2542 3990 Non
2564 3946 2714 4005 potes
2737 3937 2785 3990 in
2813 3937 3109 4006 virginitate
3138 3939 3368 4008 degere?
3391 3941 3511 3996 licet
3542 3941 3634 3998 tibi

2058 4031 2396 4081 matrimonio
2422 4029 2594 4097 jungi.
2641 4029 2757 4083 Non
2786 4041 2935 4098 potes
2970 4032 3071 4083 tuis
3115 4043 3163 4084 Ie
3194 4033 3352 4086 rebus
3386 4035 3635 4088 omnibus

2057 4121 2301 4188 privare?
2335 4120 2449 4174 licet
2483 4121 2574 4174 tibi
2619 4136 2680 4174 ex
2731 4122 2882 4176 boois
2911 4124 3014 4176 tuis
3040 4125 3190 4176 aha-ri
3238 4127 3574 4193 suppeditare
3616 4142 3633 4184 :

2069 4208 2267 4272 Vestra,
2313 4209 2499 4278 inquit,
2553 4210 2863 4263 abundantia
2887 4211 3088 4264 illorum
3132 4213 3356 4282 inopiam
3403 4217 3636 4284 suppleat

2063 4299 2136 4369 (ἰ.
2171 4301 2287 4353 Cor.
2308 4302 2360 4353 8.
2393 4302 2502 4369 14).
2533 4300 2664 4354 Nam
2699 4302 2795 4355 ista
2835 4302 3049 4370 quidem
3078 4305 3226 4356 valde
3252 4305 3432 4373 gravia
3464 4305 3632 4361 νὶιΙιτὶ

2061 4391 2301 4460 possint,
2351 4390 2606 4459 pecunias
2651 4407 2745 4458 pro
2794 4392 2958 4445 nihilo
3012 4393 3240 4456 habere,
3289 4405 3342 4448 et
3377 4410 3636 4462 corporea

2059 4481 2349 4548 cupiditate
2400 4483 2732 4551 superiorem
2783 4499 2934 4547 esse;
2983 4485 3081 4538 alia
3115 4501 3242 4538 vero
3286 4495 3340 4539 ut
3392 4499 3634 4556 przrstes,

2061 4573 2206 4626 mullo
2226 4582 2459 4642 Slltllplll,
2484 4574 2624 4628 nulla
2648 4573 2897 4628 violentia
2916 4590 3047 4644 opus
3063 4586 3162 4628 est.
3185 4576 3350 4642 Quam
3378 4579 3519 4632 enim
3545 4579 3636 4634 tibi

2062 4664 2166 4716 vim
2208 4662 2400 4718 ell‘eras
2426 4675 2654 4733 oportet,
2674 4675 2741 4717 .ut
2769 4679 2835 4719 ne
2883 4665 3172 4720 maledicas
3203 4683 3300 4721 nec
3332 4669 3640 4724 erimineris

2065 4754 2312 4807 temere?
2343 4770 2408 4808 ne
2438 4763 2756 4810 C(UICI'OI‘UIII
2791 4753 2944 4808 bonis
2967 4755 3241 4811 invideas?
3265 4773 3330 4812 ne
3351 4759 3641 4816 ambitione

2064 4847 2330 4915 capiaris?
2358 4847 2662 4901 Tormentis
2689 4847 2898 4916 subjici,
2931 4863 3028 4902 nec
3048 4849 3113 4902 de
3138 4851 3301 4919 gradu
3327 4853 3480 4920 dejici
3497 4896 3514 4916 ,
3549 4870 3641 4923 pa¢

2067 4938 2265 4992 tientia:
2295 4949 2405 5003 est;
2436 4940 2488 4993 in
2517 4940 2900 4993 exercitatione
2949 4941 3309 5010 philosophica
3359 4957 3417 4998 se
3464 4947 3641 4998 conti-

2067 5043 2216 5096 nere,
2247 5030 2510 5097 patientia:
2539 5039 2655 5094 est;
2680 5038 3045 5099 paupertatem
3073 5015 3234 5098 fcire,
3261 5049 3381 5089 cum
3409 5034 3548 5090 fame
3577 5051 3640 5094 ac

2067 5119 2152 5172 siti
2184 5119 2393 5183 luctari,
2427 5119 2693 5186 patientia:
2738 5129 2842 5174 est.
2872 5122 2941 5174 At
2989 5123 3074 5176 tibi
3103 5123 3236 5176 nihil
3289 5124 3474 5177 horum
3504 5141 3642 5195 pne-

2067 5217 2210 5262 stare
2254 5209 2493 5278 cogeris,
2544 5211 2638 5265 sed
2692 5211 2816 5266 licet
2861 5212 2954 5265 tibi
2999 5213 3153 5266 bonis
3195 5212 3335 5278 tuis,
3383 5226 3642 5284 quatenus

2067 5298 2428 5352 Christianum
2459 5301 2634 5366 decet,
2667 5301 2956 5366 fruentem,
2987 5301 3177 5356 alienis
3222 5317 3325 5358 noo
3357 5305 3591 5364 invidere
3623 5328 3639 5365 :

2069 5405 2228 5460 quam
2271 5388 2524 5444 adhibeas
2573 5391 2876 5445 violentiam
2927 5392 3179 5459 oportet?
3232 5391 3387 5450 Certe
3451 5399 3640 5453 invidia

2069 5479 2282 5532 aliunde
2304 5493 2410 5532 non
2439 5481 2680 5546 exsistit,
2711 5496 2865 5550 quam
2894 5481 3034 5549 quod
3058 5497 3124 5537 ex
3166 5485 3523 5553 praesentibus
3557 5499 3642 5542 ωε

2069 5569 2168 5624 bus
2199 5567 2522 5636 pendemus;
2552 5571 2659 5624 imo
2681 5586 2806 5625 vero
2836 5586 3006 5640 neque
3054 5573 3266 5632 aliunde
3311 5583 3486 5633 omnia
3529 5597 3645 5634 ma-

2074 5663 2140 5718 la.
2181 5662 2312 5719 Nam
2339 5663 2383 5718 si
2441 5663 2717 5734 pecuniam
2759 5673 2813 5720 et
2855 5666 3077 5736 gloriam
3122 5670 3302 5725 mundi
3353 5670 3508 5741 hujus
3550 5689 3650 5743 pro
