4042 6212
403 408 570 462 nihilo
602 412 758 476 putes
779 445 796 471 ,
846 401 1154 474 neutiquam
1197 400 1262 456 iis
1286 399 1480 471 quibus
1519 407 1812 469 suppetunt
1844 397 1984 454 invi-

404 498 654 643 ddt’issied
685 585 935 656 quoniam
966 585 1081 640 istis
1109 583 1308 649 inhias,
1338 583 1436 637 ista
1467 580 1750 636 admiraris
1772 596 1836 636 ac
1864 589 1984 635 stuo

405 695 501 748 pes
527 697 543 736 ;
576 679 775 734 idcirco
818 677 1029 733 invidia:
1053 718 1068 743 ,
1104 676 1303 730 idcirco
1333 674 1506 729 inanis
1533 674 1719 744 gloria:
1749 674 1983 730 stimulis

405 771 624 842 agitaris
658 788 670 823 :
703 785 764 824 ac
794 769 1025 838 denique
1053 767 1231 821 omnia
1264 767 1389 821 hinc
1421 766 1833 836 proficiscuntur
1864 807 1880 831 ,
1913 781 1981 820 ex

406 862 758 916 admiratione
785 900 800 926 ,
835 860 1048 929 inquam
1084 898 1100 921 ,
1146 859 1266 912 vitae
1299 859 1579 927 prsesentis
1607 872 1893 927 rerumque
1920 856 1986 909 ad

408 949 552 1006 illam
586 950 992 1020 pertinentium.
1023 949 1234 1005 lnvides
1263 951 1356 1012 illi,
1389 966 1546 1020 quem
1579 951 1727 1006 vides
1757 950 1988 1004 ditesce-

409 1057 465 1098 re
487 1043 510 1096 2
538 1043 605 1096 At
631 1042 720 1096 ille
742 1041 1105 1096 misericordia
1130 1042 1305 1109 potius
1321 1057 1383 1094 ac
1407 1042 1656 1113 laerymis
1676 1041 1866 1110 dignus
1883 1051 1986 1094 est.

407 1131 513 1188 Sed
542 1133 800 1188 continuo
829 1147 950 1185 cum
979 1131 1088 1184 risu
1113 1132 1288 1200 inquis
1317 1149 1328 1184 :
1358 1131 1467 1200 Ego
1491 1131 1740 1202 lacrymis
1760 1131 1951 1199 dignus
1971 1171 1985 1193 ,

407 1241 517 1280 non
563 1225 653 1280 ille
695 1223 955 1293 profecto.
1002 1222 1276 1293 Lacrymis
1302 1222 1494 1292 dignus
1521 1231 1576 1277 et
1614 1231 1692 1288 ιιι,
1720 1237 1826 1276 nou
1869 1221 1989 1274 ideo

406 1320 546 1390 quod
581 1334 781 1389 pauper
809 1332 891 1380 es,
916 1315 1011 1370 sed
1037 1316 1289 1386 quoniam
1321 1325 1372 1370 te
1399 1316 1570 1386 ipsum
1600 1316 1853 1370 miserum
1881 1314 1983 1366 du-

406 1412 509 1466 cis.
568 1409 675 1465 Eos
713 1411 856 1464 enim
886 1449 902 1474 ,
925 1408 1118 1478 quibus
1160 1407 1288 1460 nihil
1322 1407 1448 1460 mali
1477 1405 1632 1461 adest
1659 1445 1676 1471 ,
1719 1419 1783 1459 ac
1811 1413 1987 1458 tamen

346 1542 349 1545 -
405 1516 552 1569 aegro
579 1499 759 1552 animo
779 1506 905 1552 sunt
935 1537 951 1561 ,
983 1497 1233 1568 lacrymis
1261 1495 1634 1565 prosequimur
1661 1535 1677 1560 ,
1709 1510 1814 1549 non
1847 1499 1988 1562 quod

409 1594 549 1648 male
577 1591 840 1660 habeant,
859 1589 952 1644 sed
975 1589 1140 1660 quod,
1168 1605 1288 1644 eum
1313 1589 1532 1642 minime
1559 1588 1699 1641 male
1723 1585 1987 1653 habeant,

409 1686 606 1739 habere
629 1699 688 1738 se
718 1691 924 1752 putant.
973 1681 1316 1744 Etenim,dic
1331 1679 1459 1735 mihi
1484 1719 1500 1745 ,
1543 1680 1588 1734 si
1634 1680 1754 1750 quis
1778 1695 1807 1732 a
1842 1678 1990 1734 febre

407 1777 542 1830 liber
585 1783 808 1830 intereat
848 1773 1138 1842 volensque
1178 1771 1464 1826 decumbat
1505 1782 1666 1841 atque
1705 1771 1756 1825 in
1787 1770 1989 1825 lectulo

403 1865 829 1927 circumferatur,
862 1880 1040 1918 nonne
1067 1864 1168 1918 iste
1196 1863 1449 1933 Iacrymis
1477 1862 1693 1933 dignior
1717 1877 1876 1932 quam
1911 1861 1990 1917 fe-

406 1956 487 2010 bri
516 1956 840 2022 laborantes,
871 1971 978 2010 uou
1007 1953 1148 2025 quod
1177 1953 1310 2009 febri
1343 1955 1548 2008 laboret
1575 1995 1590 2018 ,
1621 1954 1715 2010 sed
1743 1954 1885 2025 quod
1911 1957 1992 2009 ni-

407 2046 477 2100 hil
520 2048 643 2102 tuali
697 2046 899 2101 habens
924 2087 939 2111 ,
969 2045 1167 2102 habere
1210 2058 1269 2099 se
1301 2045 1493 2114 putet?
1521 2043 1602 2098 Tu
1651 2060 1864 2114 quoque
1913 2044 1990 2098 Ia-

403 2137 605 2208 crymis
654 2136 868 2207 dignus,
916 2135 1038 2205 quia
1089 2143 1140 2188 te
1189 2136 1360 2204 ipsum
1410 2133 1767 2188 miserabilem
1795 2135 1986 2199 ducis;

408 2231 628 2284 minime
681 2243 810 2284 vero
862 2235 1082 2296 prepter
1133 2233 1541 2295 paupertatem;
1589 2241 1711 2278 nam
1761 2241 1988 2297 pauper-

407 2333 488 2376 tas
533 2323 642 2390 ipsa
686 2321 767 2375 vel
809 2319 1174 2374 beatissimum
1216 2328 1267 2372 te
1305 2317 1521 2371 faceret.
1550 2316 1684 2382 Quid
1727 2327 1808 2372 est
1846 2318 1988 2386 quad

407 2413 645 2468 invideas
668 2411 819 2466 diviti
837 2411 860 2464 ?
878 2409 1022 2481 quod
1049 2411 1284 2479 seipsum
1311 2408 1552 2480 pluribus
1572 2408 1719 2463 curis
1736 2407 1989 2477 subjecit?

405 2505 546 2574 quod
574 2503 864 2558 difficiliori
909 2502 1204 2558 servituti?
1246 2502 1388 2572 quod
1433 2501 1701 2556 sexcentis
1726 2502 1935 2557 catenis
1967 2540 1986 2569 ,

405 2599 568 2653 veluti
617 2597 769 2651 canis
809 2596 1070 2666 quispiam
1103 2635 1119 2661 ,
1148 2595 1261 2650 suis
1310 2594 1548 2664 pecuniis
1594 2594 1826 2664 illigatus
1862 2595 1993 2649 est?

404 2688 638 2744 Advenit
669 2704 862 2758 vesper
881 2729 896 2752 ,
926 2688 1185 2742 successit
1222 2701 1326 2742 nox
1357 2727 1373 2752 ,
1418 2685 1539 2741 huic
1569 2701 1695 2742 vero
1722 2686 1896 2743 solatii
1925 2701 1990 2742 ac

405 2782 661 2852 requietis
692 2790 898 2851 tempus
929 2781 987 2836 fit
1030 2781 1286 2836 tumultus
1315 2821 1331 2845 ,
1366 2781 1594 2836 tristitiae
1627 2822 1642 2846 ,
1689 2782 1939 2837 maroris
1969 2823 1986 2850 ,

410 2873 785 2928 sollicitudinis
817 2883 1048 2941 tempus.
1079 2872 1346 2942 lncrepuit
1368 2871 1536 2942 quid?
1563 2872 1822 2928 continuo
1866 2888 1992 2944 pro-

406 2965 530 3032 ripit
553 2979 632 3018 se.
659 2966 699 3018 A
729 2964 1027 3018 latronibus
1045 2963 1305 3032 spoliatus
1325 2970 1407 3016 est
1427 2962 1688 3032 quispiam
1712 2963 1736 3014 τ
1758 2963 1848 3033 qui
1873 2961 1986 3017 nul-

406 3053 514 3108 ltnn
555 3053 808 3110 damnum
860 3053 1020 3108 habet
1063 3052 1265 3121 majore
1309 3061 1589 3122 torquetur
1625 3052 1992 3110 sollicitudine

404 3159 563 3216 quam
586 3145 676 3201 ille
696 3145 785 3216 qui
813 3159 1003 3214 passus
1023 3154 1128 3199 est.
1152 3142 1286 3198 Nam
1314 3142 1404 3198 ille
1429 3143 1644 3214 quidem
1671 3145 1838 3201 semel
1871 3160 1992 3216 per-

405 3236 580 3304 didit,
626 3253 690 3292 ac
719 3237 906 3294 dolore
931 3246 1155 3308 accepto
1186 3252 1369 3291 curam
1399 3236 1650 3307 deposuit
1677 3252 1692 3302 ;
1740 3238 1828 3294 hic
1856 3252 1989 3292 vero

409 3343 672 3402 perpetuo
697 3346 878 3386 secum
910 3331 1050 3385 illam
1075 3330 1230 3400 gerit.
1263 3330 1495 3386 Advenit
1518 3345 1643 3396 nox,
1667 3339 1853 3400 portus
1877 3347 1990 3384 ma-

407 3423 578 3477 lorum
611 3431 940 3488 nostrorum,
972 3421 1675 3476 nostrarumcalamitatum
1697 3421 1946 3476 solatium
1969 3463 1984 3488 ,

403 3515 681 3570 vulnerum
712 3515 1207 3580 medicamentum;
1249 3529 1371 3568 nam
1413 3525 1464 3570 et
1507 3515 1582 3570 illi
1624 3514 1716 3586 qui
1761 3515 1812 3570 in
1844 3515 1988 3570 luctu

402 3608 582 3678 aliquo
609 3617 736 3663 sunt
764 3648 780 3672 ,
817 3608 1004 3664 amicis
1029 3608 1246 3680 quidem
1275 3617 1330 3663 et
1355 3609 1597 3679 cognatis
1625 3618 1681 3664 et
1710 3604 1988 3664 familiari-

403 3699 504 3754 bus
528 3740 544 3763 ,
572 3716 634 3754 ac
660 3715 803 3770 saipe
829 3701 992 3754 etiam
1023 3699 1266 3768 patribus
1291 3701 1713 3755 consolationem
1750 3699 1987 3756 afferen-

404 3788 567 3855 tibus,
595 3804 702 3842 non
735 3789 1197 3859 obtemperarunt,
1231 3805 1403 3859 neque
1423 3805 1626 3845 morem
1653 3801 1934 3861 gesserunt
1967 3831 1984 3858 ,

400 3878 496 3934 sed
523 3879 684 3933 etiam
716 3878 810 3933 illo
837 3880 954 3950 ipso
977 3893 1228 3934 sermone
1253 3881 1318 3933 ad
1343 3880 1675 3936 iracundiam
1707 3891 1831 3936 sunt
1858 3897 1984 3952 pro-

401 3971 572 4027 vocati
598 3991 612 4026 :
637 3972 816 4027 nullus
835 3972 978 4027 enim
998 3983 1160 4026 tostus
1179 3981 1282 4038 est,
1297 3975 1384 4042 qui
1408 3983 1464 4027 ut
1481 3974 1744 4030 acerbitas
1759 3974 1981 4042 doloris,

400 4066 606 4119 animas
634 4073 844 4119 nostras
873 4065 1076 4120 cruciet
1101 4107 1114 4129 ,
1143 4080 1336 4120 somno
1364 4075 1542 4120 autem
1571 4067 1810 4138 requiem
1841 4068 1982 4124 indi-

398 4165 554 4211 cente
581 4198 596 4222 ,
627 4172 692 4210 ne
719 4156 909 4212 oculos
937 4155 1158 4226 quidem
1185 4165 1373 4212 contra
1403 4159 1651 4214 attollere
1675 4160 1978 4218 valuerunt.

397 4244 857 4312 Quemadmodum
899 4246 1058 4318 igitur
1091 4261 1287 4317 corpus
1315 4247 1469 4303 valde
1511 4258 1747 4304 mstnans
1786 4259 1840 4304 et
1882 4251 1986 4307 sub

401 4337 811 4394 ferventioribus
828 4339 987 4393 radiis
1006 4338 1278 4405 fatiscens,
1293 4339 1588 4396 diversorio
1603 4341 1752 4412 quasi
1769 4342 1979 4398 cuidam

397 4431 580 4486 multis
607 4433 808 4499 irriguo
831 4430 1085 4496 fontibus,
1119 4441 1174 4486 et
1197 4448 1260 4486 ex
1293 4431 1393 4488 levi
1413 4447 1543 4488 aura
1569 4434 1818 4489 solatium
1851 4434 1982 4489 affe-

397 4523 534 4578 reuti
580 4523 962 4578 commendare
1010 4523 1290 4579 solemus:
1323 4524 1394 4578 ita
1441 4540 1546 4579 uox
1587 4539 1778 4580 somno
1819 4529 1982 4584 tradit

397 4614 632 4668 animam
679 4623 960 4680 nostram;
987 4617 1070 4669 vel
1102 4615 1278 4685 potius
1322 4630 1496 4686 neque
1533 4631 1660 4679 nox.
1693 4632 1866 4688 neque
1892 4635 1981 4674 so-

398 4720 556 4760 mnus
595 4703 698 4759 hoc
729 4715 946 4774 prmstat
974 4747 990 4774 ,
1021 4706 1116 4761 sed
1163 4707 1342 4761 omnia
1374 4705 1490 4762 haec
1529 4723 1560 4761 a
1609 4708 1716 4762 Deo
1745 4708 1978 4778 profecta

395 4806 522 4854 sunt
552 4837 568 4866 ,
613 4798 704 4868 qui
755 4797 1005 4852 miseram
1067 4798 1285 4853 humani
1339 4799 1553 4868 generis
1613 4800 1976 4857 conditionem

394 4889 558 4945 novit.

464 4979 769 5036 Diuitiarum
807 4997 983 5035 onera.
1012 5009 1085 5021 -
1113 4981 1309 5037 Verum
1341 4997 1446 5036 non
1473 4983 1641 5037 nostri
1671 4982 1995 5038 misericor-'

389 5073 479 5130 dia
512 5076 812 5145 tangimur;
846 5072 941 5128 sed
974 5072 1228 5142 perinde,
1257 5088 1319 5127 ac
1344 5073 1502 5130 nobis
1530 5075 1628 5143 ipsi
1657 5073 1856 5131 inimici
1897 5075 1976 5130 si-

400 5180 520 5220 mus
549 5204 566 5232 ,
599 5163 932 5235 tyrannidem
964 5163 1192 5218 naturali
1225 5165 1550 5220 necessitate
1575 5173 1632 5220 et
1654 5165 1848 5221 solatio
1887 5181 1980 5221 su-

389 5255 660 5326 periorem
687 5255 842 5310 nobis
865 5253 1308 5324 comparavimns,
1339 5254 1566 5325 vigilias,
1591 5256 1828 5327 inquam,
1856 5273 1977 5329 quae

392 5362 459 5402 ex
485 5346 686 5400 divitiis
703 5347 985 5402 exsistunt.
1004 5343 1311 5400 Diuitiarum
1338 5345 1504 5414 enim,
1525 5346 1714 5417 inquit,
1731 5364 1855 5403 cura
1883 5365 1978 5403 att-

393 5440 493 5511 fert
534 5455 767 5492 somnum
809 5437 830 5512 (
857 5439 1018 5495 Eccfi.
1051 5440 1141 5495 5i.
1175 5442 1194 5494 Ι
1226 5437 1268 5511 ).
1313 5439 1392 5496 Ac
1417 5438 1537 5495 vide
1561 5450 1758 5510 quanta
1784 5441 1856 5497 sit
1881 5441 1975 5498 Dei

389 5525 750 5600 p‘rovidentia.
778 5531 1038 5587 Solatium
1064 5542 1119 5587 et
1144 5532 1382 5603 requiem
1405 5532 1544 5588 hanc
1565 5549 1669 5588 non
1701 5534 1976 5604 proposito

391 5623 725 5692 consilioque
751 5622 1044 5689 commisit,
1073 5624 1247 5679 somni
1275 5639 1432 5680 usum
1457 5641 1562 5680 non
1581 5625 1855 5682 electionis
1872 5642 1973 5682 no-

389 5725 515 5771 stra:
545 5729 666 5770 esse
695 5713 904 5796 voluit;
931 5712 1028 5770 sed
1065 5715 1324 5772 naturalis
1369 5717 1701 5773 necessitatis
1741 5717 1970 5778 vinculis

1139 287 1196 344 S.
1237 285 1514 344 JOANNIS
1549 282 2020 342 CHRYSOSTOMI
2060 281 2376 340 ARCIIIEP.
2415 281 2946 340 CONSTANTINOP.

3581 277 3678 336 106

2097 393 2402 461 adstrinxit,
2439 404 2496 449 ut
2517 395 2600 449 vel
2629 396 2778 450 inviti
2811 395 3130 452 beneficium
3157 397 3480 468 accipiamus
3512 417 3528 456 ς
3556 401 3676 458 dot-

2095 487 2231 542 mire
2272 489 2416 542 enim
2463 498 2668 542 natura:
2709 499 2809 542 est.
2841 489 2948 544 Nos
2986 500 3165 545 autem
3211 493 3362 558 quasi
3399 508 3498 549 nos
3537 492 3682 564 ipsos

2094 581 2249 635 valde
2275 579 2566 645 oderimus,
2586 580 2737 650 quasi
2761 596 2864 635 non
2894 597 3012 644 nos.
3038 582 3131 637 sed
3157 583 3363 638 alienos
3392 583 3534 639 bello
3560 603 3678 656 per-

2095 685 2386 738 sequamur
2410 686 2472 724 ac
2502 686 2758 725 vexemus
2783 713 2796 735 ,
2831 672 2929 726 hoc
2961 673 3072 741 ipsa
3099 674 3330 728 naturali
3359 678 3680 734 necessitate

2097 758 2352 828 majorem
2386 759 2541 814 nobis
2571 761 2908 832 tyrannidem
2933 754 3306 832 imposuimus,
3341 764 3484 818 illattt
3513 766 3674 820 nimi-

2097 865 2214 903 rum
2243 865 2363 919 qua:
2384 866 2453 904 ex
2483 851 2724 920 pecuniis
2746 860 2848 906 est.
2878 852 3001 906 Dies
3029 852 3201 906 illuxit
3225 854 3247 906 ?
3273 862 3436 923 atque
3462 855 3548 909 hic
3578 857 3678 911 sibi

2097 941 2284 996 metuit
2311 957 2339 993 a
2367 942 2733 1012 sycophantis.
2768 942 2878 998 Nox
2911 945 3212 998 successit?
3240 947 3389 1000 timet
3419 946 3674 1001 latrones.

2096 1032 2343 1088 Imminet
2385 1035 2574 1089 mors?
2621 1051 2726 1088 non
2759 1047 2964 1090 tantum
3007 1052 3072 1090 ea
3107 1037 3218 1105 ipsa
3260 1047 3432 1092 morte
3471 1039 3675 1093 doloris

2094 1127 2234 1195 capit
2261 1168 2277 1191 ,
2321 1143 2479 1197 quam
2507 1127 2650 1197 quod
2682 1143 2776 1182 sua
2811 1129 2862 1182 itt
2892 1129 3120 1182 aliorum
3151 1144 3341 1183 manus
3366 1130 3674 1186 devenient.

2095 1219 2380 1272 Pnerulmn
2412 1219 2624 1273 habet?
2659 1228 2784 1275 tunc
2822 1235 2950 1274 vero
2991 1229 3139 1274 tanto
3171 1222 3340 1290 major
3364 1223 3627 1290 cupiditas
3659 1259 3678 1287 ,

2096 1316 2223 1364 tunc
2249 1324 2309 1364 se
2340 1325 2626 1378 pauperem
2654 1321 2822 1378 putat.
2848 1309 2961 1364 Non
2988 1310 3146 1364 habet
3166 1311 3188 1364 ?
3206 1313 3521 1380 zrgritttditte
3547 1329 3672 1367 eon-

2096 1399 2295 1454 ficitur.
2343 1401 2493 1456 Hunc
2524 1402 2685 1472 igitur
2713 1403 2926 1457 beatum
2952 1403 3163 1471 judicas
3189 1445 3202 1466 ,
3235 1404 3301 1458 ad
3332 1422 3489 1474 quem
3531 1406 3676 1460 nullo

2094 1505 2158 1546 ex
2189 1491 2306 1546 loco
2331 1491 2548 1546 afﬂuere
2579 1502 2752 1561 potest
2772 1495 3050 1562 voluptas?
3071 1493 3192 1549 huic
3217 1495 3462 1549 fluctibus
3476 1494 3677 1564 jactato

2096 1582 2302 1637 invides
2324 1624 2339 1643 .
2377 1598 2500 1638 cum
2531 1594 2582 1638 tu
2615 1586 2666 1638 in
2700 1586 2988 1655 tranquillo
3018 1599 3196 1656 portu.
3225 1597 3554 1656 paupertate,
3587 1589 3673 1642 in-

2093 1689 2252 1744 quam
2275 1715 2292 1740 ,
2336 1677 2688 1745 conquiescas
2710 1679 2734 1728 Υ
2764 1677 2901 1731 Vere
2929 1687 2983 1732 et
3013 1677 3128 1732 haec
3157 1678 3440 1732 infirmitas
3462 1687 3546 1734 est
3573 1693 3672 1734 na-

2095 1775 2228 1821 tura:
2258 1765 2524 1832 humame,
2555 1767 2690 1821 bona
2717 1784 2978 1838 generose
3009 1785 3113 1824 non
3147 1769 3306 1834 ferre,
3324 1771 3418 1826 sed
3441 1787 3503 1825 ea
3530 1772 3675 1827 unde

2094 1857 2248 1911 nobis
2270 1857 2405 1912 bene
2427 1866 2507 1911 est
2526 1858 2871 1913 contumeliis
2897 1859 3187 1914 incessere.
3220 1864 3390 1930 Atque
3412 1861 3526 1915 h:ec
3554 1865 3672 1932 qui-

2093 1946 2212 2001 dem
2264 1947 2317 2001 iu
2362 1947 2464 2002 ltoc
2493 1948 2692 2002 tnuudo
2722 1967 2735 2002 :
2771 1965 2956 2004 verum
2995 1965 3116 2005 cum
3166 1952 3292 2006 illnc
3332 1953 3617 2009 abierimus
3652 1995 3669 2020 ,

2092 2039 2215 2094 audi
2235 2039 2362 2108 quid
2383 2039 2524 2094 dicat
2540 2041 2690 2095 dives
2712 2042 2801 2096 ille
2819 2043 3287 2098 innumerabilium
3304 2045 3564 2100 bonorum
3583 2047 3674 2101 do-

2095 2132 2292 2199 minus,
2310 2142 2365 2186 ut
2386 2132 2599 2202 quidem
2624 2143 2676 2188 ιιι
2700 2135 2831 2189 dicis
2855 2151 2869 2188 :
2897 2151 3068 2205 neque
3084 2139 3226 2190 enim
3247 2153 3347 2208 ego
3369 2139 3503 2192 bona
3525 2138 3673 2194 dise-

2093 2228 2214 2292 rim,
2229 2227 2321 2281 sed
2339 2226 2711 2282 indifferentia.
2733 2227 2827 2281 llic
2845 2229 3004 2298 igitur
3025 2229 3491 2286 innumerabilium
3512 2233 3672 2286 bono-

2091 2334 2210 2372 rum
2230 2319 2501 2384 dominus,
2519 2319 2642 2373 audi
2670 2319 2794 2387 quid
2817 2319 2979 2388 dicat,
3003 2331 3056 2376 et
3075 2321 3228 2391 cujus
3255 2324 3330 2378 rei
3356 2324 3672 2397 necessitate

2094 2407 2318 2463 laboret.
2347 2407 2519 2472 Pater,
2540 2409 2730 2480 inquit,
2754 2409 3030 2477 Abraham,
3055 2413 3194 2466 mitte
3223 2413 3493 2480 Lazarum,
3513 2425 3568 2468 ut
3592 2417 3672 2468 iu-

2093 2501 2251 2573 tingat
2271 2511 2550 2556 extremum
2565 2501 2711 2572 digiti
2723 2505 2801 2556 sui
2819 2503 2872 2556 in
2891 2521 3093 2572 aquam,
3113 2515 3159 2558 et
3171 2506 3429 2577 refrigeret
3448 2507 3671 2578 linguam

2092 2609 2286 2658 meam,
2321 2595 2560 2661 quoniam
2585 2595 2784 2649 crucior
2814 2595 2865 2648 in
2892 2597 2988 2650 hac
3017 2597 3226 2667 ﬂamma
3253 2595 3404 2668 (Luc.
3440 2599 3524 2654 ιϐ.
3555 2600 3668 2668 ἳι).

2092 2682 2223 2738 Nam
2254 2685 2353 2739 etsi
2385 2685 2538 2738 dives
2566 2686 2666 2740 iste
2699 2685 2832 2740 nihil
2863 2702 3049 2742 eorum
3081 2690 3340 2744 malorum
3375 2731 3390 2756 ,
3435 2709 3552 2760 qua:
3579 2709 3666 2747 su-

2091 2791 2186 2848 pra
2227 2779 2716 2833 commemorabam
2747 2821 2763 2845 ,
2811 2796 3096 2850 perpessus
3139 2793 3294 2846 erat;
3329 2785 3428 2840 etsi
3459 2803 3670 2842 outuem

2091 2868 2252 2922 vitam
2279 2869 2643 2926 sollicitudine
2669 2881 2724 2926 et
2752 2886 2879 2926 cura
2911 2871 3046 2927 liber
3067 2871 3425 2942 placidissime
3453 2888 3666 2947 egerat:

2091 2975 2431 3032 quamquam,
2465 2963 2588 3032 quid
2612 2963 2753 3028 dico,
2783 2980 2997 3021 omnem
3026 2968 3184 3021 vitam
3211 2970 3435 3038 egerat?
3459 2972 3667 3027 unicum

2091 3054 2220 3109 illttd
2252 3065 2615 3122 momentum;
2648 3065 2976 3114 momentum
3021 3061 3166 3114 enim
3204 3072 3285 3116 est
3329 3063 3567 3129 unicum,
3595 3066 3675 3118 iu-

2090 3147 2204 3215 qnit
2235 3185 2250 3208 ,
2293 3147 2468 3199 omnis
2501 3156 2680 3200 nostra
2711 3147 2816 3201 vita
2845 3191 2860 3215 ,
2891 3147 2937 3202 si
2967 3165 3088 3204 cum
3119 3151 3209 3205 illo
3239 3151 3450 3208 infinito
3473 3157 3670 3210 saeculo

2091 3236 2400 3291 conferatur
2430 3239 2564 3292 :etsi
2605 3238 2764 3308 igitur
2788 3240 2967 3295 omnia
3009 3241 3082 3296 illi
3119 3257 3182 3297 ex
3217 3247 3479 3298 sententia
3506 3245 3670 3301 fluxe-

2091 3338 2212 3380 rant
2243 3367 2258 3390 ,
2301 3343 2477 3382 nonne
2508 3344 2575 3384 ex
2604 3327 2685 3382 his
2715 3330 2845 3398 ipsis
2876 3333 3055 3387 verbis
3090 3373 3106 3398 ,
3152 3333 3232 3388 vel
3266 3336 3442 3404 potius
3478 3353 3548 3392 ex
3587 3339 3670 3394 his

2092 3419 2221 3489 ipsis
2259 3421 2418 3475 rebus
2456 3422 2775 3477 miserabilis
2804 3425 2924 3478 est?
2951 3430 3141 3480 Annon
3171 3426 3294 3480 vino
3323 3437 3410 3483 tua
3436 3431 3668 3500 undique

2091 3525 2275 3564 mensa
2325 3510 2693 3566 rcduudahat?
2741 3529 2882 3568 nunc
2930 3531 3058 3569 vero
3104 3532 3170 3571 ne
3209 3527 3411 3588 guttam
3454 3521 3666 3590 quidem

2089 3617 2244 3674 aqua:
2271 3603 2323 3658 in
2355 3613 2616 3673 potestate
2646 3605 2811 3660 habes
2831 3647 2846 3666 .
2878 3621 2999 3660 cum
3029 3608 3258 3664 maxime
3299 3626 3442 3680 eges.
3479 3615 3666 3666 Annon

2092 3707 2379 3763 pauperem
2417 3695 2562 3748 illurn
2608 3695 2878 3750 ulceribus
2905 3697 3260 3754 deformatum
3295 3701 3669 3772 despiciebas?

2089 3799 2230 3841 nunc
2247 3803 2372 3841 vero
2395 3789 2650 3856 postulas,
2677 3798 2732 3842 ιιι
2754 3789 2924 3859 ipsum
2950 3792 3118 3860 possis
3143 3793 3406 3863 aspicere,
3429 3811 3492 3849 ac
3513 3811 3670 3852 nemo

2089 3879 2369 3947 permittit.
2396 3879 2477 3933 Ad
2506 3881 2647 3935 fores
2689 3889 2804 3936 tuas
2837 3881 3084 3951 jacebat;
3115 3901 3253 3938 nunc
3293 3901 3422 3941 vero
3465 3888 3515 3942 in
3547 3891 3666 3942 sinu

2090 3969 2320 4026 Abrahae
2367 3982 2451 4027 est
2483 3991 2496 4026 :
2524 3982 2578 4026 tu
2623 3973 2722 4028 sub
2763 3975 2956 4044 amplis
3001 3975 3342 4047 laquearibus
3385 3979 3662 4046 cubabas;

2089 4076 2229 4115 nunc
2255 4076 2383 4116 vero
2411 4062 2461 4116 in
2491 4062 2611 4133 igne
2638 4063 2921 4133 gehenrne.

2158 4152 2212 4208 5.
2242 4153 2473 4208 Audiaut
2502 4155 2614 4209 haec
2642 4155 2855 4220 divites,
2873 4158 2956 4211 vel
2989 4159 3166 4228 potius
3197 4177 3300 4215 non
3329 4162 3542 4231 divites,
3572 4163 3666 4221 sed

2087 4243 2361 4300 inhumani
2394 4263 2406 4299 :
2441 4263 2546 4301 non
2584 4249 2727 4303 enim
2769 4249 2968 4305 ideirco
2999 4251 3087 4304 ille
3117 4254 3437 4322 puniebatur
3465 4297 3480 4318 ,
3528 4274 3663 4326 quo-

2087 4337 2229 4390 niam
2255 4336 2405 4392 dives
2428 4349 2565 4401 erat,
2589 4339 2682 4394 scd
2705 4342 2956 4410 quoniam
2981 4343 3230 4399 misertus
3257 4360 3360 4398 non
3389 4357 3486 4400 est.
3521 4347 3666 4401 Licet

2084 4431 2226 4485 enim
2253 4429 2424 4497 diviti,
2445 4430 2736 4487 dummodo
2763 4434 3130 4488 misericordia
3163 4450 3222 4490 se
3241 4437 3364 4491 duci
3387 4440 3544 4499 sinat,
3575 4455 3663 4491 cu-

2080 4522 2252 4591 jusvis
2280 4521 2403 4576 boni
2433 4537 2555 4578 esse
2591 4533 2916 4592 compotem.
2961 4525 3039 4578 Ac
3083 4540 3214 4580 sane
3244 4526 3366 4581 ideo
3397 4529 3662 4584 neminem

2086 4613 2186 4667 iste
2213 4613 2374 4667 aliunt
2407 4613 2557 4678 vidit,
2585 4629 2743 4683 quam
2768 4615 2917 4668 illum
2941 4625 3208 4685 egentem,
3237 4627 3293 4669 nl.
3323 4617 3450 4673 hinc
3477 4619 3528 4673 in
3555 4636 3665 4673 meo

2083 4705 2309 4759 muriam
2336 4704 2547 4760 rediens
2573 4704 2832 4760 factorum
2859 4722 3076 4762 suorum
3101 4707 3423 4779 intelligeret
3440 4711 3584 4780 juste
3606 4727 3666 4765 se

2083 4795 2388 4866 hujnsmodi
2419 4799 2590 4866 poenis
2615 4795 2774 4852 affici.
2806 4797 2887 4852 An
2921 4798 3148 4854 fortasse
3173 4799 3395 4856 deerant
3422 4805 3663 4858 sexcenti

2082 4887 2171 4941 alii
2205 4902 2463 4958 pauperes
2494 4888 2664 4957 justi?
2691 4889 2794 4944 Sed
2821 4889 2910 4958 qui
2941 4889 3007 4942 ad
3036 4889 3177 4945 fores
3208 4891 3374 4960 ipsius
3401 4894 3616 4962 jacebat
3646 4936 3660 4958 ,

2083 4978 2130 5032 is
2151 4979 2257 5034 illis
2285 4995 2344 5034 se
2363 4979 2710 5049 spectandum
2735 4981 2958 5050 praebet,
2994 4996 3094 5034 una
3117 4982 3370 5038 erudiens
3398 4983 3572 5052 ipsum
3601 5001 3665 5040 ac

2082 5085 2212 5138 nos,
2245 5064 2500 5142 quantum
2532 5072 2654 5125 boni
2681 5072 2750 5126 sit
2779 5072 3018 5141 pecuniis
3056 5089 3162 5128 non
3193 5075 3484 5131 confidere.
3519 5077 3663 5133 Nihil

2083 5163 2155 5218 illi
2185 5173 2469 5233 paupertas
2497 5163 2667 5216 obfuit
2686 5162 2750 5217 ad
2778 5177 3002 5233 regnum
3027 5166 3500 5236 consequendum;
3531 5169 3664 5225 nihil

2083 5255 2206 5311 huic
2225 5253 2426 5310 divitia:
2449 5254 2766 5323 profuerunt
2785 5254 2851 5308 ad
2871 5255 3141 5311 vitandam
3156 5256 3479 5326 gehennam.
3513 5259 3661 5325 Quo-

2081 5361 2251 5419 usque
2281 5360 2543 5417 pauperes
2567 5347 2592 5400 ?
2615 5361 2897 5418 quousque
2926 5348 3154 5403 mendici
3181 5349 3204 5402 ?
3231 5347 3347 5403 Non
3378 5358 3462 5405 est
3489 5391 3504 5415 ,
3553 5365 3660 5404 non

2081 5451 2164 5500 est
2189 5455 2390 5514 pauper
2419 5439 2508 5496 ille
2536 5441 2629 5511 qui
2657 5440 2788 5495 nihil
2821 5440 3002 5505 habet,
3033 5439 3128 5497 sed
3155 5441 3244 5512 qui
3276 5441 3442 5496 multa
3466 5443 3610 5510 cupit
3645 5461 3658 5495 :

2079 5550 2187 5592 non
2209 5543 2291 5590 est
2315 5533 2465 5590 dives
2492 5533 2580 5604 qui
2605 5532 2768 5588 multa
2790 5533 3051 5603 possidet,
3083 5531 3178 5588 sed
3206 5533 3294 5604 qui
3321 5533 3520 5588 nullius
3541 5547 3664 5602 eget

2079 5625 2182 5683 rei.
2212 5623 2351 5692 Quid
2381 5625 2524 5680 enim
2558 5623 2777 5694 prodest
2806 5623 3115 5678 universum
3145 5623 3362 5693 quidem
3395 5633 3659 5678 terrarum

2081 5717 2266 5774 orbem
2291 5713 2592 5788 possidere,
2622 5713 2791 5770 nihilo
2820 5729 2949 5770 vero
2975 5713 3263 5784 jucundius
3286 5714 3350 5769 iis
3370 5714 3549 5770 vivere
3568 5715 3662 5785 qui
