4014 6200
338 281 451 336 195

407 392 474 445 δ’.
521 390 660 443 Ἀλλ’
686 390 872 460 ἐπειδὴ
892 390 1126 460 κέχηνας
1150 432 1165 453 ,
1201 392 1295 444 καὶ
1324 392 1621 460 θαυμάζεις
1654 391 1794 445 αύτά
1817 391 1911 443 καὶ

331 480 628 550 ἐπτόησαι,
647 479 735 531 διὰ
756 479 912 532 τοῦτό
942 496 1023 532 σοι
1044 480 1139 532 καὶ
1159 480 1228 532 τά
1246 481 1341 549 τῆς
1367 480 1662 548 βασκανίας
1681 480 1909 549 ἐνοχλεῖ,

332 571 426 624 διά
454 570 614 624 τοῦτο
646 571 743 623 καὶ
764 571 831 624 τά
858 572 958 641 τῆς
978 570 1302 635 κενοδοξίας·
1336 572 1430 625 καὶ
1461 572 1635 625 πάντα
1665 572 1773 625 ἀπὸ
1794 571 1917 624 τού-

332 676 434 712 του
450 658 682 726 γίνεται,
701 660 807 712 ἀπὸ
829 658 923 711 τοῦ
956 659 1255 730 θαυμάζειν
1277 660 1345 714 τά
1370 660 1463 713 τοῦ
1489 661 1753 732 παρόντος
1773 660 1910 731 βίου.

338 751 687 813 Βασκαίνεις,
712 753 795 804 ὃτι
826 752 853 803 6
881 750 1031 805 δεῖνα
1061 751 1310 817 πλουτεῖς
1348 753 1456 806 Καὶ
1490 752 1595 823 μὴν
1618 752 1799 817 ἐλέους
1821 753 1915 805 καὶ

338 841 593 912 δακρύων
623 842 772 906 ἄξιος
796 842 825 893 6
853 842 1105 906 τοιοῦτος.
1150 843 1288 897 Ἀλλ’
1319 845 1464 913 ἐρεῖς
1485 843 1686 907 εύθέως
1708 844 1879 912 γελῶν
1896 858 1910 873 ·

342 932 491 999 Ἐγὼ
517 931 768 999 δακρύων
790 930 958 997 ἄξιος,
989 934 1088 984 οὐκ
1117 935 1340 997 ἐκεῖνος.
1363 933 1623 1004 Δακρύων
1645 934 1790 1001 ἄξιος
1819 933 1913 988 καὶ

342 1023 429 1084 σὺ,
463 1024 562 1093 οὐχ
592 1024 672 1076 ὅτι
696 1023 856 1093 πένῃ.
888 1023 1024 1076 ἀλλά
1053 1024 1139 1076 διὰ
1172 1024 1233 1076 τὸ
1266 1025 1488 1077 σεαυτὸν
1517 1024 1749 1078 ἐλεεινὸν
1771 1021 1912 1078 εἶναι

339 1115 597 1185 νομιζειν.
647 1114 798 1187 ίὲθθ]
832 1116 969 1177 Τοὺς
997 1115 1106 1185 γάρ
1148 1116 1301 1168 οὐδὲν
1346 1116 1569 1185 ἔχοντας
1608 1116 1774 1169 κακὸν
1817 1116 1913 1169 καὶ

331 1205 737 1275 δυσφοροῦντας
767 1205 1092 1275 δακρύομεν,
1121 1208 1218 1276 οὐχ
1248 1208 1331 1259 ὅτι
1364 1208 1535 1259 κακόν
1565 1225 1619 1261 τι
1655 1208 1868 1279 ἔχουσιν
1892 1246 1910 1273 ,

332 1298 449 1350 ἀλλ’
482 1298 565 1351 ὅτι
598 1297 676 1369 μὴ
704 1297 938 1367 ἔχοντες,
964 1296 1105 1367 ἔχειν
1128 1297 1460 1366 νομίζουσιν.
1493 1300 1628 1353 Είπὲ
1657 1301 1764 1371 γάρ
1797 1318 1905 1370 μοι,

331 1392 386 1443 ετ
408 1407 495 1453 τις
529 1389 768 1460 πυρετοῦ
811 1387 1250 1459 ἀπηλλαγμένος,
1285 1389 1437 1443 ἀλύει
1488 1391 1581 1443 καὶ
1618 1391 1909 1462 περιστρέ-

332 1497 515 1548 φεται,
549 1480 809 1549 ὑγιαίνων
849 1480 942 1531 ἐπὶ
983 1482 1082 1549 τῆς
1113 1479 1301 1551 κλίνης
1344 1481 1613 1551 κείμενος,
1657 1479 1766 1553 ἆρα
1803 1483 1909 1536 τῶν

333 1570 715 1640 πυρεττόντων
752 1569 951 1640 μᾶλλον
976 1570 1099 1639 οὐχὶ
1126 1570 1377 1641 δακρύων
1416 1572 1565 1636 ἄξιος
1592 1575 1620 1625 6
1649 1572 1905 1638 τοιοῦτος,

334 1660 435 1711 οὐκ
456 1659 648 1729 ἐπειδὴ
674 1660 953 1730 πυρέττει,
980 1662 1100 1714 οὐδὲ
1125 1662 1235 1731 γάρ
1268 1664 1541 1734 πυρέττει,
1572 1664 1689 1718 ἀλλ’
1721 1665 1908 1735 ἐπειδὴ

336 1752 506 1822 μηδὲν
526 1751 667 1821 ἔχων
692 1751 882 1818 δεινὸν,
902 1752 1045 1823 ἔχειν
1074 1772 1125 1806 τι
1159 1754 1369 1823 νομίζει
1390 1772 1405 1820 ;
1428 1758 1537 1809 Καὶ
1568 1756 1630 1809 σὺ
1656 1755 1909 1826 δακρύων

332 1844 483 1906 ἀξιος
513 1844 602 1897 διά
630 1844 807 1907 τοῦτο,
838 1846 921 1898 ὄτι
944 1846 1140 1898 σαυτὸν
1170 1846 1398 1899 ἐλεεινὸν
1433 1847 1698 1918 νομίζεις,
1729 1849 1790 1900 οὐ
1821 1846 1909 1901 διά

332 1934 435 2005 τὴν
468 1935 678 1987 πενίαν·
714 1938 813 2006 τῆς
841 1934 952 2006 γάρ
990 1936 1181 1999 πενίας
1215 1937 1401 1991 ἐνεκεν
1426 1939 1517 1991 καὶ
1545 1939 1908 2009 μακαριστός.

336 2028 403 2078 Τί
425 2026 637 2095 φθονεῖς
661 2026 737 2095 τῷ
763 2026 1039 2095 πλουσίως
1071 2028 1153 2079 ὅτι
1193 2029 1491 2097 φροντίδων
1522 2030 1711 2082 ἐαυτὸν
1738 2029 1910 2083 ὑπεύ·

335 2116 493 2169 θυνον
523 2117 824 2185 κατέστησε
855 2116 1138 2181 πλειόνων,
1168 2119 1250 2171 ὅτι
1274 2119 1489 2192 δουλείᾳ
1515 2121 1906 2193 χαλεπωτέρα;

333 2205 413 2259 δτι
450 2206 677 2277 μυρίαις
710 2206 951 2274 ἁλύσεσι,
1001 2207 1252 2279 καθάπερ
1281 2225 1366 2271 τις
1399 2210 1565 2275 κύων,
1602 2213 1714 2275 τοῖς
1742 2212 1909 2266 αὑτοῦ

332 2299 538 2351 δέδεται
574 2301 855 2368 χρήμασι;
889 2300 1199 2354 Κατέλαϐεν
1230 2302 1458 2371 ἑσπέρα,
1494 2301 1762 2356 κατέλαϐε
1793 2302 1908 2368 νὺξ,

335 2392 428 2443 καὶ
450 2391 543 2443 τδν
559 2391 659 2461 τῆς
685 2391 1040 2456 ἀναπαύσεως
1056 2392 1248 2463 καιρὸν
1274 2386 1426 2457 οὕτος
1460 2392 1688 2463 θορύϐου
1719 2394 1910 2465 καιρὸν

334 2486 425 2536 καὶ
456 2483 656 2553 ἀηδίας
709 2484 802 2536 καὶ
845 2483 1020 2555 λύπης
1067 2484 1179 2554 ἔχει
1226 2485 1322 2539 καὶ
1373 2484 1667 2555 μερίμνης.
1721 2487 1909 2555 Ψόφος

334 2576 589 2642 ἐγένετο;
638 2574 840 2638 εὐθέως
891 2575 1248 2646 ἀνεπήδησεν.
1314 2575 1371 2627 '0
1420 2575 1568 2627 δεῖνα
1634 2576 1909 2646 ἐσυλήθης

339 2664 539 2732 μᾶλλον
592 2664 803 2717 ἐκείνου
857 2664 1150 2735 φροντίζει⁴
1178 2664 1272 2717 τοῦ
1315 2664 1718 2730 ἀπολωλεκότος
1761 2666 1789 2718 6
1835 2666 1911 2737 μὴ

334 2755 718 2819 ἀπολωλεκώς.
775 2756 1006 2819 Ἐκεῖνος
1049 2755 1147 2825 μὲν
1188 2756 1298 2827 γάρ
1339 2755 1484 2821 άπαξ
1516 2756 1786 2822 ἀπώλεσε,
1818 2758 1913 2812 καὶ

334 2845 598 2917 λυπηθεὶς
628 2846 862 2902 ἀπέθετο
888 2847 988 2918 τὴν
1018 2848 1295 2917 φροντίδα·
1327 2843 1480 2912 οὗτος
1512 2848 1570 2902 δέ
1604 2849 1771 2919 αὐτὴν
1797 2850 1911 2919 ἔχει

334 2937 618 3008 διηνεκῶς.
652 2937 934 2990 Κατέλαϐε
963 2938 1080 3003 νὺξ,
1110 2941 1138 2992 6
1170 2937 1336 3009 λιμὴν
1360 2938 1472 2992 τῶν
1500 2939 1784 3011 ἡμετέρων
1813 2956 1913 2993 κα-

336 3028 467 3091 κῶν,
522 3028 585 3080 τὺ
621 3029 967 3099 παραμύθιον
1012 3028 1121 3083 τῶν
1154 3030 1438 3101 ἡμετέρων
1486 3030 1813 3101 συμφορῶν,
1853 3032 1913 3084 τὸ

338 3120 631 3190 φάρμακον
660 3120 767 3173 τῶν
812 3120 1165 3191 τραυμάτων.
1202 3122 1313 3174 Καὶ
1350 3120 1458 3191 γὰρ
1492 3122 1541 3174 οί
1587 3122 1914 3194 περιωδυνίᾳ

336 3212 443 3266 τιν)⁵
466 3214 823 3283 κατεχόμενοι
846 3214 960 3276 τοῖς
998 3212 1175 3283 φίλοις
1216 3213 1314 3283 μὲν
1362 3213 1455 3266 καὶ
1489 3214 1776 3282 συγγενέσι
1820 3217 1914 3268 καὶ

338 3306 582 3369 οἰκείοις,
620 3305 880 3369 πολλάκις
904 3304 959 3357 δὲ
989 3305 1085 3358 καὶ
1114 3304 1351 3374 πατράσι
1401 3304 1914 3375 παραμυθουμένοις

339 3399 437 3451 οὐκ
463 3394 612 3462 εἶξαν
650 3397 771 3451 οὐδὲ
807 3395 1191 3468 ὑπεχώρησαν,
1227 3394 1361 3448 ἀλλά
1389 3397 1486 3449 καὶ
1519 3396 1655 3467 πρὸς
1702 3395 1769 3449 τά
1808 3398 1908 3468 ῥή-

344 3506 489 3557 ματα
513 3490 654 3544 αὐτά
672 3490 1078 3560 ἠγανάκτησαν·
1110 3486 1310 3550 παντὸς
1338 3486 1447 3559 γάρ
1480 3486 1758 3557 καύματος
1786 3487 1915 3557 μᾶλο

340 3580 428 3633 λον
456 3582 517 3633 τὸ
534 3581 729 3651 πικρὸν
751 3582 850 3648 τῆς
871 3578 1061 3650 ὀδύνης
1084 3578 1180 3641 τὰς
1214 3578 1485 3649 ἡμετέρας
1506 3577 1676 3655 θλίϐει
1704 3577 1880 3646 ψυχάς
1898 3596 1911 3609 ·

338 3673 416 3744 τῷ
462 3673 518 3725 δὲ
576 3672 731 3741 ῦπνῳ
785 3670 1059 3725 κελεύοντι
1110 3669 1377 3722 παύεσθαι
1428 3669 1548 3722 οὐδὲ
1597 3668 1913 3737 ἀντιϐλέψαι

340 3763 585 3831 ῖσχυσαν.
622 3763 887 3833 Καθάπερ
913 3758 1005 3816 οὖν
1034 3761 1193 3831 σῶμα
1226 3761 1447 3822 διακαὲς
1482 3759 1574 3812 καὶ
1608 3758 1917 3832 θερμοτέρα⁸

341 3853 757 3922 προσπαλαίσαν
802 3853 978 3905 ἀκτῖνι
1032 3851 1525 3922 κατατρυχόμενον,
1583 3849 1770 3921 ῶσπερ
1808 3851 1916 3903 τινὶ

342 3941 669 4012 καταγωγίῳ
699 3941 896 4003 πολλάς
941 3940 1117 4011 ἐχοντι
1168 3940 1348 4011 πηγάς
1387 3941 1482 3993 καὶ
1525 3939 1622 4011 τὴν
1666 3941 1776 3994 ἀπὸ
1819 3940 1916 4011 τῆς

335 4034 539 4109 λεπτῆς
574 4037 748 4107 αὕρας
794 4036 1177 4107 παραμυθίαν·
1212 4034 1444 4105 οὕτωςὴ
1494 4034 1590 4099 νὺξ
1639 4033 1717 4103 τῷ
1766 4033 1916 4105 ὕπνῳ

341 4130 717 4203 παραδίδωσιν
746 4132 778 4199 ἡ
789 4129 903 4198 μῶν
930 4128 1026 4199 τὴν
1053 4128 1255 4197 ψυχήνθ
1288 4126 1486 4195 μᾶλλον
1524 4124 1581 4177 δέ
1607 4126 1705 4195 ούχ
1734 4127 1768 4195 ἡ
1798 4126 1911 4190 νὺξ,

341 4221 462 4273 οὐδὲ
498 4222 526 4272 6
574 4217 743 4281 ὕπνος
788 4216 944 4269 τοῦτο
1001 4215 1314 4287 ἐργάζεται,
1363 4213 1478 4267 ἀλλ’
1511 4214 1539 4265 6
1575 4212 1726 4277 Θεὸς,
1764 4212 1915 4277 εἰδὼς

340 4312 402 4364 τὸ
428 4311 781 4379 ταλαίπωρον
800 4310 956 4361 τοῦτο
985 4309 1161 4376 γένος,
1182 4306 1397 4360 ἅπαντα
1413 4305 1581 4358 ταῦτα
1604 4307 1913 4374 εἰργάσατο.

426 4402 568 4456 Ἀλλ’
586 4403 747 4472 ἡμεῖς
776 4402 876 4453 ούκ
904 4400 1159 4469 ἐλεοῦμεν
1183 4398 1426 4461 ἑαυτοὺς,
1460 4395 1573 4450 ἀλλ’
1622 4399 1815 4467 ἐπενοή
1826 4416 1918 4449 σας

346 4513 467 4568 με),
511 4494 766 4564 καθάπερ
813 4493 998 4565 ἐχθροὶ
1049 4492 1202 4554 ὅντες
1260 4489 1489 4552 ἑαυτῶν,
1546 4490 1646 4558 τῆς
1687 4491 1919 4560 φυσικῆς

343 4590 593 4659 ἀνάγκης
640 4589 734 4640 καὶ
782 4584 1137 4647 ἀναπαύσεως
1192 4582 1412 4653 μείζονα
1462 4581 1770 4652 τυραννίδα,
1825 4582 1920 4651 τὴν

344 4684 450 4737 ἀπὸ
476 4681 574 4736 τοῦ
614 4681 841 4733 πλούτου
888 4677 1211 4747 ἀγρυπνίαν.
1263 4674 1528 4742 Μέριμνα
1577 4673 1717 4744 γὰρ,
1752 4673 1916 4743 φησὶ,

344 4775 638 4830 πλούτου,
673 4767 895 4838 ἀφιστᾷ
938 4767 1152 4820 ὕπνον.
1189 4767 1296 4818 Καὶ
1338 4766 1439 4835 ὅρα
1481 4765 1620 4835 πόση
1653 4765 1744 4817 τοῦ
1784 4765 1919 4819 Θεοῦ

348 4866 380 4935 ἡ
402 4862 697 4935 κηδεμονία
717 4879 728 4889 ·
750 4861 863 4913 Οὐκ
891 4856 1156 4927 ἐπέτρεψε
1183 4860 1248 4927 τῇ
1279 4856 1534 4927 προθέσει
1560 4856 1656 4927 τὴν
1687 4857 1923 4909 ἀνάπαυ-

346 4972 450 5021 σιν,
486 4954 611 5008 ούδέ
642 4950 958 5022 προαιρέσει
982 4949 1088 5001 τινὶ
1113 4948 1208 5018 τήν
1234 4947 1421 5017 χρείαν
1444 4947 1536 5000 τοῦ
1567 4946 1758 5012 ὕπνου,
1786 4946 1922 5001 ἀλλά

346 5051 607 5119 φυσικαῖς
638 5045 807 5116 αὐτὴν
835 5044 1100 5109 ἀνάγκαις
1124 5040 1440 5110 κατέδησεν,
1465 5040 1553 5092 ἵνα
1580 5039 1672 5092 καὶ
1696 5040 1919 5105 ἄκοντες

347 5137 783 5212 εύεργετώμεθα·
815 5134 877 5187 τὸ
892 5133 1000 5202 γὰρ
1024 5130 1325 5193 καθεύδειν,
1345 5131 1442 5199 τῆς
1463 5129 1695 5199 φύσεως.
1731 5131 1919 5199 Ἡμεῖς

346 5236 402 5289 δέ
437 5234 516 5295 ὼς
550 5229 758 5299 σφόδρα
786 5226 1009 5288 ἑαυτοὺς
1043 5223 1351 5294 μισοῦντες,
1407 5222 1482 5285 ὡς
1517 5223 1735 5293 ἐτέρους
1765 5223 1919 5275 πολε-

351 5323 581 5394 μοῦντες
609 5320 707 5373 καὶ
732 5316 1027 5380 θλίϐοντες,
1057 5312 1155 5383 τῆς
1188 5313 1421 5382 φυσικῆς
1451 5310 1653 5382 ταύτης
1678 5312 1921 5384 ἀνάγκης

352 5413 575 5486 μείζονα
599 5413 699 5481 τὴν
731 5408 839 5463 ἀπὸ
876 5407 984 5461 τῶν
1013 5404 1309 5477 χρημάτων
1337 5403 1708 5473 ἐπενοήσαμεν
1735 5421 1923 5473 τυραν-

351 5506 490 5559 νίδα,
538 5504 752 5573 Ἡμέρα
793 5500 1015 5569 γέγονε;
1061 5496 1157 5549 καὶ
1190 5494 1424 5547 δέδοικεν
1461 5494 1490 5545 6
1534 5492 1772 5556 τοιοῦτος
1798 5495 1923 5556 τοὺς

349 5595 715 5664 συκοφάντας.
750 5592 813 5644 Ἦ
837 5587 932 5653 νὺξ
955 5582 1256 5651 κατέλαϐε;
1284 5582 1476 5652 τρέμει
1504 5580 1723 5651 λῃστάς,
1752 5581 1923 5635 Θάνα-

345 5706 437 5752 τος
468 5686 706 5755 ἐπέστη;
746 5681 837 5737 τοῦ
874 5680 1102 5735 θανάτου
1141 5674 1338 5745 μᾶλλον
1364 5672 1634 5742 δάκνεται,
1672 5670 1819 5744 [209]
1839 5672 1920 5726 ὅτι

1224 274 1292 329 ΙΝ
1332 273 1549 332 EPIST.
1591 274 1679 330 AD
1716 272 2003 329 PHILIPP.
2047 273 2195 329 CAP.
2239 274 2280 329 Ι.
2325 272 2559 331 llOMlL.
2600 275 2668 331 ll.

3491 282 3597 340 196

2026 392 2228 461 ἐτέρων
2256 393 2439 446 ἐκεῖνα
2484 392 2712 461 γίνεται.
2750 391 2966 445 Παιδίον
2996 384 3151 463 ἔσχες
3184 392 3381 449 πλείων
3408 396 3444 467 ἡ
3473 399 3594 452 ἐπι·

2022 480 2208 551 θυμία·
2241 482 2333 535 καὶ
2362 483 2482 536 τότε
2504 484 2652 536 δοκεῖ
2674 483 2841 555 πένης
2865 479 3025 537 εῐναι.
3055 485 3168 538 Οὐκ
3198 485 3355 555 ἔσχε,
3388 486 3592 555 μᾶλλον

2026 571 2290 626 ἀδυνᾶται.
2356 573 2555 627 Τοῦτον
2618 570 2711 628 οὖν
2770 572 3096 644 μακαρίζεις
3148 576 3263 627 τὸν·
3290 576 3589 645 οὐδαμόθεν

2026 662 2256 733 Ξγσθῆναι
2306 664 2637 735 δυνάμενον;
2674 665 2848 735 τούτῳ
2888 666 3100 733 φθονεῖς
3150 666 3228 736 τῷ
3272 666 3599 733 κλυδωνιζο-

2023 754 2167 825 μένῳ
2187 793 2202 817 ,
2233 756 2289 806 ἐν
2334 754 2513 824 λιμένι
2540 755 2760 826 γαληνῷ
2792 758 2856 825 τῇ
2891 755 3051 824 πενίᾳ.
3077 755 3351 827 ἐστηκώς;
3391 759 3600 822 Ὄντως

2020 842 2112 895 καὶ
2146 842 2305 895 τοῦτο
2335 842 2623 912 ἐλάττωμα
2652 846 2750 913 τῆς
2779 843 3127 911 ἀνθρωπίνης
3160 844 3393 912 φύσεως,
3424 846 3486 899 τὸ
3522 847 3600 916 μὴ

2027 932 2214 1003 φέρειν
2242 934 2310 988 τά
2344 933 2523 1001 ἀγαθά
2557 935 2842 1001 γενναίως,
2902 934 3016 987 ἀλλ’
3063 936 3143 998 είς
3171 936 3269 997 τάς
3296 935 3600 1005 εὐπραγίας

2018 1023 2343 1095 ἐξυϐρίζειν.
2385 1026 2496 1079 Καὶ
2529 1025 2702 1079 ταῦτα
2737 1026 2833 1096 μὲν
2874 1028 3127 1081 ἐνταῦθα·
3162 1028 3291 1081 ὅταν
3336 1028 3393 1081 δὲ
3426 1029 3596 1082 ἀπέλ-

2017 1114 2197 1184 θωμεν
2231 1118 2366 1181 ἐκεῖ,
2402 1117 2635 1171 ἄκουσον
2666 1117 2717 1170 τί
2754 1134 2918 1187 φησιν
2955 1121 2983 1172 6
3015 1118 3288 1182 πλούσιος,
3321 1122 3349 1171 6
3382 1120 3595 1191 μυρίων

2014 1203 2235 1271 ἀγαθῶν
2278 1205 2487 1277 κύριος,
2518 1205 2705 1276 ὥσπερ
2733 1207 2797 1259 σὺ
2836 1206 3013 1274 λέγεις
3035 1225 3050 1239 ο
3080 1208 3141 1259 ού
3178 1208 3287 1276 γάρ
3317 1208 3381 1262 ἂν
3421 1208 3599 1276 ἔγωγε

2013 1295 2183 1348 ταῦτα
2214 1295 2421 1365 εἴποιμι
2477 1297 2679 1363 ἀγαθὰ,
2713 1297 2827 1350 ἀλλ’
2877 1298 3163 1369 ἀδιάφορα.
3215 1294 3380 1361 Οὗτος
3418 1300 3600 1353 τοίνυν

2012 1387 2040 1437 6
2072 1386 2280 1457 μυρίων
2308 1386 2524 1454 ἀγαθῶν
2557 1387 2763 1458 κύριος,
2788 1388 3018 1442 ἀκουσον
3057 1389 3108 1442 τί
3141 1405 3294 1457 φησι,
3329 1389 3424 1441 καὶ
3449 1390 3597 1453 τίνος

2013 1477 2070 1529 ἐν
2105 1477 2264 1547 χρεία
2288 1479 2612 1549 καθέστηκε·
2653 1479 2861 1547 Πάτερ,
2903 1481 3089 1549 φησὶν,
3143 1481 3411 1550 Ἀϐραὰμ,
3450 1480 3599 1551 πέμ-

2012 1568 2136 1633 ψον
2158 1566 2441 1633 Λάζαρον,
2470 1569 2569 1620 ἵνα
2589 1566 2748 1634 ἄκρῳ
2769 1569 2845 1633 τῷ
2867 1568 3143 1635 δακτύλῳ
3167 1569 3453 1644 ἐπιστάτῃ
3474 1586 3601 1640 μου

2010 1658 2127 1724 τὴν
2153 1656 2451 1725 γλῶτταν,
2483 1658 2572 1711 ὅτι
2621 1659 3142 1728 ἁποτηγανίζομαι.
3190 1660 3253 1714 Εἰ
3286 1662 3391 1731 γὰρ
3430 1661 3597 1732 μηδὲν

2011 1738 2085 1798 ὧν
2119 1743 2269 1798 εἷπον
2295 1747 2528 1817 ἔπασχεν
2558 1749 2587 1800 6
2619 1747 2870 1810 πλούσιος
2901 1750 3127 1813 ἐκεῖνος,
3153 1752 3201 1802 εί
3229 1752 3337 1820 γὰρ
3360 1752 3417 1803 ἐν
3442 1750 3599 1822 ἀδείᾳ.

2012 1838 2107 1891 καὶ
2136 1839 2412 1908 φροντίδος
2463 1840 2633 1909 χωρὶς
2683 1840 2773 1892 τὸν
2826 1840 3038 1893 ἅπαντα
3088 1840 3202 1908 βίον
3240 1840 3508 1911 διήγαγε·
3538 1841 3593 1894 τί

2011 1928 2154 1996 λέγω
2181 1930 2271 1983 τὸν
2294 1929 2507 1983 ἅπαντα
2541 1930 2654 2001 βίον
2676 1948 2691 1996 ;
2711 1931 2809 2001 τὴν
2833 1931 2960 2001 μίαν
2993 1931 3164 2001 ῥοπὴν
3195 1931 3427 2001 ἐκείνην·
3454 1932 3597 2001 ῥοπὴ

2011 2019 2121 2090 γάρ
2147 2019 2294 2072 ἐστιν
2318 2034 2331 2047 ·
2365 2021 2440 2083 ὡς
2473 2020 2570 2089 μία
2602 2021 2710 2091 γάρ
2766 2020 2927 2091 ῥοπή,
2972 2022 3156 2091 φησὶν,
3215 2022 3243 2073 6
3282 2022 3393 2083 πᾶς
3434 2021 3596 2091 ἡμῶν

2012 2106 2145 2161 αἰὼν
2178 2108 2313 2179 πρὸς
2341 2108 2434 2161 τὸν
2462 2110 2635 2162 αίῶνα
2684 2109 2777 2161 τὸν
2822 2109 3047 2178 ἄπειρον
3069 2127 3081 2141 ο
3131 2111 3179 2162 εί
3208 2111 3386 2182 τοίνυν
3417 2111 3595 2165 πάντα

2011 2200 2161 2268 αὐτῷ
2192 2200 2329 2252 κατά
2356 2198 2582 2271 γνώμην
2612 2200 3079 2271 προεκεχωρήκει,
3110 2195 3219 2271 ἆρα
3243 2200 3345 2253 οὐκ
3362 2199 3594 2264 ἐλεεινός

2012 2289 2128 2341 ἐστι
2160 2288 2364 2341 τούτων
2410 2288 2519 2342 τῶν
2567 2290 2846 2360 ῥημάτων,
2884 2289 3084 2359 μᾶλλον
3130 2289 3187 2342 δὲ
3233 2288 3439 2343 τούτων
3483 2290 3595 2344 τῶν

2014 2378 2353 2450 πραγμάτων
2374 2395 2389 2444 ;
2415 2379 2549 2449 Οὐχὶ
2571 2380 2698 2450 οἴνῳ
2721 2378 3108 2450 περιεκλύζετό
3134 2395 3227 2431 σου
3254 2382 3287 2451 ἡ
3312 2380 3593 2452 τράπεζα;

2012 2474 2106 2529 νῦν
2138 2474 2195 2527 δὲ
2223 2472 2344 2526 οὐδὲ
2381 2472 2638 2541 σταγόνος
2673 2473 2863 2536 ὓδατος
2886 2470 2937 2527 εἶ
2963 2474 3176 2544 κύριος,
3210 2475 3304 2527 καὶ
3330 2475 3506 2528 ταῦτα
3533 2476 3596 2527 ἐν

2012 2566 2173 2637 χρεία
2192 2564 2361 2635 πολλῇ
2388 2563 2765 2633 καθεστηκώς.
2792 2565 2905 2634 Οὐχ
2925 2565 3245 2635 ἡλκωμένον
3275 2565 3595 2637 ὑπερεώρας

2010 2657 2103 2711 τὸν
2135 2657 2374 2726 πένητα;
2397 2654 2492 2709 νῦν
2520 2655 2577 2708 δὲ
2604 2653 2775 2718 ἀξιοῖς
2804 2656 2967 2709 αὐτὸν
2999 2657 3147 2720 ἰδεῖν,
3185 2658 3279 2711 καὶ
3310 2658 3485 2721 οὐδεὶς
3508 2658 3593 2711 δί-

2011 2748 2164 2802 δωσι.
2218 2745 2380 2817 Παρά
2430 2745 2522 2799 τὸν
2556 2744 2778 2799 πυλῶνα
2807 2741 2876 2816 ἧν
2911 2744 3003 2799 τὸν
3039 2746 3151 2812 σὺν,
3190 2747 3285 2800 νῦν
3309 2747 3366 2799 δέ
3394 2747 3452 2799 ἐν
3484 2748 3596 2810 τοῖς

2013 2836 2233 2900 κόλποις
2254 2834 2350 2888 τοῦ
2390 2834 2660 2907 ’Δϐραάμ·
2683 2835 2790 2890 ὑπὸ
2818 2834 2914 2899 τάς
2943 2835 3184 2907 μεγάλας
3212 2832 3276 2890 σὺ
3307 2835 3598 2893 κατέκεισο

2011 2929 2233 3002 ὀροφὰς,
2262 2926 2358 2981 νῦν
2391 2928 2448 2980 δὲ
2485 2930 2544 2982 ἐν
2571 2927 2649 2999 τῷ
2682 2929 2815 2999 πυρὶ
2845 2928 2945 2998 τῆς
2974 2928 3218 2999 γεέννης.

2084 3027 2145 3075 ε’.
2192 3018 2566 3073 Ἀκουέτωσαν
2594 3020 2767 3074 ταῦτα
2792 3022 2839 3073 οί
2856 3019 3117 3073 πλούσιοι·
3145 3020 3343 3091 μᾶλλον
3362 3020 3418 3075 δέ
3434 3020 3531 3092 οὐχ
3545 3021 3596 3076 οῖ

2013 3108 2277 3175 πλούσιοι,
2311 3109 2425 3163 ἀλλ’
2463 3111 2510 3162 οί
2542 3110 2932 3179 ἀνελεήμονες·
2965 3112 3024 3163 οὐ
3056 3113 3182 3181 γάρ,
3212 3111 3398 3184 ἐπειδὴ
3428 3111 3596 3167 πλούο

2014 3218 2127 3264 σιος
2152 3196 2241 3271 ἦν,
2278 3201 2587 3265 ἐκολάζετο,
2622 3200 2736 3254 ἀλλ’
2765 3200 2953 3271 ἐπειδὴ
2978 3202 3078 3254 ούκ
3101 3201 3351 3273 ἠλέησεν.
3378 3202 3596 3257 Ἔνεστι

2014 3293 2121 3361 γάρ
2155 3290 2489 3344 πλουτοῦντα
2519 3292 2613 3344 καὶ
2642 3290 2893 3344 ἐλεοῦντα
2915 3294 3100 3361 τυχεῖν
3131 3293 3332 3357 παντὸς
3356 3293 3589 3363 ἀγαθοῦ.

2013 3382 2124 3434 Καὶ
2150 3381 2239 3434 διά
2270 3380 2428 3434 τοῦτο
2455 3382 2645 3434 οὐδένα
2674 3381 2832 3436 ἀλλον
2860 3383 2965 3453 δρᾷ
2987 3423 2999 3444 ,
3048 3382 3164 3436 ἀλλ’
3208 3383 3241 3454 ἡ
3272 3386 3480 3438 ἐκεῖνον
3504 3385 3596 3440 τὸν

2013 3472 2264 3541 δεόμενον
2306 3471 2491 3538 αὑτοῦ,
2542 3471 2628 3524 ἵνα
2683 3471 2852 3543 μάθῃ,
2880 3472 2961 3525 ὅτι
2994 3471 3219 3536 δικαίως
3249 3473 3422 3527 ταῦτα
3451 3474 3593 3529 επα-

2016 3580 2163 3634 σχεν,
2196 3564 2275 3626 είς
2306 3563 2610 3633 ὑπόμνησιν
2636 3562 2808 3615 ἐλθὼν
2834 3558 2909 3617 ὧν
2936 3563 3193 3634 ἔπραττε.
3237 3564 3327 3635 Μὴ
3357 3565 3466 3637 γάρ
3498 3566 3600 3620 οὐκ

2013 3650 2153 3726 ἦσαν
2182 3653 2364 3724 μυρίοι
2393 3654 2621 3723 πένητες
2641 3653 2869 3719 δίκαιοι;
2914 3652 3055 3706 Ἀλλ’
3073 3654 3103 3706 6
3134 3654 3271 3725 πρὸς
3288 3653 3366 3725 τῷ
3393 3655 3600 3710 πυλῶνι

2016 3744 2178 3799 αὑτοῦ
2203 3744 2472 3814 κείμενος,
2507 3736 2660 3807 οὗτος
2706 3743 2855 3812 αὐτῷ
2888 3743 3160 3811 φαίνεται,
3196 3743 3465 3798 παιδεύων
3498 3744 3602 3799 αύ-

2018 3832 2109 3887 τὸν
2140 3832 2232 3885 καλ⁵
2266 3832 2436 3901 ἡμᾶς,
2476 3830 2600 3883 ὅσον
2630 3830 2776 3883 ἐστὶν
2812 3829 3016 3898 ἀγαθὸν
3050 3830 3126 3901 μὴ
3154 3829 3473 3886 πεποιθέναι
3502 3831 3597 3884 ἐπὶ

2018 3921 2314 3991 χρήμασιν.
2345 3919 2509 3972 Ούδέν
2541 3919 2745 3973 ἐκεῖνον
2796 3918 3031 3987 ἔϐλαψεν
3084 3921 3117 3991 ἡ
3153 3919 3315 3972 πενία
3353 3920 3489 3991 πρὸς
3537 3920 3599 3974 τὸ

2022 4007 2296 4077 βασιλείας
2326 4008 2526 4076 τυχεῖν·
2564 4007 2715 4061 οὐδὲν
2746 4007 2935 4062 τοῦτον
2984 4003 3264 4078 ὠφέλησεν
3304 4009 3332 4061 6
3368 4008 3601 4073 πλοῦτος

2021 4097 2153 4166 πρὸς
2177 4095 2247 4148 τὸ
2268 4094 2494 4162 γέενναν
2524 4096 2800 4164 ἐκφυγεῖν.
2831 4095 3010 4166 Μέχρι
3044 4095 3173 4146 πότε
3200 4094 3465 4163 πένητες;
3500 4095 3599 4166 μέ-

2021 4201 2111 4254 χρι
2136 4184 2262 4235 πότε
2295 4183 2533 4252 mur/pl;
2568 4185 2680 4236 Οὐκ
2714 4182 2880 4246 ἔστιν,
2912 4184 3010 4235 οὐκ
3039 4182 3154 4235 ἐστι
3184 4184 3350 4254 πένης
3374 4186 3403 4237 6
3432 4185 3601 4255 μηδὲν

2021 4270 2178 4339 ἔχων,
2214 4269 2327 4321 ἀλλ’
2352 4272 2379 4323 6
2409 4269 2619 4321 πολλῶν
2649 4269 2950 4336 ἐπιθυμῶν·
2992 4269 3089 4320 οὐκ
3128 4269 3242 4321 ἔστι
3290 4270 3544 4336 πλούσιος
3569 4274 3599 4325 6

2021 4354 2190 4409 πολλά
2218 4355 2574 4425 κεκτημένος,
2603 4354 2717 4407 ἀλλ’
2753 4354 2779 4405 6
2820 4354 3046 4425 μηδενὸς
3080 4354 3348 4423 δεόμενος.
3389 4358 3452 4408 Τί
3491 4358 3598 4427 γάρ

2019 4444 2208 4513 ὄφελος
2238 4444 2415 4497 πᾶσαν
2446 4444 2541 4513 μὲν
2569 4443 2863 4513 κεκτῆσθαι
2904 4442 3002 4513 τὴν
3043 4442 3393 4515 οἰκουμένην,
3416 4445 3511 4498 τοῦ
3539 4447 3597 4501 δὲ

2025 4530 2190 4602 μηδὲν
2215 4529 2427 4599 ἔχοντος
2460 4529 2658 4601 μᾶλλον
2685 4531 2742 4583 ἐν
2777 4530 2983 4602 ἀθυμία
3010 4530 3216 4598 διάγειν
3242 4546 3256 4596 ;
3290 4532 3355 4583 Δί
3399 4550 3598 4603 προαι-

2024 4616 2203 4689 ρέσεις
2235 4617 2475 4680 καὶτοὺς
2499 4616 2859 4679 πλουτοῦντας
2890 4617 2985 4669 καὶ
3010 4617 3138 4680 τοὺς
3159 4619 3486 4688 πενομένους
3509 4622 3604 4692 ἐρ-

2023 4703 2306 4773 γάζονται,
2336 4705 2434 4774 ούχ
2460 4705 2491 4773 ἡ
2522 4703 2630 4757 τῶν
2660 4703 2958 4774 χρημάτων
2986 4704 3273 4773 περιουσία
3303 4706 3423 4759 οὐδὲ
3452 4709 3484 4777 ἡ
3516 4707 3605 4761 ἐν·

2022 4792 2159 4847 δεια.
2197 4790 2347 4864 [210]
2381 4791 2567 4844 Βούλει
2621 4790 2873 4859 γενέσθαι
2908 4789 3162 4854 πλούσιος
3214 4793 3278 4845 σὺ
3329 4794 3357 4846 6
3388 4794 3597 4865 πένης-ς

2026 4879 2243 4945 Ἔξεστί
2283 4895 2363 4931 σοι
2394 4877 2718 4949 βουλομένῳ,
2756 4878 2849 4931 καὶ
2877 4880 2905 4931 6
2934 4878 3159 4931 κωλύων
3207 4879 3402 4943 οὐδείς·
3432 4897 3601 4934 κατα-

2025 4968 2293 5039 φρόνησον
2322 4967 2431 5018 τῶν
2469 4966 2562 5018 τοῦ
2597 4966 2805 5036 κόσμου
2846 4967 3166 5037 χρημάτων·
3207 4966 3428 5035 νόμισον
3460 4964 3599 5021 εἶναι

2028 5054 2211 5126 μηδὲν,
2241 5054 2429 5123 ῶσπερ
2467 5048 2560 5106 οῦν
2589 5052 2712 5106 οὐδέ
2741 5054 2919 5118 ἐστιν;
2949 5052 3145 5106 ἔκϐαλε
3181 5052 3280 5123 τὴν
3307 5052 3601 5123 ἐπιθυμίαν

2023 5146 2117 5199 τοῦ
2142 5144 2386 5207 πλούτου,
2415 5144 2509 5197 καὶ
2531 5141 2890 5213 ἐπλούτησας.
2918 5138 3084 5206 Οὗτός
3103 5146 3251 5196 ἐστιν
3275 5144 3304 5196 6
3327 5142 3598 5210 πλουτῶν,

2023 5236 2051 5287 6
2080 5234 2154 5303 μὴ
2189 5231 2356 5285 θέλων
2402 5233 2667 5284 πλουτεῖν·
2715 5232 2743 5283 6
2786 5230 2861 5301 μὴ
2907 5230 3074 5283 θέλων
3120 5229 3398 5296 πένεσθαι,
3445 5225 3598 5296 οὗτός

2025 5324 2171 5375 ἐστιν
2196 5320 2224 5372 6
2256 5319 2567 5390 πενόμενος.
2615 5318 2878 5388 Καθάπερ
2927 5318 3133 5379 ἐκεῖνος
3162 5316 3333 5369 νοσῶν
3360 5320 3388 5371 6
3415 5318 3509 5372 καὶ
3544 5320 3611 5371 ἐν·

2026 5408 2184 5478 ὑγεία
2210 5405 2413 5469 ἀλύων,
2435 5406 2535 5459 ούκ
2561 5406 2763 5466 ἐκεῖνος
2780 5404 2809 5456 6
2824 5404 3004 5473 πάσης
3026 5401 3214 5470 ὑγείας
3237 5402 3604 5477 εὐκολώτερον

2024 5494 2122 5563 τὴν
2144 5494 2297 5547 νόσον
2328 5492 2529 5564 φέρων,
2558 5489 2700 5544 οὕτω
2724 5489 2816 5541 καὶ
2842 5487 3079 5542 ἐνταῦθα
3102 5487 3270 5559 πένης
3300 5488 3447 5542 ἐστὶν
3464 5490 3492 5541 6
3523 5488 3601 5559 μὴ

2026 5583 2319 5655 δυνάμενος
2346 5582 2533 5636 πενίαν
2557 5581 2821 5649 ἐνεγκεῖν,
2845 5577 2959 5634 ἀλλ’
2989 5580 3047 5633 ἐν
3076 5578 3292 5650 πλούτῳ
3318 5578 3426 5632 τῶν
3444 5595 3602 5633 πενοπ

2032 5674 2207 5745 μένων
2255 5676 2453 5747 μᾶλλον
2491 5673 2792 5745 ἡγούμενος
2823 5667 2961 5730 εἶναι
2994 5673 3182 5745 πένης,
3213 5673 3314 5727 οὐκ
3342 5674 3544 5739 ἐκεῖνος
3572 5675 3600 5727 6
