4044 6202
302 303 407 360 197

298 420 431 476 nihil
455 418 658 475 habent
683 419 704 474 ?
732 416 1036 475 Electiones
1062 418 1191 488 ipsa:
1210 426 1266 472 et
1296 417 1418 470 vita:
1444 415 1683 471 instituta
1706 423 1832 468 sunt
1864 452 1881 478 ,

301 529 423 582 qua:
465 509 661 566 divites
703 519 757 565 et
802 524 1068 581 pauperes
1111 506 1357 573 faciunt,
1390 523 1498 562 non
1537 504 1882 577 pecuniarum

302 601 631 656 abundantia
663 608 756 655 ant
782 598 982 672 inopia.
1009 598 1103 655 Vis
1130 608 1187 655 tu
1206 640 1223 667 ,
1255 613 1290 654 ο
1320 613 1521 669 pauper
1544 638 1559 662 ,
1587 594 1891 652 ditescere?

303 696 363 749 Si
392 695 527 750 velis
547 734 562 757 ,
612 694 738 749 licet
776 692 869 747 tibi
904 708 919 746 :
949 705 1107 747 nemo
1129 700 1214 748 est
1234 731 1251 757 ,
1279 693 1369 762 qui
1400 689 1678 761 prohibeat
1709 705 1723 742 :
1754 704 1879 743 con-

304 797 485 841 temne
507 786 689 840 mundi
719 784 990 854 pecunias,
1025 799 1123 854 pro
1154 783 1323 838 nihilo
1344 783 1463 837 illas
1493 781 1632 837 habe
1659 822 1675 847 ,
1709 788 1768 836 ut
1797 795 1890 836 re—

308 893 437 932 vera
472 878 602 932 nihil
632 888 757 932 sunt
789 920 804 942 ,
851 877 1021 947 abjice
1063 877 1368 932 divitiarum
1407 876 1750 947 cupiditatem
1778 915 1793 940 ,
1836 883 1894 931 et

306 967 484 1022 factus
506 982 566 1023 es
586 968 738 1021 dives
787 969 888 1035 Qui
917 968 1073 1022 ditari
1107 984 1213 1022 non
1241 969 1377 1034 vult,
1410 968 1497 1023 hic
1523 979 1604 1023 est
1628 970 1716 1034 qui
1748 968 1884 1022 dita-

309 1068 399 1111 tur
430 1077 444 1111 :
477 1058 565 1127 qui
594 1059 813 1111 minime
856 1060 967 1112 vult
1014 1059 1064 1112 in
1113 1068 1483 1127 paupertatem
1532 1058 1768 1113 incidere
1796 1101 1810 1120 ,
1844 1058 1891 1112 is

307 1148 514 1202 incidit.
546 1147 677 1203 Nam
708 1159 764 1202 ut
794 1150 838 1202 is
869 1164 993 1204 vere
1020 1159 1264 1219 aegrotat,
1291 1149 1380 1219 qui
1401 1150 1562 1205 etiam
1591 1151 1640 1205 in
1664 1150 1894 1206 sanitate

308 1240 527 1308 languet
555 1253 719 1309 seque
748 1240 997 1299 afflictat.
1042 1257 1146 1295 non
1195 1242 1285 1297 ille
1324 1241 1413 1312 qui
1442 1241 1688 1295 morbum
1722 1242 1888 1295 nihilo

306 1330 581 1385 dtﬂicilius
617 1333 722 1386 fert
756 1348 916 1401 quam
960 1332 1221 1402 integrann
1252 1334 1543 1388 sanitatem
1578 1350 1591 1387 :
1626 1334 1693 1386 ita
1726 1334 1887 1387 etiant

307 1438 513 1492 pauper
540 1432 625 1477 est
654 1424 743 1492 qui
775 1433 1145 1493 paupertatem
1174 1426 1316 1480 ferre
1348 1441 1452 1480 non
1487 1435 1661 1496 potest
1687 1468 1700 1490 ,
1731 1437 1894 1497 atque

307 1514 546 1584 undique
574 1513 918 1568 afﬂuentibus
942 1515 1145 1570 divitiis
1172 1531 1233 1572 se
1263 1532 1373 1587 pra:
1405 1518 1656 1574 omnibus
1687 1535 1891 1589 panpe-

308 1619 422 1659 rem
456 1614 605 1672 putat
625 1622 637 1657 :
661 1620 765 1658 non
797 1606 882 1660 ille
908 1607 997 1673 qui
1025 1616 1390 1676 paupertatem
1419 1609 1667 1665 facillime
1690 1611 1891 1679 ferens,

310 1693 535 1748 hilarius
560 1694 690 1747 vivit
714 1710 873 1763 quam
902 1695 1093 1752 divites
1113 1716 1125 1751 :
1145 1696 1232 1753 hic
1254 1698 1396 1753 enim
1422 1699 1581 1771 longe
1605 1700 1767 1755 ditior
1790 1710 1890 1756 est.

312 1785 405 1840 Dic
430 1787 575 1841 enim
613 1787 764 1852 mihi,
797 1804 894 1843 cur
925 1800 1289 1861 paupertatem
1323 1793 1516 1848 times?
1550 1809 1647 1849 cur
1669 1795 1895 1850 tremis?

308 1893 493 1931 nonne
521 1889 735 1947 propter
764 1880 916 1934 famis
947 1882 1277 1951 periculum?
1298 1900 1474 1939 nonne
1506 1895 1721 1955 propter
1751 1888 1894 1956 peri-

308 1969 498 2021 culum
546 1969 663 2024 sitis
704 1980 756 2024 et
802 1970 1049 2041 frigoris?
1081 1989 1258 2029 nonne
1301 1975 1370 2029 ob
1414 1976 1546 2030 alias
1591 1977 1891 2046 hujusmodi

314 2060 553 2113 musas?
583 2061 647 2114 At
676 2077 849 2123 nemo.
882 2080 1058 2128 nemo,
1095 2064 1330 2135 inquam,
1360 2077 1462 2133 est,
1487 2070 1575 2139 qui
1609 2070 1661 2123 in
1694 2079 1892 2124 tantam

317 2151 553 2222 inopiam
581 2153 830 2209 redactus
865 2156 955 2209 sit.
1003 2156 1255 2227 Respicite
1291 2159 1434 2213 enim
1466 2160 1519 2213 in
1546 2161 1779 2230 antiquas
1806 2177 1894 2231 ge-

312 2251 599 2305 nerationes
627 2292 642 2314 ,
683 2262 731 2305 et
751 2252 914 2306 videte
946 2266 965 2305 :
988 2253 1101 2322 quis
1126 2254 1339 2307 credidit
1365 2253 1473 2308 Deo
1501 2295 1517 2318 ,
1555 2264 1601 2308 et
1631 2254 1896 2310 derelictus

310 2352 383 2397 est
406 2343 434 2395 .’
458 2341 540 2397 vel
563 2345 675 2409 quis
702 2346 920 2411 speravit
951 2346 1001 2399 in
1033 2346 1162 2415 ipso,
1187 2356 1234 2400 et
1264 2346 1507 2415 confusus
1526 2356 1598 2402 est
1625 2347 1810 2417 (Eccli.
1838 2348 1892 2401 ‘2.

314 2434 401 2501 ll)
423 2434 447 2485 ?
475 2444 528 2486 et
550 2448 762 2496 rursus,
782 2435 1031 2503 Respicite
1051 2436 1276 2490 volatilia
1298 2438 1427 2501 cwli,
1456 2454 1569 2506 qua:
1593 2455 1693 2492 non
1722 2448 1895 2495 serunt

308 2540 467 2593 neque
497 2534 689 2576 metunt
719 2541 880 2588 neque
912 2539 1218 2598 congregarat
1241 2529 1295 2582 in
1325 2531 1526 2595 horrea,
1552 2540 1599 2583 et
1630 2528 1786 2584 Pater
1808 2546 1895 2584 ve-

305 2624 410 2667 ster
433 2614 646 2670 caelestis
673 2617 834 2685 pascit
871 2618 963 2670 illa
1010 2619 1027 2687 (
1055 2617 1241 2674 Matth.
1276 2619 1330 2675 6.
1362 2620 1430 2674 26
1461 2622 1502 2690 ).
1543 2620 1713 2676 Nemo
1741 2621 1897 2677 nobis

304 2706 617 2775 quempiam
650 2707 968 2775 protulerit,
1008 2710 1095 2779 qui
1125 2713 1237 2765 cito
1268 2713 1408 2768 fame
1446 2723 1539 2767 aut
1570 2713 1767 2783 frigore
1800 2730 1895 2784 pe-

305 2799 499 2853 rierit:
533 2816 632 2855 cur
682 2816 812 2872 ergo
862 2813 1228 2873 paupertatem
1283 2806 1516 2863 timeas?
1550 2808 1689 2864 Nihil
1731 2810 1895 2868 habes

303 2889 449 2958 quod
483 2892 835 2961 respondeas.
866 2892 999 2949 Nam
1029 2895 1072 2949 si
1104 2898 1405 2952 necessaria
1432 2899 1523 2953 tibi
1558 2910 1846 2971 suppetunt
1874 2942 1892 2967 ,

305 2996 408 3034 cur
432 2981 668 3051 denique
701 2983 843 3038 illam
880 2986 1082 3042 times?
1112 2988 1252 3057 quod
1284 3004 1387 3043 non
1418 2990 1511 3046 tibi
1544 2992 1697 3047 adest
1729 2992 1894 3049 famu-

304 3071 484 3127 lorum
526 3075 808 3129 multitttdo
833 3078 857 3131 ἲ
886 3077 942 3133 ω
985 3094 1113 3135 vero
1157 3081 1287 3135 nihil
1330 3082 1471 3138 aliud
1503 3094 1587 3139 est
1616 3126 1631 3150 ,
1664 3102 1820 3155 quatn
1863 3103 1893 3143 a

303 3163 545 3220 dotninis
576 3181 697 3222 esse
725 3168 946 3223 liberum
978 3212 991 3235 ,
1022 3186 1179 3241 quam
1212 3184 1467 3243 perpetua
1496 3177 1736 3246 quaedam
1768 3179 1896 3233 bene

312 3254 490 3308 Iitudo
518 3298 532 3315 ,
563 3274 721 3324 quam
753 3275 1000 3316 curarum
1030 3263 1267 3318 vacuitas
1291 3274 1345 3320 et
1369 3266 1608 3323 libertas.
1640 3270 1721 3324 An
1754 3272 1893 3341 quod

304 3361 436 3398 τείνει
457 3388 473 3411 ,
501 3349 666 3402 lectos
690 3390 705 3411 .
742 3353 1127 3419 supellcctilem
1160 3370 1264 3410 non
1290 3356 1455 3413 habes
1481 3374 1544 3415 ex
1573 3370 1792 3430 argento
1816 3362 1897 3414 fa-

306 3438 605 3493 brefacta?
646 3442 709 3495 Et
758 3443 883 3510 qttid
935 3446 1052 3512 plus
1100 3446 1261 3503 habet
1307 3463 1466 3519 quam
1514 3460 1566 3503 tu
1598 3492 1614 3516 ,
1646 3452 1786 3520 quod
1828 3452 1893 3507 ad

300 3529 594 3585 frtn-ndtun
620 3533 868 3600 pertinet,
900 3535 943 3589 is
969 3540 1051 3591 cui
1081 3538 1179 3593 ista
1210 3549 1497 3608 suppetunt
1522 3540 1544 3593 ?
1567 3539 1707 3596 Nihil
1730 3560 1744 3597 :
1770 3557 1898 3600 usus

303 3626 459 3679 enim
492 3626 630 3680 idem
654 3636 760 3690 est,
794 3628 911 3682 sive
935 3645 999 3684 ex
1026 3630 1125 3687 hac
1153 3634 1269 3689 sive
1295 3650 1361 3689 ex
1392 3634 1479 3689 illa
1509 3638 1731 3691 materia
1761 3654 1895 3694 con-

299 3760 387 3772 υ-οτο

1188 298 1254 356 IN
1295 296 1508 356 EPLST.
1552 296 1641 352 AD
1682 293 1946 351 PlllLlPl’
2009 292 2161 349 CAP.
2205 293 2244 349 Ι.
2289 294 2518 351 IIOMIL.
2562 295 2650 351 Ill.

396 3756 2977 3782 W

3472 299 3574 359 198

1997 420 2162 465 stent.
2193 412 2277 465 An
2306 411 2449 480 quod
2478 411 2658 466 multis
2688 427 2795 467 non
2829 429 2888 469 es
2928 417 3119 471 terrori
3145 418 3167 471 ’ἐ
3207 417 3361 473 Absit
3384 458 3400 483 ,
3433 429 3492 475 ut
3519 422 3573 479 id

2000 504 2094 559 tibi
2124 520 2373 573 umquam
2404 508 2616 560 eveniat
2642 524 2656 559 :
2682 522 2803 576 qua:
2849 507 2994 564 enim
3027 510 3273 579 voluptas
3295 551 3311 576 ,
3338 526 3459 567 esse
3488 530 3579 583 qut

2000 607 2053 653 te
2093 584 2341 652 metuant
2366 613 2429 651 ac
2470 597 2798 653 formident?
2827 599 2905 654 An
2938 600 3078 670 quod
3105 601 3243 657 alios
3271 602 3529 659 fetanidas
3558 607 3583 661 ’ἐ

1999 691 2068 744 At
2095 688 2216 743 licet
2244 705 2348 743 nou
2378 687 2689 745 formidare.
2740 689 2829 746 Vis
2854 692 2999 747 enim
3031 709 3131 746 non
3155 694 3329 749 timere
3355 706 3583 764 potesta-

2001 792 2100 835 tem
2130 783 2155 836 ?
2180 782 2365 836 bonum
2395 785 2497 853 fac,
2529 792 2579 837 et
2611 783 2813 837 habebis
2841 784 3045 839 laudem
3066 802 3130 840 ex
3154 786 3248 840 illa
3276 787 3455 855 (Rom.
3485 790 3575 845 13.

1999 875 2075 944 5).
2101 874 2170 929 At
2193 874 2337 930 enim
2366 874 2502 930 dicis
2525 915 2539 940 ,
2567 873 2746 931 Facile
2769 878 3164 931 contemnimur
3191 919 3207 943 ,
3241 878 3397 935 facile
3423 880 3584 936 malis

2001 966 2265 1022 afficimur
2290 968 2315 1021 ?
2341 967 2594 1033 Quinimo
2625 967 2674 1021 id
2704 968 3038 1037 potissimum
3071 968 3194 1024 facit
3221 970 3536 1041 improbitas
3561 1014 3579 1039 ,

2000 1073 2106 1113 non
2162 1070 2471 1129 paupertas.
2525 1061 2735 1115 Etenim
2792 1077 2913 1116 cum
2967 1062 3116 1116 multi
3184 1078 3444 1134 pauperes
3496 1065 3582 1121 vi-

2003 1158 2108 1205 tam
2152 1160 2312 1221 agant
2350 1151 2467 1207 sine
2512 1152 2797 1217 molestia;
2835 1168 2941 1207 non
2986 1153 3273 1208 defuerunt
3308 1156 3580 1227 principes

2000 1243 2334 1299 abundantes
2355 1243 2576 1309 divitiis,
2606 1258 2669 1299 ac
2691 1242 2952 1314 dynastas,
2979 1247 3067 1314 qui
3095 1246 3282 1315 quovis
3305 1246 3579 1302 facinoro-

2001 1351 2096 1399 so,
2131 1336 2339 1389 latrone
2367 1344 2420 1389 et
2447 1335 2818 1405 sepulcrorum
2865 1336 3124 1391 effossore
3153 1336 3390 1392 deterius
3434 1339 3580 1393 mul-

2002 1428 2096 1480 tati
2129 1427 2515 1481 discesserunt.
2551 1427 2701 1493 Quod
2728 1428 2876 1481 enim
2912 1427 2964 1481 in
2995 1437 3047 1481 te
3077 1439 3363 1498 paupertas
3387 1470 3402 1495 ,
3452 1429 3580 1483 idin

2002 1518 2089 1572 illo
2114 1517 2314 1571 divitiae
2351 1516 2569 1573 faciunt.
2601 1518 2734 1593 Nam
2773 1520 2863 1589 qtti
2908 1520 3224 1576 tnalefacere
3266 1521 3453 1576 volunt
3477 1560 3493 1586 ,
3525 1531 3584 1576 ut

2002 1609 2095 1663 tibi
2127 1625 2190 1663 ex
2220 1617 2552 1677 contemptu,
2579 1610 2648 1663 ita
2677 1608 2829 1663 diviti
2856 1626 2920 1663 ex
2954 1610 3149 1665 invidia
3176 1620 3229 1665 et
3260 1612 3432 1667 livore
3462 1629 3579 1665 ma-

2001 1690 2292 1764 lefaciant;
2322 1709 2482 1771 atque
2504 1702 2672 1772 magis
2696 1700 2857 1755 invidi
2888 1717 3046 1772 quam
3072 1703 3297 1758 maleﬁci
3321 1722 3334 1757 :
3356 1703 3408 1758 bi
3437 1705 3582 1758 enim

2000 1795 2258 1850 validiore
2291 1795 2494 1865 impetu
2523 1794 2586 1848 ad
2620 1794 3061 1850 malefaciendum
3087 1795 3455 1865 impelluntur.
3481 1796 3580 1851 Et-

2001 1888 2144 1943 enim
2176 1888 2263 1957 qui
2294 1887 2515 1952 invidet,
2542 1902 2758 1942 omnem
2783 1887 2944 1941 animi
2974 1888 3081 1942 vim
3112 1896 3167 1943 et
3199 1886 3503 1943 facultatem
3529 1889 3581 1943 in

2002 1979 2210 2051 agendo
2234 1978 2453 2035 adhibet
2486 1995 2499 2032 :
2533 1987 2589 2033 at
2615 1978 2706 2049 qui
2732 1980 3047 2045 contemnit,
3073 1994 3219 2049 stupe
3251 1980 3412 2036 etiam
3440 1980 3582 2035 illius

2000 2087 2162 2142 quem
2188 2070 2487 2127 contemnit
2515 2070 2844 2136 miseretur;
2876 2079 3037 2139 atque
3078 2069 3182 2125 hoc
3214 2070 3386 2141 ipsum
3418 2085 3580 2126 causa

2003 2164 2077 2218 illi
2109 2163 2296 2219 salutis
2323 2163 2441 2225 fuit,
2471 2175 2782 2231 pauperem,
2808 2162 3045 2229 inquam,
3064 2175 3205 2227 esse,
3225 2162 3353 2216 nihil
3384 2163 3585 2219 habere
3614 2178 3623 2185 '

2003 2257 2219 2311 virium.
2252 2256 2324 2310 Ita
2351 2254 2494 2310 enitn
2524 2254 2782 2309 adversus
2807 2269 2928 2307 eum
2952 2252 3042 2323 qui
3067 2254 3288 2324 pauperi
3312 2254 3577 2315 imminet,

2001 2349 2183 2403 dicere
2211 2347 2353 2402 soliti
2375 2361 2595 2401 sumus:
2620 2345 2863 2414 Magnum
2895 2359 3023 2399 vero
3046 2345 3297 2415 quiddam
3319 2343 3581 2409 effeceris,

2002 2443 2045 2495 si
2075 2439 2216 2494 hunc
2242 2438 2525 2494 sustuleris
2550 2476 2566 2503 ,
2599 2437 2643 2492 si
2676 2451 2965 2507 pauperem
2993 2451 3160 2490 unum
3195 2435 3531 2491 interfeceris
3563 2454 3576 2489 :

2002 2548 2069 2588 en
2100 2541 2300 2601 quanta
2334 2540 2391 2585 et
2433 2544 2593 2598 quam
2622 2528 2798 2598 ampla
2826 2528 3173 2597 consequeris
3203 2529 3421 2597 praemia
3454 2546 3467 2582 :
3497 2538 3573 2581 at.

2002 2639 2107 2694 que
2130 2622 2211 2677 his
2240 2620 2417 2677 verbis
2447 2619 2682 2675 furorem
2713 2619 2851 2673 illius
2874 2617 3207 2673 cohibemns.
3228 2618 3298 2672 At
3325 2618 3585 2673 adversus

2002 2712 2410 2770 divitesinvidia
2436 2711 2508 2765 ita
2530 2709 2776 2779 insurgit.
2809 2718 2992 2763 utnon
3020 2717 3144 2762 ante
3168 2707 3397 2773 desinat,
3426 2724 3584 2778 quam

2003 2804 2144 2877 quod
2187 2805 2302 2858 vult
2341 2802 2619 2866 effecerit,
2654 2815 2917 2868 sntunqne
2963 2814 3224 2853 venenum
3254 2798 3581 2852 evomuerit.

2002 2896 2168 2952 Vides
2199 2911 2305 2950 non
2351 2896 2401 2948 in
2432 2900 2747 2965 paupertate
2778 2900 2867 2945 ant
2893 2890 3094 2945 divitiis
3124 2889 3279 2944 sitam
3311 2903 3430 2943 esse
3462 2888 3585 2943 boni

2001 2999 2248 3046 naturam
2284 3028 2299 3053 ,
2332 2986 2426 3042 sed
2470 2986 2522 3041 in
2555 2995 2745 3040 nostro
2772 2983 3039 3039 arbitrio?
3070 2982 3221 3039 lianc
3253 2982 3413 3051 igitur
3439 2996 3588 3036 cont~

2002 3095 2287 3151 ponamus,
2308 3078 2704 3145 doceatnnsque
2730 3072 3111 3144 philosophari.
3140 3072 3194 3128 Si
3226 3071 3341 3128 haec
3368 3074 3502 3127 bene
3528 3085 3589 3126 se

2005 3172 2272 3234 habuerit,
2302 3184 2475 3240 neque
2498 3169 2702 3223 diviti:e
2732 3181 2831 3221 nos
2851 3166 3136 3222 excludere
3164 3182 3193 3220 a
3235 3181 3401 3235 regno
3433 3174 3587 3234 pote-

2002 3276 2166 3327 runt,
2206 3277 2304 3318 nec
2350 3260 2641 3332 quidquam
2686 3258 2839 3313 nobis
2873 3257 3075 3311 adimet
3118 3268 3441 3327 paupertas;
3489 3254 3586 3310 sed

2002 3372 2158 3426 aequo
2186 3358 2351 3425 ipsam
2376 3354 2610 3408 feremus
2638 3351 2841 3414 animo,
2872 3349 3072 3402 nullum
3105 3362 3168 3403 es
3196 3363 3258 3401 ea
3290 3348 3588 3402 detrimen.

2005 3459 2114 3504 tntn
2145 3458 2237 3501 aut
2263 3447 2329 3500 ad
2361 3444 2537 3499 futura
2571 3444 2707 3497 bona
2739 3438 3137 3509 consequenda.
3159 3449 3244 3493 aut
3270 3438 3319 3491 in
3352 3437 3451 3491 hac
3480 3436 3583 3489 vita

2007 3549 2383 3609 reportantes;
2416 3536 2509 3592 sed
2541 3546 2590 3591 et
2643 3535 2727 3589 his
2781 3533 3020 3588 fruemur
3062 3542 3113 3585 et
3144 3528 3451 3584 Caelestibus
3480 3529 3583 3583 illis

2004 3636 2270 3706 potiemur
2299 3630 2482 3685 bonis:
2510 3629 2701 3697 quibus
2728 3626 2927 3678 utinam
2961 3624 3106 3694 digni
3131 3622 3447 3686 efficiamur,
3477 3632 3585 3679 etc.

2982 3756 3210 3771 -ῂ-

3216 3755 3592 3772 W

1713 3844 2048 3909 HOMILIA
2097 3843 2208 3906 ΙΙΙ.

298 3982 442 4038 ειν.
489 3986 539 4039 ι.
583 3999 633 4035 v.
679 3983 764 4038 18.
810 3983 873 4037 Et
894 3985 944 4037 in
978 3984 1072 4038 hoc
1102 3985 1319 4056 gaudeo,
1347 3985 1436 4040 sed
1460 3997 1504 4040 et
1534 3986 1780 4054 gaudebo.
1807 3985 1893 4041 l9.

386 4073 511 4128 Scio
555 4074 690 4127 enim
729 4075 847 4140 quia
880 4075 975 4129 hoc
1010 4074 1134 4128 mihi
1177 4078 1430 4147 proveniet
1475 4078 1542 4129 ad
1569 4076 1784 4129 salutem
1813 4094 1900 4143 per

385 4176 602 4218 vestram
620 4165 916 4230 orationem,
939 4176 985 4221 et
1005 4165 1513 4220 subministrationem
1539 4166 1764 4237 Spiritus
1775 4167 1901 4221 Jcsu

386 4253 597 4317 Christi,
619 4252 708 4309 20.
736 4256 1012 4309 secundum
1037 4257 1454 4327 exspectationem
1479 4267 1526 4310 et
1550 4274 1691 4327 spem
1718 4274 1899 4320 meam,

382 4348 508 4413 quia
556 4347 607 4399 in
656 4348 794 4400 nullo
840 4348 1152 4415 confundar,
1203 4348 1291 4401 sed
1317 4350 1369 4402 in
1401 4349 1745 4417 omni/iducia
1773 4350 1901 4403 sicut

386 4453 609 4505 seraper,
645 4447 689 4491 et
730 4454 863 4491 nunc
896 4436 1303 4507 magni/icabitur
1334 4437 1565 4492 Christus
1602 4439 1654 4492 in
1694 4455 1905 4507 corpore

388 4546 524 4594 meo,
553 4530 657 4584 sire
685 4546 774 4597 per
794 4530 967 4594 vitam,
996 4530 1101 4584 sive
1124 4547 1213 4599 per
1241 4540 1471 4584 mortem.

392 4620 447 4674 l.
487 4618 725 4688 Magnam
756 4629 809 4673 et
842 4620 1263 4688 philosOphieam
1290 4621 1522 4674 animam
1552 4620 1679 4675 nihil
1703 4663 1717 4685 ,
1762 4621 1902 4691 quod

311 4714 369 4768 in
403 4711 504 4766 hac
530 4712 636 4766 vita
667 4713 891 4767 moleste
920 4712 1147 4779 accidat,
1178 4712 1371 4767 laedere
1402 4722 1575 4782 potest
1605 4733 1616 4768 :
1653 4730 1757 4767 non
1803 4715 1901 4767 ini-

313 4804 561 4872 micitia,
589 4818 696 4859 non
720 4804 1114 4869 accusationes,
1146 4819 1253 4858 non
1283 4804 1582 4869 calumniae,
1624 4820 1728 4858 non
1760 4803 1902 4874 peri-

312 4896 464 4960 cula,
495 4910 600 4950 non
628 4894 857 4950 insidiae.
886 4894 1017 4949 Nam
1048 4894 1269 4966 perinde
1292 4904 1451 4965 atque
1480 4894 1523 4949 si
1554 4894 1606 4949 in
1633 4894 1903 4950 excelsum

312 4985 587 5056 quoddam
609 4986 805 5041 montis
828 5000 1085 5041 cacumen
1111 5000 1169 5041 se
1200 4986 1482 5057 receperit,
1508 4984 1639 5041 nihil
1665 4984 1731 5040 ad
1762 4986 1904 5039 illaut

314 5094 384 5132 ex
420 5077 491 5132 iis
516 5092 634 5146 qua:
670 5076 737 5131 de
767 5076 1024 5132 inferiore
1049 5077 1167 5131 loco
1193 5077 1260 5132 de
1298 5088 1437 5132 terra
1464 5077 1753 5146 jacinntur.
1783 5091 1905 5144 per-

311 5167 513 5224 venire
532 5176 723 5237 potest.
746 5168 892 5223 Talis
912 5178 1029 5223 erat
1054 5168 1202 5223 Pauli
1232 5167 1408 5223 anima
1443 5185 1456 5221 :
1482 5167 1671 5238 quovis
1699 5165 1907 5236 fastigio

312 5260 575 5315 altiorem
604 5259 771 5314 locum
806 5257 1184 5328 prehenderat,
1215 5260 1389 5313 locum
1417 5257 1764 5327 philosopbim
1796 5258 1905 5322 Spi-

316 5352 554 5415 ritualis,
592 5368 728 5408 verze
754 5351 1129 5423 philosophiae.
1158 5351 1291 5408 Nam
1321 5367 1384 5407 ea
1406 5350 1461 5406 in
1493 5350 1690 5421 quibus
1710 5350 1920 5404 ethnici-

318 5456 641 5508 versantur,
672 5446 835 5501 verba
864 5455 1073 5500 tantum
1115 5453 1241 5500 sunt
1289 5453 1345 5499 et
1390 5458 1678 5515 puerorum
1734 5442 1905 5497 lusus.

319 5535 519 5591 Verum
544 5538 611 5593 de
642 5536 727 5593 bis
750 5553 891 5593 nunc
918 5552 1097 5592 sermo
1125 5552 1230 5591 non
1258 5548 1338 5591 est
1364 5552 1379 5601 ;
1421 5534 1514 5590 sed
1545 5534 1611 5589 de
1644 5534 1791 5589 Pauli
1819 5548 1905 5588 rc-

327 5626 423 5680 bns
445 5628 606 5682 verba
638 5627 883 5682 facimus.
935 5629 1127 5682 Beatus
1166 5627 1256 5681 ille
1298 5637 1350 5682 et
1384 5625 1764 5696 Imperatorem
1809 5624 1909 5679 sibi

332 5718 700 5772 adversantem
746 5716 1005 5774 ilabt‘ilttl.
1053 5727 1108 5771 et
1150 5715 1289 5770 alios
1343 5725 1602 5786 prwtcrea
1635 5714 1904 5783 inimicos,

666 5800 933 5860 ΡΑτιιοι.
982 5800 1096 5860 (in.
1152 5800 1337 5864 LXII.

2008 3985 2095 4055 qui
2152 3983 2310 4038 variis
2361 3990 2416 4037 et
2464 3979 2823 4036 acerbissima:
2874 3976 3154 4033 calumniae
3200 3976 3371 4047 plenis
3417 3975 3592 4030 modis

2010 4079 2181 4147 ipsum
2212 4074 2473 4130 vexabant
2503 4088 2518 4126 :
2545 4081 2601 4129 et
2624 4072 2749 4142 quid
2786 4071 2904 4125 ait?
2943 4070 3057 4125 Non
3109 4068 3270 4123 modo
3310 4076 3589 4138 propterea

2012 4186 2116 4224 non
2146 4166 2303 4224 doleo
2332 4179 2506 4237 neque
2532 4164 2714 4219 animo
2738 4160 2964 4216 concido
2987 4202 3003 4224 ,
3047 4159 3141 4213 sed
3171 4159 3331 4215 etiam
3360 4156 3589 4228 gaudeo,

2009 4272 2057 4316 et
2089 4259 2332 4331 gaudebo
2372 4271 2519 4310 :non
2545 4253 2612 4309 ad
2644 4264 2873 4322 tempus,
2900 4250 3094 4319 inquit.
3132 4249 3227 4303 sed
3276 4263 3489 4314 semper
3524 4247 3594 4302 de

2012 4351 2094 4407 his
2137 4347 2401 4421 gaudebo.
2436 4344 2559 4399 Scio
2600 4344 2735 4395 enim
2779 4342 2898 4411 quia
2939 4341 3033 4394 hoc
3073 4338 3197 4391 mihi
3227 4338 3477 4408 proveniet
3518 4338 3587 4389 ad

2011 4442 2223 4497 salutent
2253 4438 2507 4492 futuram.
2554 4435 2623 4490 Et
2650 4432 2919 4506 quomodo
2950 4445 3052 4486 non
3088 4429 3396 4500 proveniat,
3422 4444 3594 4498 quan—

2012 4532 2082 4586 do
2126 4538 2182 4584 et
2220 4525 2510 4583 inimicitiae
2555 4534 2610 4580 et
2649 4524 2797 4579 zelus
2841 4521 3122 4578 adversum
3181 4534 3267 4575 me
3316 4527 3596 4585 susceptus

2014 4620 2447 4693 prmdieationem
2473 4617 2699 4688 juvant?
2728 4615 2825 4669 Per
2850 4624 3060 4669 vestram
3080 4614 3377 4678 orationem,
3404 4613 3593 4683 inquit,

2014 4725 2059 4768 et
2104 4712 2620 4768 subministrationem
2664 4708 2888 4777 Spiritus
2928 4703 3053 4759 Jestt
3093 4705 3279 4760 Christi
3316 4706 3592 4761 secundum

2015 4802 2435 4871 cxsprrtationcm
2461 4811 2505 4853 et
2532 4817 2668 4869 spem
2701 4815 2877 4852 meam.
2916 4795 3050 4850 Vide
3071 4796 3209 4851 beati
3238 4796 3393 4865 hujus
3423 4794 3598 4849 humi-

2016 4896 2219 4951 litatetn
2264 4912 2277 4946 :
2320 4893 2370 4947 in
2418 4890 2805 4946 certationibus
2850 4886 3143 4945 laborabat.
3193 4887 3599 4941 innumerabilia

2018 4995 2170 5039 erant
2212 4986 2379 5053 ipsius
2416 4982 2727 5043 benefacta,
2775 4979 3100 5049 jamjamque
3127 4993 3379 5034 coronam
3431 4979 3599 5048 ipsam

2021 5078 2269 5140 tenebat;
2305 5077 2495 5130 l‘aulus
2527 5074 2666 5127 cnim
2697 5082 2847 5127 erat:
2884 5088 3003 5125 nam
3032 5070 3155 5138 quid
3188 5072 3360 5133 maius
3382 5070 3481 5123 dici
3506 5084 3603 5138 po-

2022 5179 2121 5221 test
2148 5170 2170 5220 ?
2195 5182 2257 5221 ac
2297 5178 2471 5221 tamen
2495 5163 2929 5233 Philippensilms
2954 5160 3019 5214 ad
3050 5160 3190 5214 hunc
3220 5159 3434 5213 modum
3458 5161 3597 5213 seri-

2019 5259 2095 5314 bit
2120 5300 2134 5321 ,
2167 5258 2269 5312 Per
2300 5266 2528 5311 vestram
2556 5255 2853 5309 orationem
2883 5266 3096 5322 p05sum
3138 5251 3362 5305 salutem
3409 5265 3601 5306 conse—

2022 5349 2112 5418 qui
2167 5364 2185 5400 :
2212 5347 2324 5412 ille,
2373 5348 2604 5417 inquam,
2652 5346 2736 5399 cui
2779 5349 3037 5399 sexcenta
3071 5339 3343 5395 benefacta
3380 5342 3604 5395 salutem

2020 5438 2422 5509 comparabant.
2462 5437 2524 5491 Et
2561 5433 3097 5498 subministrationem,
3150 5431 3340 5503 inquit,
3383 5432 3610 5502 Spiritus

2024 5531 2148 5586 Jcsu
2190 5530 2396 5585 Christi.
2431 5528 2483 5583 Ιιι
2530 5540 2647 5594 est,
2680 5528 2721 5581 si
2775 5542 2868 5595 per
2898 5533 3101 5579 vestras
3144 5538 3330 5594 preces
3363 5524 3609 5594 dignatus

2022 5622 2171 5679 fuero
2206 5622 2392 5691 gratia.
2430 5620 2536 5674 κ’οι
2568 5619 2710 5674 enim
2740 5618 2863 5683 ista,
2892 5615 3443 5681 Subministrutionem,
3496 5613 3605 5671 hoe

2023 5712 2317 5785 significat,
2357 5712 2413 5766 Si
2456 5707 2909 5778 subministretur,
2950 5706 2995 5762 si
3032 5706 3159 5761 mihi
3208 5705 3324 5785 plus
3368 5702 3605 5778 Spiritus

3167 5784 3241 5847 13
