4014 6200
339 349 431 406 ιοι

338 483 458 522 eum
490 483 578 521 res
611 466 738 537 ipsae
768 467 1131 523 testimonium
1153 468 1317 537 dent,
1360 484 1518 539 quam
1549 466 1923 524 ostentationis

339 559 576 630 speciem
618 558 930 617 habebunt?
972 561 1247 617 Diseamus
1296 563 1454 633 igitur
1502 560 1770 632 quomodo
1821 575 1927 614 non

340 652 479 705 vivat
509 668 527 703 :
562 667 685 706 nam
713 661 767 707 et
792 652 918 706 alibi
942 652 1108 719 dicit,
1146 652 1255 723 Ego
1283 652 1560 723 cruciﬁxus
1580 669 1691 705 sum
1719 650 1926 716 mundo,

339 754 384 795 et
417 741 545 795 mihi
584 744 803 796 mundus
847 742 991 812 (Gal.
1016 744 1069 798 6.
1102 744 1213 812 Ν).
1262 743 1544 811 Quomodo
1586 744 1748 814 igitur
1776 743 1926 807 dicit,

344 830 465 886 Non
502 835 617 904 jam
635 850 733 905 ego
781 836 909 900 vivo,
965 844 1016 889 et
1054 834 1341 905 quomodo-
1369 848 1574 897 rursus,
1606 832 1737 887 Mihi
1770 834 1933 887 vivere

343 923 604 988 Christus,
631 927 880 979 audiatis.

424 1016 557 1070 Viue
576 1035 760 1088 genera
786 1019 1038 1089 attentam
1061 1044 1133 1057 -—
1149 1016 1281 1072 Viue
1310 1033 1506 1073 nomen
1531 1017 1802 1087 multiplex
1831 1026 1932 1077 est,

344 1110 526 1165 dilicti
559 1128 572 1160 :
607 1111 657 1164 id
673 1123 777 1173 est,
796 1111 973 1164 multa
988 1110 1283 1179 significat,
1318 1120 1375 1165 ut
1422 1112 1611 1164 mortis
1652 1110 1811 1163 etiam
1842 1125 1938 1162 no-

348 1216 497 1256 men.
549 1200 644 1255 Est
670 1202 775 1254 vita
806 1201 921 1255 lure
944 1202 1214 1271 corporis;
1247 1212 1329 1255 est
1364 1202 1527 1255 etiam
1561 1200 1664 1255 vita
1692 1198 1936 1268 qua'davn

350 1290 583 1362 peccati,
637 1293 1089 1362 quemadmodum
1137 1294 1335 1348 Paulus
1375 1293 1498 1347 alibi
1530 1293 1675 1356 (ηε-11,
1711 1292 1770 1347 Si
1808 1297 1941 1345 enim

352 1387 551 1441 uertiti-
575 1402 764 1440 sumus
796 1396 997 1456 peccato
1015 1428 1032 1453 ,
1076 1386 1327 1456 quomodo
1353 1386 1518 1439 adhuc
1537 1386 1758 1439 vivemus
1778 1387 1828 1438 in
1852 1384 1943 1437 illo

352 1474 540 1546 (Rana.
560 1475 754 1545 6.2)?
784 1477 876 1530 l-Zst
901 1477 1057 1547 igitur
1077 1479 1258 1531 vivere
1297 1477 1500 1547 peccati
1535 1476 1694 1531 vitam
1733 1494 1746 1530 :
1774 1485 1945 1528 alten-

354 1568 485 1637 dite,
529 1569 781 1634 obsecro,
815 1567 1119 1639 diligenter,
1150 1585 1219 1625 ne
1248 1568 1453 1623 frustra
1472 1571 1780 1624 laboremus
1812 1587 1824 1621 :
1856 1576 1940 1622 est

354 1660 465 1713 vita
490 1668 693 1714 :eterua
726 1669 779 1713 et
811 1659 1147 1722 immortalis,
1184 1675 1303 1729 (μεριξ
1345 1660 1523 1714 etiam;
1553 1658 1786 1714 caelestis
1811 1668 1891 1712 est
1926 1676 1941 1711 :

359 1751 557 1807 Nostra
580 1752 748 1814 enim,
779 1751 979 1822 inquit,
1000 1753 1386 1806 convmalioin
1422 1753 1572 1806 uelis
1585 1762 1658 1806 est
1686 1749 1944 1820 (Philipp.

359 1854 415 1908 5.
440 1852 834 1923 20).Estetiam
860 1851 964 1904 vita
988 1851 1248 1921 corporis,
1271 1849 1338 1903 de
1367 1848 1642 1919 quadicit,
1669 1847 1768 1901 P‘er
1787 1846 1951 1916 ipsum

363 1948 603 2012 vivimus,
626 1957 670 1999 et
704 1961 979 2008 uteremur,
1008 1954 1054 1997 et
1088 1959 1259 1996 sumus
1289 1943 1402 2012 (Act
1448 1943 1533 1996 l7.
1568 1942 1682 2009 9.8).
1716 1940 1828 1994 Non
1858 1939 1951 2007 igib

366 2050 455 2093 tur
484 2048 639 2107 negat
679 2035 976 2090 naturalem
1013 2035 1259 2089 se'vitam
1294 2033 1493 2096 vivere,
1543 2032 1635 2086 sed
1668 2046 1784 2086 mm
1830 2020 1949 2099 (fuit:

364 2140 713 2198 peccatorum
758 2135 860 2189 est,
914 2140 1073 2195 quam
1118 2125 1306 2178 vivunt
1350 2138 1537 2177 omnes
1582 2123 1847 2176 homines.
1891 2119 1957 2173 Et

362 2221 562 2276 merito
594 2218 809 2289 quidem
851 2228 1028 2286 negat.
1066 2215 1197 2272 Nam
1228 2217 1319 2288 qui
1347 2216 1625 2287 praisentis
1651 2215 1955 2283 vitmcupi-

362 2312 465 2365 dus
499 2326 609 2364 non
641 2318 743 2372 est,
774 2308 1045 2379 quomodo
1076 2307 1213 2363 hane
1245 2308 1417 2361 vivit?
1461 2307 1563 2378 qui
1619 2306 1684 2360 ad
1731 2306 1957 2359 alterum

363 2404 606 2466 festinat,
640 2401 911 2472 quomodo
936 2400 1075 2456 hanc
1099 2401 1225 2454 vivit
1243 2401 1369 2470 ?.qui
1398 2407 1625 2454 mortem
1645 2398 1957 2455 contemnit.

362 2502 641 2565 quomodo
667 2493 805 2548 banc
834 2493 995 2547 vivit?
1040 2493 1129 2562 qui
1159 2492 1290 2546 nihil
1316 2507 1386 2546 ex-
1408 2491 1472 2545 iis
1500 2506 1618 2560 quae
1662 2489 1713 2544 in
1751 2489 1953 2543 mundo

371 2596 500 2641 sunt
534 2585 894 2655 concupiscit,
940 2584 1210 2655 quomodo
1240 2583 1375 2637 hanc
1402 2584 1577 2637 vivit?
1611 2582 1745 2637 Nam
1770 2597 1962 2652 quem-

370 2681 666 2737 admodum
691 2680 783 2749 qui
805 2694 873 2734 cx
902 2679 1186 2733 adamante
1210 2685 1441 2739 constat.
1471 2692 1538 2730 ne
1562 2677 1607 2731 si
1634 2676 1830 2730 millies
1850 2675 1966 2744 qui-

370 2774 496 2829 dem
520 2772 877 2843 percutiatur,
898 2771 1185 2841 quidquam
1213 2767 1640 2823 commovebitur
1670 2784 1694 2821 r
1715 2768 1966 2820 ita-etiam

374 2866 572 2923 Paulus
607 2883 620 2918 :
650 2863 770 2918 Vivo
800 2874 989 2929 autem,
1018 2863 1206 2932 inquit,
1237 2877 1336 2915 non
1354 2862 1467 2931 jam
1499 2877 1610 2931 ego,
1645 2858 1696 2912 id
1724 2867 1829 2922 est,
1862 2873 1965 2909 non

371 2958 484 3027 iam
515 2966 673 3009 vetus
703 2954 863 3007 homo
895 2969 909 3005 :
942 2963 998 3008 et
1026 2968 1211 3006 rursus
1236 2952 1360 3005 alibi
1386 2992 1400 3011 ,
1453 2950 1610 3004 Miser
1649 2965 1740 3019 ego
1785 2946 1971 3000 homo!

377 3049 487 3117 quis
506 3064 587 3101 me
611 3044 845 3100 liberabit
871 3061 934 3098 ea:
950 3060 1167 3114 corpore
1187 3043 1363 3097 mortis
1392 3042 1548 3111 hujus
1573 3039 1750 3109 (lieni.
1778 3040 1829 3093 7.
1851 3039 1974 3109 ﬁt)?

381 3142 454 3194 lla
481 3140 571 3207 qui
607 3136 740 3191 nihil
766 3135 1027 3199 alimenti,
1057 3134 1188 3189 nihil
1222 3134 1447 3187 vestium
1469 3174 1484 3197 ,
1535 3131 1667 3186 nihil
1697 3131 1861 3185 ullius
1891 3129 1969 3183 rei

383 3229 668 3301 pnesentis
710 3243 873 3282 causa
916 3225 1073 3292 facit,
1096 3224 1366 3295 quomodo
1412 3222 1499 3278 hic
1528 3222 1654 3276 vivit
1678 3222 1702 3275 ?
1729 3221 1825 3276 Hic
1854 3236 1977 3290 pro-

381 3326 526 3378 lecto
567 3336 637 3376 ne
678 3320 976 3373 naturalem
1021 3318 1237 3388 quidem
1279 3318 1440 3371 vitam
1489 3316 1672 3370 vivere
1718 3314 1977 3370 dicendus

383 3424 469 3470 est
501 3432 514 3467 :
542 3413 636 3484 qui
666 3412 796 3466 nihil
826 3426 1014 3466 eorum
1041 3426 1163 3480 qua:
1192 3408 1259 3463 ad
1289 3410 1450 3463 vitam
1484 3408 1686 3463 faciunt
1713 3417 1896 3471 curat,
1936 3408 1980 3460 is

384 3522 485 3561 nec
512 3506 668 3559 vivit.
699 3502 806 3557 Nos
834 3501 972 3556 hanc
1002 3502 1165 3555 vitam
1194 3500 1422 3554 vivimus
1444 3540 1458 3564 ,
1495 3500 1584 3568 qui
1614 3514 1710 3568 pro
1741 3497 1840 3551 hac
1866 3512 1981 3550 om-

386 3602 472 3655 nia
502 3598 772 3661 facimus;
803 3595 891 3649 ille
932 3610 1059 3649 vero
1104 3610 1209 3647 non
1264 3591 1496 3656 vivebat,
1528 3606 1700 3659 neque
1734 3590 1785 3643 in
1823 3588 1982 3643 rebus

389 3692 512 3745 ullis
555 3686 905 3743 inferioribus
956 3684 1290 3739 versabatur.
1337 3683 1617 3751 Quomodo
1652 3683 1811 3752 igitur
1838 3681 1980 3735 vive-

389 3780 527 3837 bat?
554 3779 632 3834 ita
651 3780 814 3835 etiam
849 3776 919 3831 de
944 3775 1264 3846 quibusdam
1293 3774 1547 3839 dicimus,
1577 3773 1671 3828 ille
1703 3773 1833 3827 mihi
1876 3788 1981 3827 non

390 3875 586 3938 adest;
629 3871 719 3925 ubi
767 3870 900 3925 nihil
944 3878 1105 3939 agat,
1156 3868 1298 3939 quod
1337 3867 1403 3923 ad
1453 3883 1541 3923 me
1584 3866 1981 3938 pertineatzita

390 3969 553 4021 etiam
577 3978 784 4029 rursus,
821 3963 915 4018 lllc
940 3964 1069 4017 mihi
1103 3977 1208 4016 non
1242 3962 1391 4015 vivit.
1417 3960 1568 4029 Quod
1599 3962 1740 4016 enim
1771 3969 1987 4014 natura-

394 4065 498 4112 lem
530 4058 671 4112 hanc
704 4059 865 4110 vitam
897 4069 1002 4109 non
1036 4054 1266 4123 rejiciat,
1304 4054 1430 4108 alibi
1473 4054 1555 4108 bis
1599 4053 1773 4108 verbis
1800 4063 1985 4107 osten-

391 4151 472 4203 dit
504 4167 517 4203 :
554 4149 706 4216 Quod
733 4154 897 4201 autem
925 4163 1059 4200 nutu:
1087 4148 1194 4200 vivo
1223 4148 1274 4199 in
1301 4162 1470 4209 carne,
1516 4146 1570 4199 iu
1598 4146 1700 4213 ﬁde
1727 4146 1834 4199 vivo
1862 4144 1987 4198 Filii

398 4241 527 4306 Dei,
574 4240 664 4309 qui
704 4239 881 4293 dilexit
912 4255 1023 4304 nte,
1052 4248 1099 4292 et
1128 4237 1337 4292 tradidit
1361 4240 1582 4307 seipsum
1612 4254 1703 4308 pro
1729 4254 1807 4292 me
1843 4238 1984 4307 (Gal.

396 4334 434 4386 2
475 4330 599 4399 21)).
635 4329 688 4384 Id
714 4338 797 4384 est
816 4370 832 4396 ,
865 4343 1057 4385 novam
1084 4328 1371 4400 quamdam
1404 4330 1564 4383 vitam
1592 4330 1710 4385 vivo
1737 4339 1895 4400 atque
1921 4331 1989 4384 ab

399 4426 593 4477 usitata
622 4423 909 4478 diversam.

471 4518 525 4572 5.
556 4516 690 4570 llzec
716 4532 847 4571 sane
889 4516 1064 4570 omnia
1096 4515 1161 4569 ad
1199 4516 1619 4585 Philippensium
1664 4517 1989 4571 consolatio-

402 4624 525 4663 nem
544 4608 696 4661 dicit.
724 4607 801 4661 Ne
825 4608 1040 4677 putetis,
1072 4608 1261 4672 inquit,
1283 4608 1397 4662 fore
1419 4618 1473 4662 ut
1498 4609 1596 4663 hac
1621 4609 1724 4662 vita
1750 4609 1988 4677 spolier:

403 4697 844 4769 quandoquidem
860 4714 926 4752 ne
947 4698 1131 4752 vivens
1144 4698 1361 4767 quidem
1388 4699 1526 4753 hanc
1541 4700 1783 4753 vivebam
1805 4700 1988 4762 vitam,

404 4791 497 4845 sed
526 4792 699 4854 illam,
725 4807 883 4859 quam
901 4792 1112 4845 volebat
1139 4791 1405 4846 Christus.
1438 4793 1535 4847 Die
1559 4793 1701 4847 enim
1726 4792 1875 4854 mihi,
1900 4793 1992 4862 qui

406 4885 661 4953 pecunias
692 4884 1009 4946 contemnit,
1044 4886 1132 4954 qui
1161 4885 1361 4951 cibum,
1392 4886 1478 4954 qui
1510 4884 1707 4939 famem
1737 4893 1791 4939 et
1816 4886 1987 4951 sitim,

404 4976 492 5042 qui
523 4974 787 5045 pericula,
816 4978 909 5044 qui
939 4975 1245 5040 sanitatem,
1277 4979 1365 5044 qui
1414 4976 1641 5031 salutem
1669 4992 1683 5040 ;
1713 4977 1829 5031 isne
1855 4976 1995 5030 hanc

407 5067 567 5120 vitam
602 5067 778 5121 vivit?
805 5068 897 5136 qui
925 5068 1058 5121 nihil
1088 5069 1140 5121 in
1175 5069 1333 5123 terris
1365 5069 1547 5131 habet,
1573 5070 1661 5138 qui
1693 5084 1838 5139 smpe
1866 5084 1991 5138 pro-

410 5158 637 5214 fundere
678 5159 848 5227 ipsam
875 5160 1023 5229 eupit
1048 5200 1063 5223 ,
1093 5160 1136 5212 si
1165 5175 1299 5229 opus
1325 5160 1432 5225 sit,
1466 5175 1637 5229 neque
1665 5161 1993 5226 reluctatur;

410 5252 523 5303 isne
555 5250 696 5305 hanc
742 5251 870 5305 vivit
902 5250 1104 5305 vitam?
1134 5250 1472 5320 Nentiquam.
1514 5250 1621 5306 Sed
1666 5252 1805 5306 istm]
1842 5253 1997 5307 vobis

409 5342 559 5409 quasi
598 5343 847 5410 exemplo
874 5341 1104 5410 quodam
1162 5343 1499 5413 perstiieuum
1557 5343 1854 5398 faciendum
1890 5354 1994 5398 est.

416 5432 542 5485 l-lsto
580 5433 847 5501 quispiam
894 5432 1096 5489 divitiis
1134 5434 1334 5497 multis,
1383 5434 1613 5501 famulis,
1652 5449 1783 5488 auro
1825 5436 1997 5489 almu-

413 5522 589 5585 dans;
625 5524 767 5578 nulla
797 5536 976 5579 autem
1008 5525 1194 5578 harum
1224 5541 1403 5580 rerum
1432 5534 1610 5580 utatur
1640 5545 1652 5580 :
1687 5543 1812 5580 num
1847 5527 1892 5581 is
1920 5527 2000 5581 di-

416 5614 556 5669 vitiis
587 5615 707 5670 istis
746 5615 899 5671 dives
922 5617 1065 5672 erit?
1095 5617 1333 5673 Minime.
1380 5618 1484 5673 Sed
1526 5618 1703 5673 videat
1744 5627 1998 5687 praeterea

418 5703 553 5760 bona
582 5721 613 5759 a
644 5707 771 5761 ﬁliis
798 5706 1046 5779 dissipari
1075 5717 1281 5765 temere
1305 5708 1872 5778 circumcursantibus,
1901 5726 2000 5766 nec

415 5795 703 5869 quidquam
749 5809 937 5867 curet;
984 5798 1121 5855 adde
1158 5801 1321 5856 etiam
1346 5800 1389 5855 si
1420 5801 1498 5855 vis
1524 5840 1537 5867 ,
1569 5815 1853 5871 percussus
1894 5817 1997 5856 non

1259 354 1326 411 IN
1356 352 1582 411 'EPIST.
1628 352 1718 408 AD
1756 349 2039 407 PlllLlPP.
2082 349 2236 407 CAP.
2280 349 2317 404 l.
2363 348 2593 407 llOMlL.
2637 350 2721 408 Ill.

3508 354 3611 409 902‘.

2035 464 2212 522 doleat
2232 484 2244 520 :
2268 481 2333 521 an
2355 465 2495 522 hunc
2515 467 2755 522 dicemus
2774 465 2824 520 in
2854 464 3053 521 divitiis
3067 466 3226 522 esse?
3248 466 3614 537 Nequaquam,

2037 557 2246 612 tametsi
2278 558 2446 628 ipsius
2472 568 2596 612 sunt
2616 557 2833 612 divitize.
2858 557 2938 613 Ad
2968 558 3106 612 hunc
3134 558 3293 614 etiam
3322 560 3536 612 modum
3560 576 3620 613 se

2036 647 2265 703 habebat
2288 650 2502 703 Paulus:
2526 648 2675 714 Mihi,
2698 650 2887 719 inquit,
2912 650 3073 703 virere
3091 650 3344 705 Christus.
3364 651 3417 706 Si
3442 666 3617 705 meam

2039 739 2171 794 velis
2200 739 2465 809 vestigare
2497 740 2686 801 vitam,
2720 740 2810 793 ille
2856 740 2983 793 mihi
3013 749 3112 793 est.
3147 738 3213 793 Et
3246 742 3373 794 mori
3401 742 3620 794 lttt‘t’ttm.

2038 833 2190 887 Cur?
2217 832 2478 900 Quoniam
2523 833 2694 903 major
2722 833 2850 886 mihi
2880 834 3022 887 illius
3052 835 3236 887 notitia
3268 836 3393 895 erit,
3421 842 3474 889 et
3503 848 3623 888 cum

2041 926 2156 994 ipso
2175 925 2631 992 versabor.Quare
2650 926 2751 981 hoc
2768 927 2894 980 nihil
2914 927 3053 981 aliud
3069 936 3149 981 est
3167 942 3323 997 quam
3342 927 3628 981 moriendo

2040 1018 2107 1072 ad
2136 1020 2294 1073 vitam
2329 1021 2639 1088 pervenire?
2664 1020 2813 1075 Nihil
2830 1022 2956 1074 mihi
2984 1020 3169 1075 durius
3203 1019 3395 1075 facient
3425 1021 3513 1090 qui
3546 1021 3628 1075 in-

2046 1109 2371 1177 terfecerint,
2400 1110 2465 1164 ad
2494 1126 2662 1165 meam
2695 1126 2779 1165 me
2819 1113 3124 1166 cmitteutes
3154 1113 3333 1178 vitam,
3366 1124 3413 1165 et
3444 1112 3510 1164 ab
3532 1110 3631 1163 hac

2044 1217 2162 1271 quze
2180 1202 2307 1255 mihi
2322 1211 2449 1272 apta
2474 1219 2578 1256 non
2600 1214 2681 1257 est
2700 1204 2860 1257 libera
2872 1213 3006 1259 ntes.
3028 1204 3161 1271 Quid
3187 1205 3345 1274 igitur
3363 1205 3385 1257 ?
3402 1204 3526 1259 dum
3548 1204 3634 1257 hic

2045 1310 2123 1359 es,
2148 1294 2346 1348 Christi
2374 1296 2651 1350 non-eris?
2671 1296 2737 1349 Et
2765 1297 2918 1350 valde
2945 1297 3183 1367 quidem.
3204 1297 3294 1350 22.
3320 1298 3469 1363 Quod
3498 1298 3539 1351 si
3562 1298 3636 1350 vi-

2049 1402 2159 1440 vere
2181 1388 2232 1439 in
2253 1403 2424 1453 carne,
2448 1388 2542 1441 hoc
2565 1390 2688 1442 mihi
2714 1392 2909 1461 fructus
2933 1392 3206 1459 aperisest,
3237 1401 3284 1445 et
3308 1391 3431 1461 quid
3451 1392 3635 1462 eligam

2051 1481 2247 1549 ignoro.
2277 1479 2354 1534 Ne
2374 1481 2491 1550 quis
2513 1480 2686 1535 dicat:
2710 1482 2765 1536 Si
2796 1484 2953 1551 igitur
2970 1484 3099 1537 illud
3133 1494 3215 1538 est
3237 1486 3363 1551 vita,
3383 1484 3640 1539 curClu-i-

2053 1580 2167 1624 stus
2196 1570 2282 1624 hic
2308 1580 2361 1625 te
2390 1586 2611 1627 manere
2637 1573 2805 1626 sinit?
2839 1573 3081 1637 Fructus,
3115 1576 3320 1645 inquit,
3351 1577 3516 1646 aperis
3543 1585 3636 1629 est.

2052 1662 2409 1727 Quamobrem
2435 1662 2826 1731 Ιὶυρι-ριιςυδριιιί
2848 1667 3007 1718 etiam
3037 1666 3142 1719 vita
3160 1682 3245 1730 eo;
3273 1683 3379 1736 quo
3401 1676 3638 1737 oportet,

2056 1754 2215 1808 modo
2257 1754 2329 1808 uti
2354 1796 2368 1819 ,
2402 1755 2445 1808 si
2477 1757 2644 1824 ipsum
2674 1757 2891 1809 minime
2925 1755 3165 1810 vivamus
3194 1772 3259 1811 eo
3302 1758 3460 1810 modo
3486 1799 3500 1821 ,
3533 1772 3640 1826 quo

2058 1845 2247 1915 vulgus
2269 1846 2418 1899 vivit.
2443 1846 2553 1901 lloc
2580 1847 2698 1901 ideo
2716 1847 2861 1911 dicit,
2884 1864 2950 1902 ne
2980 1857 3131 1916 putes
3160 1848 3323 1901 vitam
3346 1848 3513 1917 ipsam
3537 1849 3642 1902 cri-

2060 1938 2186 1991 mini
2218 1937 2331 1991 dari
2353 1956 2367 2002 ;
2390 1954 2563 2009 neque
2594 1939 2758 2004 dicas,
2778 1941 2831 1994 Si
2864 1940 3130 2009 igiturhic
3151 1940 3291 1994 nulla
3321 1941 3474 1996 nobis
3499 1957 3648 1995 com-

2062 2040 2276 2097 paratur
2304 2031 2527 2096 utilitas,
2546 2032 2671 2101 quid
2691 2042 2772 2087 est
2796 2048 2891 2086 cur
2910 2048 3006 2087 nos
3026 2049 3129 2087 non
3147 2048 3178 2088 e
3199 2033 3377 2088 medio
3396 2033 3646 2087 tollamus

2060 2131 2115 2174 et
2144 2120 2449 2176 occidantus
2471 2124 2493 2175 ?
2514 2122 2853 2193 Neutiquam,
2876 2125 3045 2194 inquit
3072 2145 3084 2179 :
3112 2126 3238 2180 licet
3258 2140 3322 2180 ex
3354 2125 3454 2180 hac
3482 2126 3644 2181 etiam

2065 2212 2340 2267 mansione
2370 2213 2576 2268 lucrum
2602 2225 2913 2283 reportarer
2929 2216 2987 2270 si
3008 2217 3144 2270 hanc
3169 2218 3339 2270 vitam
3366 2232 3470 2271 non
3498 2216 3649 2270 viva-

2062 2320 2206 2369 mus,
2238 2304 2331 2358 sed
2361 2305 2607 2359 alteram.
2641 2305 2743 2361 Sed
2769 2308 3031 2377 quispiam
3063 2307 3291 2363 fortasse
3315 2308 3607 2376 interroget
3635 2324 3651 2362 :

2069 2395 2253 2450 llocne
2285 2395 2377 2450 tibi
2421 2397 2646 2452 fructmn
2680 2400 2881 2453 alfcrt?
2912 2402 3069 2456 Certe
3092 2442 3106 2466 ,
3149 2402 3340 2471 inquit.
3384 2400 3482 2457 Ubi
3517 2415 3657 2453 nunc

2071 2485 2304 2541 hmretici
2327 2490 2361 2539 *Γ
2380 2488 2507 2541 Vide
2537 2506 2674 2543 nunc
2705 2532 2719 2553 ,
2762 2489 2935 2543 Vivere
2960 2492 3010 2544 iu
3036 2509 3190 2545 carne
3215 2532 3228 2555 ,
3266 2491 3366 2545 hoc
3392 2492 3518 2546 dicit
3550 2491 3657 2545 fru-

2069 2586 2211 2629 ctum
2230 2578 2441 2644 operis:
2470 2580 2650 2647 operis
2673 2580 2814 2633 enim
2842 2592 2947 2633 est.
2981 2580 3262 2646 Quomodo
3293 2584 3496 2635 fructus
3525 2598 3657 2648 ope-

2071 2668 2183 2721 ris?
2208 2669 2354 2732 Quod
2375 2681 2539 2722 autem
2562 2687 2696 2723 nunc
2722 2672 2829 2724 viro
2860 2672 2911 2724 iu
2946 2688 3097 2726 carne
3120 2715 3133 2735 ,
3158 2675 3210 2725 in
3239 2674 3340 2740 ﬁde
3367 2675 3495 2726 vivo.
3525 2672 3661 2728 llinc

2082 2759 2287 2813 fructus
2314 2762 2512 2829 operis.
2541 2761 2605 2814 Et
2626 2763 2753 2831 quid
2770 2764 2950 2832 eligam
2978 2764 3174 2835 ignoro.

2154 2852 2315 2907 Pauli
2337 2854 2682 2925 philosophia.
2730 2886 2801 2895 —
2830 2857 2984 2927 Papa!
3017 2858 3029 2910 !
3075 2867 3270 2933 quanta
3300 2866 3384 2912 est
3418 2858 3662 2927 philoso-

2080 2944 2235 3012 phia!
2284 2946 2562 3012 Quomodo
2594 2950 2871 3017 prazsentis
2902 2953 3024 3003 vitae
3050 2949 3395 3019 cupiditatem
3441 2950 3659 3018 abiece-

2078 3047 2196 3102 rat,
2228 3054 2327 3094 nec
2359 3048 2532 3095 tamen
2563 3041 2706 3095 illam
2731 3041 3153 3097 rriminabatur?
3177 3057 3296 3096 nam
3326 3042 3409 3097 his
3447 3041 3663 3112 quidem

2081 3132 2282 3196 verbis,
2329 3131 2467 3186 Mori
2521 3131 2737 3195 lucrum,
2789 3134 3134 3202 cupiditatem
3186 3134 3504 3203 abjiciebat;
3559 3132 3667 3189 illis

2082 3238 2229 3286 vero,
2273 3220 2445 3275 Vivere
2472 3223 2526 3275 in
2550 3239 2702 3277 carne
2728 3224 2921 3292 [ructus
2943 3227 3131 3291 aperis,
3161 3226 3394 3281 Ostendit
3424 3241 3632 3295 pra‘sen
3649 3259 3665 3267 -

2084 3325 2189 3369 tem
2221 3331 2435 3385 quoque
2463 3317 2623 3370 vitam
2670 3332 2790 3372 esse
2832 3320 3208 3374 necessariam.
3260 3320 3583 3388 Quomodo?
3612 3323 3668 3377 Si

2086 3409 2197 3476 ipsa
2230 3418 2286 3461 ut
2316 3416 2530 3476 oportet
2554 3418 2788 3474 utamur,
2819 3411 2864 3464 si
2894 3411 3122 3465 fructum
3158 3411 3391 3467 feramus
3423 3431 3434 3465 :
3469 3417 3665 3469 etenim

2085 3502 2128 3552 si
2155 3498 2485 3554 infructuosa
2515 3500 2583 3555 sit
2610 3542 2625 3566 ,
2660 3517 2833 3571 neque
2863 3503 2971 3557 vita
3023 3504 3252 3573 amplius
3292 3513 3393 3558 est.
3438 3503 3570 3557 Nam
3617 3515 3673 3560 et

2086 3592 2308 3647 arbores
2337 3606 2455 3662 qua:
2483 3592 2716 3648 fructum
2748 3611 2852 3649 non
2887 3595 3086 3663 ferunt,
3114 3596 3337 3666 perinde
3367 3608 3527 3668 atque
3558 3600 3634 3651 ari
3654 3630 3668 3637 -

2087 3682 2181 3737 das
2208 3698 2523 3738 aversamnr
2548 3694 2602 3739 et
2632 3685 2683 3739 in
2716 3686 2891 3756 ignem
2922 3688 3258 3757 conjicimus.
3288 3690 3497 3743 Rursus
3526 3692 3671 3744 enim

2091 3777 2192 3829 \ita
2224 3787 2305 3831 est
2333 3792 2397 3832 ex
2430 3792 2616 3833 earum
2666 3794 2845 3834 rerum
2876 3796 3101 3836 munero
3123 3824 3137 3849 ,
3180 3799 3302 3852 quze
3331 3783 3521 3837 media:
3552 3794 3677 3838 sunt

2089 3879 2141 3923 et
2167 3868 2530 3926 indill'erentes
2556 3888 2570 3936 ;
2602 3872 2738 3928 bene
2763 3882 2941 3928 autem
2972 3875 3052 3928 vel
3087 3875 3222 3929 male
3248 3878 3430 3932 vivere
3458 3919 3470 3940 ,
3497 3878 3548 3931 in
3575 3894 3674 3931 uo-

2091 3958 2172 4013 bis
2211 3970 2294 4015 est
2339 3962 2523 4016 situm.
2573 3962 2739 4033 Igitur
2782 3980 2849 4019 ne
2876 3966 3154 4037 displiceat
3202 3968 3307 4021 vita
3356 3985 3519 4024 :nam
3550 3970 3677 4025 licet

2091 4052 2251 4104 etiam
2300 4051 2528 4109 honeste
2578 4056 2757 4110 vivere
2808 4072 2822 4108 :
2869 4058 2913 4110 si
2960 4058 3101 4112 male
3151 4059 3253 4111 vita
3288 4069 3530 4125 utamur,
3566 4077 3675 4116 nou

2092 4141 2253 4195 etiam
2291 4154 2571 4213 propterea
2621 4146 2788 4214 ipsam
2833 4161 3087 4202 accusare
3115 4147 3427 4202 debeamus.
3458 4150 3679 4216 Quare?

2093 4232 2355 4299 Quoniam
2383 4251 2493 4287 non
2523 4236 2636 4303 ipsa
2664 4251 2823 4289 causa
2860 4237 2977 4304 fuit,
3005 4239 3098 4293 sed
3129 4240 3323 4295 electio
3350 4256 3559 4309 eorum,
3588 4246 3681 4314 qui

2096 4322 2234 4377 male
2268 4323 2381 4392 ipsa
2418 4334 2544 4378 sunt
2572 4325 2673 4378 usi.
2703 4325 2835 4380 Nam
2868 4327 3006 4384 Deus
3032 4329 3247 4399 quidem
3278 4331 3398 4385 idco
3421 4340 3472 4387 te
3501 4332 3682 4390 vivere

2095 4415 2382 4479 concessit,
2418 4424 2475 4469 ut
2504 4415 2605 4486 ipsi
2637 4416 2780 4471 vivas
2814 4436 2828 4472 :
2859 4428 2912 4473 tu
2942 4435 3071 4475 vero
3101 4432 3317 4490 propter
3334 4424 3679 4479 vitiositatcm

2098 4516 2321 4573 peccato
2342 4507 2547 4572 vivens,
2580 4523 2794 4564 omnem
2816 4508 2867 4563 in
2900 4520 2949 4565 te
2980 4511 3186 4568 inet-ere
3212 4513 3424 4584 culpam
3444 4515 3679 4571 voluisti.

2097 4598 2232 4664 Quid
2250 4598 2348 4665 ais,
2368 4615 2573 4669 quaeso,
2597 4601 2795 4656 Paule?
2816 4605 3027 4672 ignoras
3049 4606 3176 4677 quid
3204 4608 3405 4681 eligas?
3431 4610 3541 4666 lloe
3566 4612 3685 4667 luco

2099 4705 2347 4759 magnum
2377 4691 2975 4764 patelecitmysterium,
3005 4713 3196 4768 nempe
3217 4699 3410 4755 factam
3433 4702 3534 4757 sibi
3564 4718 3686 4758 esse

2102 4790 2417 4849 potestatem
2464 4783 2757 4839 decedendi
2792 4801 2806 4838 :
2849 4788 3062 4856 quando
3091 4790 3234 4844 enim
3270 4792 3423 4846 nobis
3453 4793 3687 4863 eligendi

2100 4873 2251 4942 copia
2269 4872 2444 4939 datur,
2466 4883 2781 4942 potestatem
2804 4876 3078 4935 habemus.
3098 4881 3681 4955 Quid.eligam,.inquit,

2101 4963 2299 5031 ignoro.
2325 4964 2467 5035 Ergo
2495 4966 2546 5020 in
2577 4976 2629 5022 te
2653 4967 2823 5023 situm
2842 4979 2926 5023 est
2945 4970 2976 5024 ?-
2998 4971 3177 5038 Certe,
3206 4973 3408 5042 inquit,
3442 4974 3487 5027 si
3518 4988 3549 5028 a
3579 4976 3691 5030 Deo

2104 5054 2240 5110 hanc
2272 5058 2540 5125 postulare
2578 5062 2803 5129 gratiam
2846 5064 3086 5118 voluero.
3117 5064 3208 5117 25.
3239 5064 3481 5119 Coarclor
3505 5068 3635 5120 enim
3674 5063 3714 5134 ,‘

2104 5148 2320 5213 duobus,
2343 5150 2644 5206 desiderium
2666 5154 2873 5209 habens.
2900 5157 3131 5210 Attende
3162 5157 3300 5211 beati
3329 5157 3491 5228 hujus
3516 5169 3694 5228 pater-
3782 5162 3785 5163 ⁷

2104 5256 2231 5295 num
2259 5242 2508 5297 allectum
2537 5261 2551 5297 :
2583 5244 2683 5299 hac
2710 5247 2870 5300 etiam
2901 5248 3108 5300 ratione
3150 5247 3296 5317 ipsos
3337 5251 3650 5306 consolatur
3673 5294 3690 5320 ,

2106 5333 2193 5387 ubi
2224 5334 2585 5393 intellexerint
2631 5338 2763 5393 idin
2815 5341 2983 5409 ipsius
3026 5342 3302 5397 voluntate
3350 5345 3511 5399 situm
3542 5360 3686 5408 esse,

2107 5441 2281 5496 neque
2311 5430 2378 5484 ab
2402 5429 2677 5484 hominum
2703 5432 3065 5501 improbitate,
3094 5436 3187 5488 sed
3217 5452 3247 5489 a
3278 5436 3370 5492 Dei
3403 5440 3695 5507 providen-

2109 5521 2176 5573 tia
2204 5522 2489 5592 proﬁcisci.
2514 5523 2622 5579 Cur
2648 5540 2795 5595 ergo,
2822 5524 3015 5597 inquit,
3041 5542 3187 5583 mors
3217 5528 3371 5583 vobis
3395 5545 3686 5587 mererem

2107 5613 2303 5668 alien?
2357 5615 2526 5670 multo
2565 5618 2733 5672 satius
2771 5628 2889 5672 erat
2943 5620 3274 5690 jampridem.
3314 5620 3615 5678 decessisse
3673 5637 3691 5676 :

2110 5703 2329 5761 Dissolvi
2360 5708 2520 5775 enim,
2555 5708 2742 5780 inquit,
2759 5719 2804 5764 et
2821 5727 2927 5766 esse
2949 5728 3064 5766 cum
3092 5711 3293 5768 Christo
3320 5714 3693 5779 multomelius;

2233 5816 2433 5856 niancre
2479 5803 2715 5859 autcmiu
2740 5821 2892 5860 carae
2916 5807 3076 5877 "togis
3118 5809 3454 5865 necessarium
3493 5818 3706 5879 propter
