4044 6202
308 390 414 447 903

316 519 422 555 ros.
459 497 581 553 lltec
608 489 979 566 pra‘parabant
999 485 1064 542 ad
1096 484 1326 539 futuram
1350 476 1517 548 ipsius
1542 481 1768 526 mortem
1797 483 1896 536 ge-

317 607 511 653 nerose
554 560 827 647 ferendam
862 604 877 639 :
909 584 1025 637 lucc
1056 573 1457 649 philosophiam
1487 566 1773 622 docebant.
1804 560 1880 615 Bo

319 702 468 752 num,
500 681 690 754 inquit,
722 689 803 734 est
832 672 1073 731 dissolvi.
1107 676 1163 724 et
1188 679 1306 719 esse
1332 675 1455 716 eum
1485 657 1703 712 Christo
1736 670 1750 708 :
1785 665 1906 706 nam

319 790 377 834 et
425 779 539 848 ipsa
574 788 719 830 tuors
765 771 837 825 iu-
863 776 1088 822 numero
1130 772 1308 813 rerum
1350 749 1766 808 indill‘erentium
1799 754 1900 798 est.

320 870 436 929 Non
464 866 607 923 enim
638 876 785 918 mors
808 859 1006 913 malum
1039 862 1143 917 est,
1167 849 1262 904 sed
1296 855 1414 918 post
1456 852 1684 897 mortem
1718 850 1909 908 pinnas

323 965 472 1029 dare,
504 960 606 1015 ltoc
632 955 831 1010 malum
859 960 943 1007 est
969 990 983 1014 ,
1016 962 1187 1016 neque
1213 943 1373 997 etiam
1404 939 1602 992 bonum
1630 942 1713 988 est
1742 946 1908 991 mor-,

323 1054 418 1111 sed
461 1059 743 1124 postquam
775 1042 1076 1100 decesseris
1101 1080 1116 1105 ,
1150 1051 1268 1091 eum
1301 1031 1514 1089 Christo
1543 1041 1664 1083 esse
1688 1067 1703 1089 ,
1732 1022 1784 1077 id
1814 1021 1914 1074 bo-

326 1160 452 1200 num
484 1151 570 1198 est
600 1111 629 1193 ἐ
668 1153 786 1210 quae
834 1142 956 1205 post
999 1140 1225 1186 mortem
1252 1167 1265 1189 ,
1297 1140 1359 1180 ea
1390 1123 1605 1177 demum
1657 1123 1784 1171 sunt
1829 1111 1911 1164 vel

326 1239 464 1294 bona
492 1234 579 1289 vel
602 1232 760 1289 mala.
795 1229 959 1300 igitur
986 1239 1091 1279 non
1113 1217 1411 1292 generatim
1438 1229 1532 1271 eos
1552 1209 1643 1282 qui
1674 1206 1912 1264 moriun-

328 1344 436 1399 tur,
472 1330 749 1400 lugeamus
778 1364 794 1391 ,
822 1336 994 1391 neque
1022 1318 1089 1373 de
1114 1314 1413 1371 viventibus
1450 1305 1745 1380 generatim
1787 1316 1916 1372 gau-

328 1428 589 1489 deamus;
618 1419 712 1476 sed
737 1416 908 1489 quid?
935 1414 1236 1482 Lugeamus
1265 1414 1573 1477 peccatores
1601 1414 1706 1455 non
1734 1396 1912 1452 solum

331 1518 646 1582 morientes,
670 1511 766 1569 sed
788 1511 950 1565 etiam
974 1508 1211 1561 viventes
1243 1520 1258 1557 :
1292 1501 1357 1555 de
1379 1499 1537 1568 justis
1557 1492 1908 1567 gaudeamus,

337 1628 446 1667 non
473 1610 645 1666 solum
677 1605 801 1660 dntn
835 1604 1042 1665 vivunt,
1075 1612 1255 1650 verum
1285 1593 1445 1648 etiam
1468 1597 1745 1659 postquam
1779 1597 1922 1636 utor-

337 1704 412 1758 tui
447 1700 664 1757 fuerint.
699 1696 829 1752 Nam
857 1694 931 1748 illi
949 1689 1161 1762 qttidetn
1191 1687 1350 1739 etiam
1383 1684 1511 1737 dum
1542 1680 1749 1743 vivunt,
1776 1689 1922 1729 mor-

340 1795 416 1849 tui
449 1802 571 1848 sunt
599 1809 613 1851 ;
643 1788 697 1843 hi
729 1802 856 1842 vero
891 1785 1051 1839 etiam
1083 1795 1206 1836 eum
1238 1776 1433 1832 mortui
1461 1773 1690 1833 fuerint,
1715 1769 1923 1822 vivunt.

341 1887 420 1941 llli
453 1883 616 1941 etiam
658 1880 784 1936 dum
816 1877 903 1932 hic
930 1884 1055 1930 sunt
1082 1915 1097 1940 ,
1130 1870 1368 1927 omnium
1395 1866 1592 1921 elicere
1623 1860 1926 1916 misericor-

335 1978 484 2035 diam
509 1971 728 2037 debent,
757 1968 1008 2040 quoniam
1057 1964 1222 2017 Deum
1253 1956 1539 2013 offendunt
1576 1975 1589 2009 :
1623 1951 1675 2006 bi
1699 1964 1829 2006 vero
1859 1948 1925 2002 il-

341 2068 428 2123 lnc
477 2065 637 2122 etiam
694 2058 936 2118 translati
983 2055 1124 2113 beati
1173 2060 1324 2116 sunt,
1355 2047 1605 2121 quoniam
1657 2043 1725 2098 ad
1772 2040 1928 2097 Chri-

343 2169 487 2216 stum
510 2164 635 2214 sunt
659 2152 899 2227 profecti.
925 2151 1258 2213 Peccatores,
1286 2142 1462 2200 ubiubi
1492 2149 1610 2196 sunt
1633 2178 1650 2206 ,
1680 2134 1859 2207 procul
1898 2148 1929 2187 a

352 2253 496 2325 [iege
540 2258 705 2315 sunt;
740 2254 1023 2317 propterea
1067 2238 1320 2311 lacrymis
1349 2233 1491 2306 digni
1524 2250 1538 2287 :
1582 2228 1713 2300 justi
1754 2238 1929 2283 autem

345 2344 467 2399 sive
494 2342 603 2406 hic,
633 2340 746 2394 sive
773 2337 865 2402 ibi,
914 2349 1036 2390 cum
1065 2333 1207 2401 ltege
1232 2337 1385 2390 sunt;
1409 2336 1569 2393 atque
1594 2323 1665 2377 ibi
1716 2319 1932 2391 quidem

356 2435 525 2492 multo
554 2432 724 2503 magis
753 2445 817 2485 ac
847 2427 1064 2500 propius
1083 2467 1098 2491 ,
1134 2440 1238 2477 non
1272 2437 1365 2492 per
1392 2420 1649 2488 speciem,
1681 2430 1785 2467 non
1844 2424 1937 2480 per

357 2532 517 2589 Iidem
536 2570 554 2596 ,
582 2527 679 2584 sed
700 2524 878 2589 Facie,
906 2522 1100 2593 inquit,
1132 2518 1200 2573 ad
1240 2516 1420 2587 facient
1450 2510 1527 2585 (l.
1558 2509 1678 2565 Cor.
1708 2506 1792 2561 l3.
1820 2503 1933 2574 ιε).

422 2625 478 2680 4.
516 2621 619 2688 Qui
664 2617 850 2674 mortui
889 2616 988 2670 sint
1043 2608 1269 2683 lugendi.
1325 2603 1694 2675 Exsequiarum
1735 2597 1936 2651 modus.

354 2715 680 2771 Hortatorem
708 2707 950 2764 memoria
977 2705 1032 2759 in
1049 2700 1320 2773 mysteriis.
1345 2726 1418 2738 --
1438 2695 1552 2750 Non
1576 2693 1733 2764 igitur
1752 2704 1941 2743 omnes

354 2812 629 2880 ploremus
650 2812 913 2864 mortuos,
933 2795 1027 2853 sed
1048 2811 1140 2851 eos
1166 2793 1328 2864 quiin
1355 2786 1586 2860 peccatis
1606 2801 1623 2852 ;
1645 2783 1700 2837 hi
1738 2782 1935 2836 lamen-

358 2874 429 2958 iis
455 2898 642 2972 digni,
674 2896 726 2951 hi
763 2893 962 2965 ejnlatu
992 2931 1009 2957 ,
1060 2888 1113 2942 hi
1143 2884 1419 2957 laerymis.
1468 2881 1601 2947 Quae
1644 2877 1788 2932 enim
1816 2916 1830 2940 ,
1858 2874 1946 2928 die

358 2993 489 3050 mihi
514 3033 531 3057 ,
559 3004 684 3061 spes
726 2994 811 3043 est
856 2998 959 3039 una
983 2995 1106 3037 cum
1138 2975 1370 3049 peccatis
1417 2988 1482 3028 eo
1512 2968 1813 3032 discedere,
1857 2965 1945 3020 ubi

361 3096 578 3161 peccata
626 3097 827 3140 exuere
871 3094 978 3135 non
1029 3074 1201 3131 licet?
1230 3073 1410 3127 Donec
1456 3066 1603 3123 enim
1649 3063 1736 3118 hic
1762 3069 1942 3126 erant,

361 3195 555 3252 magna
581 3176 805 3233 forsitan
833 3182 951 3230 crat
976 3183 1122 3241 spes,
1151 3166 1266 3223 fore
1294 3172 1355 3220 ut
1385 3165 1859 3221 converterentur,
1890 3162 1947 3208 ιιι

362 3243 618 3329 meliores
660 3266 956 3324 evaderent
986 3282 1001 3319 :
1029 3270 1085 3316 at
1107 3261 1152 3316 si
1180 3261 1232 3315 in
1268 3255 1534 3312 infernum
1564 3249 1831 3308 abierint.
1861 3243 1951 3300 ubi

367 3363 504 3421 nihil
545 3360 680 3417 lucri
709 3374 775 3414 ex
806 3353 1119 3429 pmnitentia
1148 3347 1411 3421 reportari
1458 3352 1667 3415 potest;
1710 3354 1852 3400 nam,
1886 3334 1952 3390 lu

366 3456 605 3528 inferno,
641 3427 851 3522 inquit,
878 3447 992 3519 quis
1033 3441 1355 3512 conﬁtebitur
1399 3437 1487 3491 tibi
1516 3436 1537 3507 (
1568 3432 1714 3489 l’sal.
1746 3430 1800 3486 6.
1838 3430 1872 3483 6
1892 3427 1954 3498 )i

367 3517 640 3617 quatuodo
688 3517 795 3597 non
842 3517 1092 3594 lamentis
1136 3532 1322 3604 digni?
1352 3530 1653 3600 Lugeamus
1683 3537 1814 3588 eos,
1857 3517 1946 3590 qui

369 3639 476 3694 hoc
499 3636 660 3694 modo
686 3631 977 3698 decedunt,
1001 3645 1108 3685 non
1140 3627 1191 3681 id
1225 3622 1494 3694 impedio;
1523 3620 1819 3689 lugeamus,
1857 3610 1950 3667 sed

372 3746 485 3788 non
537 3737 733 3799 praeter
769 3724 1049 3785 decorum,
1097 3734 1204 3772 non
1244 3716 1503 3771 vellentes
1548 3708 1804 3778 capillos,
1850 3717 1956 3758 non

372 3820 594 3880 brachia
617 3818 901 3879 nudantes,
925 3830 1030 3869 non
1066 3812 1364 3866 lacerantes
1397 3805 1612 3867 faciem,
1644 3815 1751 3855 non
1782 3796 1956 3869 pullas

376 3924 556 3969 vestes
604 3908 927 3970 induentes;
970 3902 1065 3958 sed
1111 3900 1286 3956 solum
1344 3898 1397 3951 in
1453 3894 1633 3950 anima
1695 3890 1960 3958 lacrytnas

375 4016 588 4060 amaras
636 4000 818 4070 quiete
863 3995 1166 4050 fundamus.
1219 3989 1435 4046 Etenim
1491 3988 1611 4041 sine
1661 3984 1761 4037 hac
1799 3981 1959 4036 etiam

377 4094 713 4170 putnmlieet
744 4105 924 4146 amare
952 4088 1102 4152 llere,
1126 4094 1180 4140 et
1212 4097 1319 4137 non
1350 4087 1555 4136 tantum
1582 4075 1786 4131 ludere.
1817 4071 1950 4127 Nam

378 4166 559 4267 quam
592 4189 863 4246 nonnullis
893 4186 1027 4240 limit
1055 4225 1070 4250 ,
1103 4198 1130 4234 a
1161 4192 1446 4251 puerorum
1472 4173 1676 4229 lusibus
1704 4168 1832 4225 nihil
1863 4166 1965 4222 dil-

381 4265 588 4345 fernnt.
616 4283 693 4338 Illi
720 4283 865 4337 enim
894 4278 1050 4333 fletus
1076 4276 1318 4330 forenses
1347 4285 1452 4325 non
1479 4283 1543 4345 ex
1569 4265 1780 4327 dolore,
1804 4275 1963 4332 quem

381 4379 601 4452 quidam
628 4384 833 4433 natura:
876 4381 1175 4429 consensus
1218 4362 1459 4419 attulerit
1480 4340 1964 4429 (proficiscuntur,

383 4472 482 4530 sed
508 4485 577 4527 ex
600 4466 961 4525 ostentatione
985 4470 1041 4518 et
1065 4458 1355 4515 ambitione
1381 4461 1438 4510 et
1465 4466 1618 4507 vana:
1643 4448 1831 4521 gloria:
1852 4455 1964 4500 slu-

383 4561 475 4617 dio
505 4575 527 4616 :
551 4559 675 4616 ideo
699 4557 884 4614 multa;
926 4552 1269 4609 inveniuntur
1309 4546 1567 4603 mulieres
1591 4583 1607 4608 ,
1635 4555 1755 4611 qua:
1800 4537 1960 4608 hujus

385 4654 465 4710 rei
506 4662 678 4708 artem
723 4656 998 4706 exercent.
1029 4646 1226 4699 Amare
1256 4639 1408 4705 lleas,
1438 4634 1586 4692 domi
1633 4632 1813 4703 plores
1834 4671 1848 4694 ,
1879 4644 1974 4684 ne-

386 4746 535 4804 mine
572 4743 829 4805 videutc;
859 4739 911 4795 id
945 4732 1329 4794 misericordia:
1357 4730 1517 4787 fuerit
1541 4770 1556 4793 ,
1600 4725 1653 4781 id
1686 4722 1781 4780 tibi
1808 4720 1971 4777 etiam

390 4836 673 4910 profucrit.
703 4831 836 4889 Nam
865 4830 956 4901 qui
986 4829 1137 4884 illuni
1160 4825 1263 4881 hoc
1290 4822 1449 4877 modo
1469 4821 1636 4891 luget,
1666 4815 1836 4871 multo
1857 4828 1974 4868 ma-

388 4904 475 5002 gis
493 4930 612 5001 ipse
632 4926 864 4982 studium
886 4917 1181 4980 adhibebit,
1203 4932 1272 4972 ne
1290 4915 1344 4970 in
1371 4913 1558 4969 eadem
1581 4907 1779 4965 incidat
1801 4904 1936 4959 mala
1958 4919 1974 4959 :

393 4997 658 5081 iverrorem
686 5018 779 5074 tibi
804 5013 1027 5088 posthac
1054 5019 1329 5082 peccaturo
1355 5004 1595 5060 incutiet.
1627 4997 1977 5071 Lugeiulide-

394 5118 495 5181 les,
528 5117 649 5184 lnge
677 5127 774 5168 eos
804 5108 904 5179 qui
934 5104 1071 5160 nihil
1114 5102 1181 5158 ab
1207 5098 1518 5155 inlidelibns
1545 5093 1798 5150 dill‘erunt
1820 5131 1836 5157 ,
1886 5089 1975 5160 qui

394 5210 514 5264 sine
554 5202 967 5263 illuminatione,
1018 5197 1136 5251 sine
1178 5190 1454 5262 signaculo
1500 5187 1890 5242 decesserunt:
1924 5181 1976 5235 hi

396 5316 525 5358 vere
546 5297 795 5355 lamentis
829 5291 999 5365 digni,
1029 5288 1084 5344 hi
1113 5283 1364 5356 lacrymis
1394 5299 1408 5336 :
1433 5290 1584 5335 extra
1626 5276 1824 5348 regiam
1855 5285 1981 5329 sunt

399 5407 502 5447 una
523 5404 643 5446 cum
667 5385 858 5457 iis,qui
876 5396 1047 5455 ptume
1067 5385 1191 5436 sunt
1213 5372 1455 5436 obnoxii,
1479 5384 1581 5424 una
1602 5383 1723 5424 cum
1753 5365 1981 5420 damna-

396 5486 491 5541 ~tis.
517 5482 676 5537 Amen
719 5479 835 5533 dico
864 5476 1021 5541 vobis,
1044 5471 1141 5528 nisi
1165 5469 1277 5537 quis
1324 5473 1475 5521 natus
1504 5460 1656 5533 fuerit
1676 5473 1740 5513 ex
1774 5471 1906 5527 aqua
1935 5462 1984 5507 et
2018 5493 2023 5497 .

406 5576 631 5645 Spiritu,
654 5587 757 5628 non
778 5567 1003 5624 introibit
1028 5566 1081 5619 in
1107 5574 1320 5634 regnum
1348 5555 1591 5613 «elerum
1612 5550 1792 5623 (Jouu.
1814 5548 1867 5603 5.
1901 5546 1981 5614 5).

404 5638 549 5738 Lnge
589 5638 688 5721 eos
710 5663 803 5733 qui
832 5660 883 5715 in
906 5655 1108 5713 divitiis
1136 5662 1262 5709 sunt
1298 5649 1530 5711 mortui,
1555 5660 1677 5701 cum
1698 5658 1762 5698 ex
1787 5638 1987 5695 divitiis

407 5761 610 5818 nullum
653 5751 937 5812 animabus
982 5747 1094 5805 suis
1125 5744 1378 5801 solatium
1404 5744 1806 5810 comparassent
1847 5751 1860 5788 :
1894 5747 1987 5788 eos

408 5853 602 5928 quibus
645 5846 891 5908 ablue..di
932 5850 1149 5916 peccata
1188 5853 1283 5895 sua
1316 5844 1555 5911 potestas
1601 5832 1737 5887 facta
1768 5834 1902 5894 erat,
1935 5834 1988 5880 ct

1053 371 1110 428 S.
1136 362 1413 427 JOANNIS
1449 349 1912 418 CIlRYSOSTOMl
1950 346 2261 403 ARClllEP.
2303 342 2830 402 CONSTANTINOP.

3490 332 3595 390 20$

2008 468 2318 518 noluerunt.
2351 460 2461 516 llos
2483 458 2697 530 quidem
2726 472 2824 512 nos
2853 470 3042 511 omnes
3069 464 3119 509 et
3155 451 3362 521 publice
3401 461 3451 507 et
3484 451 3597 522 pri-

2010 553 2170 607 vatim
2194 553 2493 623 lugeamus,
2520 550 2616 605 sed
2640 550 2734 614 ita,
2764 556 2822 603 ut
2846 563 2878 603 a
2899 547 3097 601 decoro
3119 559 3187 600 ne
3210 541 3512 607 recedatur,
3531 552 3591 595 ut

2008 643 2326 715 gravitatem
2357 652 2637 706 tueamur,
2670 648 2820 694 utne
2849 653 2949 694 nos
2977 636 3125 708 ipsos
3153 634 3279 689 ludi“.
3302 634 3385 688 rio
3427 648 3597 702 expo-

2012 751 2221 791 namus.
2255 735 2364 789 llos
2393 734 2668 804 lugeamus
2700 748 2806 786 non
2832 744 2995 785 unum
3026 738 3117 782 aut
3159 729 3386 781 alterum
3412 726 3553 779 diem
3584 766 3600 790 ,

2011 827 2105 882 sed
2130 842 2224 898 per
2252 841 2413 880 omne
2433 826 2555 878 vitae
2580 833 2781 879 nostra:
2813 830 3042 895 tempus.
3073 820 3348 890 Lacryuue
3376 817 3456 870 h:e
3481 832 3589 871 ron

2012 928 2138 973 sunt
2167 916 2395 971 amentis
2420 916 2855 987 perturbationis,
2886 922 2942 967 at
2962 911 3072 967 veri
3099 928 3161 966 ac
3185 911 3423 982 germani
3446 925 3599 963 amo-

2016 1010 2088 1064 ris
2114 1027 2130 1075 ;
2172 1009 2279 1065 illm
2310 1024 2439 1064 vero
2475 1006 2707 1063 amentis
2736 1005 2895 1076 plane
2924 1003 3225 1060 allectionis
3257 1019 3271 1056 :
3319 1012 3599 1072 propterea

2014 1102 2173 1157 etiam
2202 1101 2311 1157 cito
2331 1109 2603 1159 arescunt.
2635 1099 2765 1166 Quae
2786 1097 2929 1155 enim
2952 1112 3017 1154 es
3053 1096 3143 1153 Dei
3176 1097 3364 1150 timore
3389 1094 3602 1165 prolici-

2015 1205 2260 1263 scuntur,
2288 1211 2503 1266 semper
2530 1194 2749 1251 durant.
2782 1193 2891 1249 llos
2920 1188 3085 1258 igitur
3108 1191 3380 1260 lugeamus
3398 1230 3415 1255 ,
3447 1204 3603 1258 opem

2019 1308 2116 1362 pro
2146 1291 2345 1346 viribus
2377 1290 2632 1354 feramus,
2662 1286 2882 1356 aliquod
2907 1283 3076 1354 ipsius
3096 1282 3358 1337 auxilium
3382 1295 3603 1351 compa-

2021 1400 2222 1449 remus,
2250 1384 2503 1451 exiguum
2533 1378 2664 1436 illud
2691 1378 2932 1450 quidem,
2960 1375 3053 1431 sed
3083 1375 3225 1445 quod
3257 1383 3435 1428 tamen
3457 1372 3609 1427 auxi-

2012 1472 2139 1531 liari
2198 1482 2382 1544 queat.
2434 1470 2755 1539 Quomodo,
2788 1483 2963 1539 quave
3014 1465 3267 1522 ratione?
3320 1464 3453 1520 Cum
3507 1464 3606 1535 ipsi

2024 1582 2208 1638 preces
2245 1565 2551 1629 fundentes,
2585 1574 2696 1619 tum
2724 1564 2858 1617 alios
2887 1571 2944 1615 ιιι
2984 1576 3082 1631 pro
3112 1558 3245 1628 ipsis
3266 1558 3491 1612 fundant
3509 1557 3607 1610 ob-

2024 1669 2320 1725 secrantes,
2340 1674 2404 1715 ac
2430 1673 2527 1728 pro
2549 1657 2679 1727 ipsis
2698 1656 3008 1725 frequenter
3026 1652 3216 1708 dantes
3241 1651 3610 1722 eleemosynas

2025 1750 2368 1823 pauperibus.
2394 1748 2564 1804 Aﬂ‘ert
2588 1748 2702 1803 inec
2724 1760 2811 1801 res
2839 1743 3038 1816 aliquid
3066 1743 3241 1798 solatii
3272 1759 3287 1796 :
3318 1741 3441 1796 audi
3468 1739 3610 1796 enim

2031 1845 2195 1900 Deum
2241 1844 2311 1898 ita
2359 1841 2626 1898 dicentem
2659 1858 2673 1895 :
2710 1837 2986 1909 Protegam
3018 1836 3189 1891 urbem
3238 1835 3369 1889 Itane
3412 1843 3613 1904 propter

2029 1951 2129 2000 me,
2162 1944 2208 1988 et
2229 1942 2437 2004 propter
2462 1931 2626 1986 David
2650 1946 2852 1985 seruum
2877 1945 3043 1983 meum
3069 1928 3147 1998 (4.
3184 1927 3309 1998 Reg.
3330 1925 3421 1982 20.
3451 1925 3529 1996 6).
3557 1925 3612 1979 Si

2029 2026 2143 2081 sola
2163 2024 2294 2096 justi
2321 2024 2575 2080 memoria
2608 2030 2814 2077 tantum
2844 2020 3030 2082 valuit,
3057 2018 3145 2072 ubi
3168 2032 3328 2086 opt-ra
3356 2028 3615 2087 praeterea

2033 2132 2131 2188 pro
2168 2128 2381 2170 mortuo
2430 2115 2594 2181 fiant,
2653 2112 2781 2182 quid
2836 2126 2944 2167 non
3003 2108 3291 2180 poterunt?
3328 2107 3443 2162 Non
3504 2107 3618 2162 fruo

2033 2217 2145 2265 stra
2195 2207 2313 2263 hanc
2363 2206 2433 2261 ab
2470 2203 2732 2276 apostolis
2787 2211 2912 2258 sunt
2965 2200 3173 2272 legibus
3197 2199 3483 2253 constituta
3513 2215 3530 2252 :
3564 2208 3624 2253 ut

2035 2300 2088 2356 in
2119 2299 2438 2356 venerandis
2460 2340 2477 2365 ,
2535 2297 2749 2367 inquatn
2778 2335 2796 2363 ,
2824 2304 2985 2365 atque
3043 2291 3308 2348 botrdieis
3354 2290 3625 2361 mysteriis

2037 2393 2296 2449 memoria
2354 2405 2541 2447 eorum
2594 2389 2682 2442 liat
2715 2430 2730 2453 ,
2766 2386 2853 2456 qui
2904 2385 3253 2440 decesserunt
3299 2398 3314 2434 :
3368 2396 3625 2436 noveram

2039 2486 2164 2541 hinc
2212 2484 2435 2540 multum
2483 2480 2551 2537 ad
2598 2481 2717 2537 illos
2765 2479 2895 2534 lucri
2943 2476 3221 2540 accedere,
3252 2474 3473 2529 nmltum
3521 2476 3626 2526 uti-

2040 2579 2226 2635 litatis.
2288 2578 2367 2633 Eo
2411 2576 2554 2631 enim
2619 2585 2896 2641 tempore,
2949 2583 3055 2639 quo
3124 2569 3404 2621 universus
3457 2579 3628 2635 pupu-

2043 2670 2127 2726 lus
2171 2678 2278 2724 stat
2319 2668 2567 2724 manibus
2617 2663 2788 2735 passis
2822 2677 2886 2717 ae
2937 2671 3110 2716 emtas
3159 2657 3527 2721 sacerdotalis,
3576 2663 3631 2710 et

2045 2760 2174 2816 illud
2197 2759 2474 2815 horrorem
2502 2757 2768 2812 incutiens
2789 2750 3108 2807 sacrificium
3137 2764 3152 2812 ;
3177 2746 3446 2817 quomodo
3462 2746 3626 2800 Deum

2047 2868 2154 2909 non
2194 2850 2522 2923 placabimus
2552 2861 2649 2918 pro
2677 2846 2795 2900 istis
2822 2842 3083 2898 orantes?
3118 2838 3293 2908 Atque
3332 2837 3384 2892 id
3407 2836 3625 2908 quidem

2046 2947 2117 3003 de
2153 2947 2252 3013 iis,
2283 2943 2375 3016 qui
2426 2943 2479 2998 in
2525 2941 2628 2996 lide
2674 2939 3061 2994 decesserunt:
3099 2933 3465 2988 cateclmmeni
3511 2944 3638 2986 vero

2049 3053 2222 3108 neque
2252 3037 2351 3092 hac
2374 3034 2660 3105 dignantur
2683 3028 3055 3085 consolatione
3074 3067 3090 3092 ,
3128 3024 3221 3079 sed
3252 3024 3396 3078 otnni
3423 3024 3623 3078 auxilio

2050 3140 2180 3186 sunt
2202 3128 2465 3193 destituti,
2494 3140 2600 3181 uno
2621 3122 2854 3194 quodam
2881 3129 3126 3187 excepto.
3155 3118 3326 3185 Quale
3349 3132 3478 3172 vero
3504 3117 3553 3170 In
3573 3116 3638 3170 e?

2051 3224 2205 3280 Licet
2235 3220 2559 3294 pauperibus
2602 3234 2699 3289 pro
2737 3216 2867 3286 ipsis
2894 3214 3060 3278 dare,
3099 3224 3261 3281 atque
3289 3209 3416 3265 hinc
3435 3206 3638 3279 aliquid

2056 3316 2357 3387 percipiunt
2379 3308 2804 3381 refrigerationis
2834 3322 2850 3362 ;
2877 3306 2991 3359 vult
3010 3304 3154 3359 enim
3193 3303 3334 3356 Deus
3354 3342 3370 3365 ,
3401 3314 3457 3354 ut
3485 3299 3639 3355 nobis

2057 3416 2296 3464 mutuum
2348 3403 2604 3458 auxilium
2661 3398 2973 3454 affet-amns.
3041 3394 3245 3463 Ecquid
3297 3393 3442 3448 enim
3498 3389 3642 3445 aliud

2058 3514 2234 3554 causa:
2260 3496 2331 3552 sit
2359 3537 2376 3563 ,
2405 3510 2501 3551 cur
2530 3508 2625 3563 pro
2648 3506 2778 3561 pace
2803 3498 2860 3545 et
2884 3488 3026 3543 bono
3049 3485 3232 3540 numdi
3260 3493 3406 3538 statu
3435 3480 3645 3552 precari

2054 3588 2316 3662 jusserit?
2339 3601 2437 3642 cur
2457 3600 2556 3655 pro
2578 3581 2827 3638 omnibus
2867 3573 3218 3632 hominibus?
3249 3572 3380 3628 Nam
3413 3571 3501 3626 hic
3521 3571 3643 3638 qui—

2063 3686 2185 3741 dum
2211 3682 2353 3739 inter
2379 3692 2568 3735 omnes
2610 3685 2737 3732 sunt
2781 3673 2941 3731 etiam
2973 3672 3210 3726 latrones
3230 3710 3247 3735 ,
3273 3668 3646 3739 sepulcrorum

2063 3776 2369 3841 ell'ossores,
2401 3771 2547 3827 fures
2567 3810 2583 3835 ,
2623 3779 2785 3839 atque
2810 3766 2900 3821 alii
2927 3762 3198 3820 sexcentis
3225 3769 3497 3816 scatentes
3524 3774 3640 3813 ma-

2064 3873 2133 3929 lis
2158 3889 2173 3928 :
2203 3881 2437 3928 attamen
2466 3883 2562 3938 pro
2592 3863 2845 3920 omnibus
2878 3874 3162 3933 precamur
3192 3875 3207 3912 :
3238 3857 3341 3913 erit
3365 3855 3509 3912 enim
3540 3853 3654 3908 lor-

2068 3976 2213 4023 tasse
2259 3962 2504 4035 quzedam
2547 3960 2787 4031 ipsorum
2838 3954 3143 4013 conversio.
3192 3948 3655 4019 Quemadmodum

2070 4060 2231 4131 igitur
2259 4071 2356 4128 pro
2379 4052 2683 4109 viventibus
2713 4049 2830 4105 istis
2874 4061 3158 4120 precamur
3180 4085 3195 4109 ,
3222 4045 3312 4114 qui
3344 4041 3479 4097 nihil
3502 4056 3533 4095 a
3562 4055 3658 4094 ca-

2069 4130 2360 4207 daveribus
2384 4145 2638 4202 dilfernnt
2665 4138 2681 4198 ξ
2708 4143 2781 4198 ita
2821 4155 2921 4211 pro
2949 4138 3058 4193 illis
3080 4136 3244 4192 etiam
3275 4132 3480 4204 precari
3512 4130 3657 4186 licet.

2070 4244 2175 4302 Job
2220 4257 2316 4314 pro
2366 4222 2787 4295 filiisfsacrilieia
2828 4232 3078 4296 faciebat,
3108 4239 3162 4284 ct
3191 4229 3338 4297 ipsos
3360 4241 3390 4280 a
3421 4225 3659 4296 peccatis

2075 4336 2373 4400 liberabat;
2407 4331 2490 4387 Nc
2513 4330 2635 4401 quid
2683 4332 2829 4401 forte,
2857 4325 3063 4396 inquit,
3085 4319 3419 4391 cogitaverim
3448 4318 3504 4370 in
3545 4330 3663 4369 cor-

2074 4431 2221 4484 dibus
2260 4428 2366 4482 suis
2392 4428 2410 4497 (
2440 4424 2539 4479 Job
2570 4425 2620 4478 1.
2653 4423 2750 4493 5).
2786 4421 2896 4475 lloc
2925 4415 3087 4472 modo
3124 4412 3423 4471 consulitur
3459 4409 3660 4464 liberis.

2074 4522 2193 4579 Non
2238 4520 2488 4581 dicebat,
2516 4513 2661 4587 quod
2699 4512 2941 4584 plerique
2986 4523 3129 4563 nunc
3168 4505 3416 4559 homines
3464 4504 3664 4567 solent,

2077 4615 2221 4686 Opes
2246 4613 2353 4668 illis
2378 4609 2676 4679 relinquam
2705 4626 2719 4662 :
2745 4620 2850 4659 non
2875 4600 3108 4680 dicebat,
3131 4597 3366 4653 Gloriam
3387 4596 3492 4649 illis
3518 4607 3669 4647 com-

2081 4706 2283 4779 parabo
2311 4723 2326 4760 :
2357 4719 2464 4759 non
2502 4699 2748 4763 dicebat,
2790 4694 3068 4751 Mercabor
3119 4688 3479 4761 principatum
3513 4702 3529 4738 :
3560 4700 3668 4736 non

2081 4777 2327 4865 dicebat,
2356 4800 2530 4867 Agros
2555 4807 2730 4849 emam
2764 4806 2778 4844 :
2811 4786 2907 4844 sed
2931 4783 3103 4856 quid?
3144 4780 3229 4836 Ne
3268 4778 3392 4850 quid
3419 4777 3671 4847 cogitave-

2082 4892 2185 4949 rint
2211 4892 2261 4946 in
2283 4888 2517 4944 cordibus
2545 4885 2666 4941 suis.
2701 4883 2831 4950 Qua:
2851 4879 2995 4934 enim
3026 4891 3090 4931 ex
3120 4874 3282 4928 rebus
3311 4871 3418 4925 illis
3445 4868 3672 4923 utilitas.

2084 5002 2205 5041 cum
2235 4984 2319 5036 hie
2351 4977 2594 5035 restent?
2618 4974 2792 5030 Nulla.
2838 4970 2988 5037 Illum
3014 5008 3029 5032 ,
3060 4965 3229 5035 inquit
3248 5003 3264 5027 ,
3292 4959 3531 5015 omnium
3563 4958 3671 5010 lie-

2085 5092 2204 5148 grtn
2247 5070 2535 5143 propitium
2581 5063 2712 5135 ipsis
2752 5059 3006 5118 reddam;
3034 5066 3089 5111 et
3130 5053 3262 5107 nihil
3294 5052 3428 5120 ipsts
3452 5046 3676 5116 postlnc

2087 5169 2280 5225 deerit.
2306 5163 2482 5233 lnquit
2508 5157 2675 5221 enim,
2704 5152 2955 5207 Dominus
2982 5147 3141 5219 pascit
3171 5158 3266 5206 me,
3298 5152 3346 5195 et
3391 5137 3521 5193 nihil
3553 5135 3675 5189 mihi

2089 5260 2243 5317 deerit
2276 5229 2463 5324 (an.
2492 5251 2584 5305 se.
2618 5248 2692 5319 l).
2727 5247 2851 5300 llzrc
2894 5252 2977 5297 ι-ει
3026 5254 3216 5308 magna
3249 5233 3556 5304 opulentia,
3590 5229 3680 5282 hic

2091 5320 2375 5410 thesaurus
2407 5356 2494 5404 est
2523 5363 2537 5399 :
2585 5345 2630 5399 si
2681 5341 2772 5397 Dei
2802 5340 3051 5393 timorem
3086 5331 3380 5387 babsamus
3404 5366 3423 5396 ,
3474 5320 3674 5381 nullius

2093 5448 2168 5502 rei
2199 5442 2511 5515 egebimus;
2541 5436 2625 5492 sin
2652 5434 2830 5489 minus
2856 5472 2871 5497 ,
2904 5424 3115 5483 tametsi
3158 5435 3383 5492 regnum
3427 5416 3679 5473 obtinea-

2095 5554 2215 5595 mus
2239 5580 2256 5605 ,
2305 5533 2559 5590 omnibus
2593 5525 2897 5584 hominibus
2935 5519 3107 5589 magis
3153 5526 3417 5585 pauperes
3470 5519 3678 5564 sumus.

2093 5632 2237 5689 Nihil
2266 5629 2318 5686 ei
2349 5642 2447 5699 par
2493 5621 2716 5681 inveniri
2770 5623 2967 5688 potest,
2999 5612 3090 5682 qui
3123 5610 3288 5665 Deum
3330 5605 3481 5658 timet
3511 5615 3527 5654 :
3557 5612 3681 5652 nam

2096 5725 2292 5787 Timor,
2319 5719 2509 5788 inquit,
2531 5712 2760 5775 Domini,
2782 5723 2934 5779 super
2955 5701 3124 5758 (nimia
3138 5692 3528 5767 «superposuit
3554 5688 3681 5760 (Ec-

2098 5828 2184 5884 cli.
2214 5824 2306 5881 25.
2332 5817 2438 5890 l1).
2473 5814 2622 5870 llunc
2644 5806 2798 5865 nobis
2822 5810 3214 5873 comparemus,
3250 5807 3345 5865 pro
3373 5790 3473 5845 hoc
3502 5782 3684 5842 onntia
