4044 6202
270 345 377 403 205

268 570 369 624 pus
396 552 803 618 trucidandum,
832 569 939 606 non
970 552 1091 607 ideo
1118 554 1443 624 refugiamus
1469 569 1483 618 ;
1526 556 1704 608 omnia
1736 570 1857 623 qua:

266 648 459 700 decent
501 643 780 707 faciamus,
833 653 892 697 ut
949 642 1091 698 hunc
1143 644 1388 698 timorem
1443 659 1857 714 consrquamur.

268 736 381 791 Hoc
412 736 559 791 enim
600 734 761 790 modo
786 744 839 789 et
860 736 1111 790 omnibus
1142 736 1345 791 erimus
1370 736 1776 808 opulentiores,
1806 745 1861 792 et

1177 346 1240 403 IN
1282 346 1497 405 EPiST.
1539 349 1631 405 AD
1672 348 1959 405 PlllLlPP.
2001 348 2153 403 CAP.
2198 347 2236 402 Ι.
2279 348 2512 404 IIOMIL.
2559 348 2647 407 IV.

179 520 195 529 ,
268 461 565 521 iaciamus;
602 460 815 516 etiamsi
848 459 1117 516 reddenda
1158 462 1333 514 anima
1361 461 1468 525 sit,
1498 460 1705 516 etiamsi
1738 475 1857 515 cor-

3456 361 3561 421 206

1968 461 2140 514 futura
2182 476 2576 532 consequemur
2614 462 2777 529 bona,
2826 465 2877 519 in
2926 465 3141 521 Christo
3169 469 3294 525 Jcsu
3334 473 3560 531 Domino

1968 562 2177 618 nostro,
2211 569 2331 607 cum
2363 569 2468 624 quo
2501 554 2643 609 Patri
2671 556 2827 611 simul
2859 573 2980 613 cum
3005 572 3192 615 saneto
3218 563 3414 633 Spiritu
3441 572 3558 637 glo-

1967 646 2068 710 ria,
2098 645 2357 715 potentia,
2378 656 2432 701 et
2455 646 2647 716 honor,
2682 664 2826 706 nunc
2850 661 2904 707 et
2932 668 3165 725 semper,
3201 666 3253 713 et
3279 657 3332 712 in
3361 663 3589 717 sarcula‘

1962 741 2307 798 smeulorum.
2343 744 2536 797 Amen.

1932 897 2140 911 -η

1739 968 2083 1033 HOMILIA
2131 973 2239 1035 ιν.

262 1117 394 1172 (Συ.
434 1116 480 1171 l.
509 1115 598 1172 22.
638 1115 702 1171 Et
730 1115 853 1186 quid
881 1116 1086 1187 eligam,
1118 1118 1313 1189 ignoro.
1342 1116 1433 1171 25.
1465 1115 1713 1172 Coarctor
1757 1132 1853 1168 an-

338 1221 436 1261 tem
466 1209 685 1274 duobus,
716 1208 1022 1263 desiderium
1049 1212 1236 1263 habens
1267 1209 1478 1263 dissolvi
1505 1218 1551 1263 et
1594 1224 1701 1262 esse
1743 1224 1857 1260 cum

337 1300 585 1363 Christo;
632 1299 792 1353 multo
830 1299 965 1352 enim
1005 1300 1165 1368 magis
1196 1301 1376 1353 melius
1400 1316 1418 1352 :
1439 1298 1529 1353 26.
1561 1314 1859 1367 permanere

334 1410 504 1453 autem
530 1398 583 1451 in
616 1413 773 1451 came
802 1398 964 1467 magis
993 1396 1333 1450 necessarium
1373 1405 1579 1462 promer
1617 1408 1721 1446 vos.
1762 1391 1853 1446 25.

336 1487 403 1543 Et
432 1490 527 1543 hoc
568 1490 835 1557 conﬁdens
872 1488 977 1542 scio
1008 1488 1128 1558 quia
1169 1487 1380 1540 manebo
1402 1525 1417 1551 ,
1449 1495 1494 1539 et
1532 1483 1856 1539 connuauebo

334 1582 567 1637 omnibus
586 1583 723 1636 vobis
745 1582 813 1634 ad
830 1584 1107 1651 profectum
1130 1590 1345 1634 vestrum
1370 1588 1414 1631 et
1432 1577 1675 1648 gaudium
1696 1577 1816 1645 [idsi
1835 1593 1854 1630 :

330 1674 423 1728 26.
449 1683 502 1725 ut
529 1674 697 1744 gloria
722 1676 772 1727 io
800 1683 965 1726 vestra
994 1672 1213 1725 abundet
1237 1673 1289 1723 in
1314 1668 1517 1726 Christo
1538 1667 1664 1722 Jesu
1704 1669 1755 1721 in
1779 1685 1857 1719 me

332 1782 423 1834 per
446 1780 615 1817 meum
634 1764 903 1817 adventum
924 1763 1107 1816 iterum
1128 1762 1196 1815 ad
1218 1777 1325 1816 ros.

333 1857 389 1911 1.
432 1856 575 1911 Nihil
602 1856 747 1910 Pauli
772 1856 948 1909 anima
979 1855 1185 1909 beatius
1207 1895 1222 1921 ,
1254 1854 1505 1923 quoniam
1537 1853 1664 1907 nihil
1693 1853 1851 1907 etiam

269 1947 447 2017 magis
477 1962 810 2017 generosum.
836 1946 989 2001 Nune
1014 1961 1142 2002 vero
1171 1955 1356 2001 contra
1385 1946 1454 2001 de
1473 1945 1722 2000 omnibus
1746 1944 1852 1999 dici

271 2048 457 2108 potest
487 2056 501 2091 :
539 2038 668 2093 nihil
698 2038 845 2092 nobis
873 2037 1155 2103 inﬁrmius,
1190 2036 1320 2092 nihil
1365 2036 1633 2091 miserius.
1682 2036 1851 2104 l‘r0p-

270 2140 417 2187 terea
451 2145 638 2185 omnes
668 2130 942 2185 horremus
971 2140 1222 2195 mortem,
1257 2131 1450 2200 partim
1476 2129 1694 2200 quidem
1724 2144 1851 2199 pec-

257 2236 505 2279 catorum
555 2224 895 2279 multitudine
941 2224 1145 2293 gravati
1172 2265 1185 2287 ,
1234 2238 1459 2293 quorum
1504 2238 1602 2292 ego
1641 2236 1853 2292 cinoque

258 2334 398 2371 unus
419 2332 573 2380 sum;
603 2317 795 2385 partim
823 2331 952 2370 vero
979 2318 1101 2369 vita:
1131 2315 1329 2385 cupidi,
1359 2324 1414 2370 et
1440 2314 1574 2370 mori
1598 2313 1850 2368 miserum

254 2407 519 2461 ducentes
548 2422 561 2459 :
589 2405 782 2477 quibus
813 2420 912 2476 ego
947 2406 1149 2460 utinam
1181 2421 1470 2475 numquam
1498 2403 1849 2458 adnumerer!

253 2498 522 2553 animales
541 2498 687 2554 enim
716 2508 861 2563 sunt,
890 2500 979 2566 qui
1006 2497 1147 2551 hunc
1176 2498 1424 2552 timorem
1455 2497 1661 2551 timent.
1709 2495 1852 2564 Ergo

258 2591 383 2656 hoc,
414 2589 558 2658 quod
590 2604 781 2644 omnes
812 2589 1115 2654 horremus,
1149 2588 1238 2642 ille
1266 2589 1484 2657 optabat
1504 2630 1519 2654 ,
1552 2602 1725 2657 eoque
1769 2587 1852 2640 iu-

254 2679 581 2744 cumbebat,
617 2680 687 2733 ita
719 2679 905 2734 dicens
934 2696 947 2732 :
982 2678 1204 2733 Dissolvi
1244 2679 1401 2732 multo
1436 2679 1596 2749 magis
1636 2678 1812 2733 melius
1833 2721 1847 2743 ,

252 2785 298 2826 et
320 2772 449 2840 quid
476 2773 684 2841 eligam,
714 2773 913 2842 ignoro.
942 2771 1079 2839 Quid
1109 2773 1227 2827 ais?
1256 2788 1376 2826 cum
1409 2772 1531 2825 hinc
1555 2771 1737 2826 abiens
1783 2772 1849 2826 ad

253 2865 447 2920 uelum
473 2865 550 2919 sis
577 2864 918 2933 migraturus,
949 2875 1001 2919 et
1027 2881 1149 2919 cuzu
1182 2863 1395 2919 Christo
1428 2865 1633 2917 futurus
1653 2904 1666 2923 .
1700 2864 1850 2933 igno-

256 2974 343 3011 ras
366 2956 499 3026 quid
525 2956 730 3025 eligas?
752 2956 858 3012 Sed
880 2956 1034 3024 longe
1055 2959 1171 3012 haec
1196 2956 1390 3009 absunt
1416 2971 1444 3009 a
1474 2954 1624 3010 Pauli
1650 2955 1850 3009 anima.

257 3050 386 3117 Quis
419 3049 567 3104 enim
599 3048 790 3115 luerit,
822 3048 904 3103 cui
936 3048 979 3102 si
1008 3048 1124 3102 h:ec
1152 3064 1275 3103 vere
1303 3047 1561 3102 olleratur
1588 3047 1846 3112 conditio,

258 3158 362 3193 non
378 3140 530 3193 illam
553 3141 943 3209 quamprimum
958 3139 1211 3210 arripiat?
1233 3139 1414 3206 Certe,
1435 3140 1626 3210 inquit,
1650 3154 1808 3193 nemo
1831 3153 1847 3192 :

257 3246 285 3283 s
318 3231 351 3284 d
382 3230 836 3301 quemadmodum
867 3232 1083 3285 tninime
1111 3243 1355 3286 nostrum
1404 3241 1488 3286 est
1528 3247 1686 3301 posse
1722 3231 1848 3285 illtul

259 3321 466 3381 dicere.
496 3319 665 3390 Cupio
687 3321 931 3385 disSolvi,
962 3331 1017 3377 et
1040 3337 1159 3376 esse
1180 3337 1300 3376 cum
1328 3323 1545 3377 Christo
1578 3340 1591 3377 :
1625 3323 1694 3376 ita
1726 3337 1847 3376 cum

261 3411 311 3465 id
336 3413 556 3481 assequi
587 3412 763 3477 liceat,
792 3412 1015 3468 minimc
1042 3424 1283 3468 nostrum
1333 3425 1414 3467 est
1438 3456 1454 3478 ,
1505 3413 1593 3468 hic
1634 3430 1851 3468 manere

260 3504 442 3565 velle;
472 3502 569 3557 sed
597 3512 878 3572 tttrmnque
907 3504 1053 3558 Pauli
1082 3513 1184 3568 est,
1215 3513 1270 3558 et
1296 3505 1437 3559 illius
1467 3505 1681 3557 auiune.
1712 3503 1849 3571 Quid

257 3608 363 3662 est,
385 3596 530 3666 quod
547 3595 715 3651 dicis?
742 3596 883 3650 nosti
899 3611 961 3651 ac.
988 3611 1085 3666 pro
1111 3609 1386 3664 comperto
1419 3596 1584 3649 habes
1614 3596 1744 3649 l'utm
1761 3613 1849 3648 om

262 3702 313 3744 te
345 3706 469 3745 esse
497 3705 621 3744 cum
650 3688 884 3752 Christo,
911 3699 966 3744 et
994 3690 1207 3744 hzesitas
1234 3704 1297 3743 ac
1322 3690 1478 3753 dicis,
1513 3686 1649 3752 Quid
1668 3687 1852 3757 eligunt

261 3780 475 3834 nescio?
503 3795 677 3850 neque
710 3782 811 3834 hoc
857 3788 1060 3834 tantum
1086 3818 1102 3841 .
1142 3778 1238 3834 sed
1291 3779 1453 3832 etiam
1501 3778 1589 3833 hic
1633 3794 1852 3833 manere

262 3873 418 3942 eligis
440 3872 465 3924 ?
490 3870 722 3935 Manere,
756 3870 996 3940 inquam,
1028 3870 1078 3923 in
1100 3870 1301 3924 carne?
1328 3868 1465 3937 Quid
1518 3869 1629 3922 ita?
1675 3884 1852 3923 nonne

262 3964 517 4018 acerbam
549 3964 709 4018 vitam
740 3964 1019 4018 ducebas?
1048 3963 1098 4017 in
1130 3963 1343 4034 vigiliis,
1375 3964 1426 4017 in
1452 3962 1758 4031 naufragiis,
1798 3963 1848 4017 in

264 4055 408 4109 fatue
434 4064 488 4109 et
508 4055 598 4108 siti
629 4064 685 4109 et
707 4055 970 4118 nuditate,
1003 4055 1053 4107 iu
1076 4055 1218 4109 curis
1258 4063 1314 4107 et
1358 4054 1849 4117 sollicitudinibus;

262 4161 387 4200 cum
417 4146 515 4207 iis.
550 4145 640 4212 qui
693 4146 1139 4211 iulirmabantur,
1190 4144 1588 4211 iulirmabaris;
1637 4155 1853 4215 propter

264 4254 379 4303 cos,
403 4241 495 4309 qui
528 4241 579 4293 in
611 4240 919 4293 scandalum
953 4238 1274 4302 incidebant,
1300 4240 1561 4293 urebaris.
1583 4237 1647 4292 In
1670 4238 1850 4304 multa,

266 4333 481 4402 inquit,
514 4332 781 4401 patientia,
810 4332 863 4383 in
900 4332 1329 4396 tribulationibus,
1359 4333 1411 4385 in
1449 4333 1846 4395 necessitatibus,

263 4423 314 4475 in
340 4424 611 4492 angustiis,
642 4424 691 4476 in
720 4424 905 4493 plagis,
934 4425 987 4475 in
1013 4424 1319 4487 carceribus,
1344 4426 1395 4476 in
1418 4423 1746 4477 seditionibus
1766 4464 1781 4485 ,
1803 4425 1853 4476 iu

257 4514 496 4582 jrjttttiis,
521 4514 574 4566 in
595 4516 824 4568 castitate
857 4514 949 4582 (9..
984 4516 1100 4567 Cor.
1129 4516 1180 4569 6.
1211 4516 1263 4569 4.
1294 4515 1327 4570 5
1351 4516 1390 4584 ).
1422 4515 1701 4587 Quinquies
1727 4534 1854 4587 qna-

267 4603 522 4673 dragenas
554 4621 653 4657 una
677 4606 841 4657 minus
862 4606 1055 4675 accepi,
1080 4615 1153 4660 ter
1173 4607 1326 4676 virgis
1348 4622 1511 4661 rwsns
1538 4623 1649 4660 sum
1665 4648 1680 4671 ,
1703 4609 1855 4660 semel

267 4695 526 4765 lapidatus
543 4713 679 4762 sum,
704 4707 848 4751 nocte
872 4707 917 4751 et
942 4698 1027 4751 die
1046 4700 1098 4750 in
1122 4699 1378 4766 profundo
1401 4699 1555 4751 maris
1578 4699 1655 4768 [ni
1674 4714 1692 4762 ,'
1722 4699 1857 4767 peri-

268 4788 394 4840 culis
423 4788 716 4856 (lautianm,
743 4788 979 4857 periculis
998 4788 1277 4852 latronum,
1302 4790 1537 4857 periculis
1558 4792 1610 4841 in
1635 4789 1849 4855 civitate,

268 4879 503 4932 periculis
534 4879 586 4931 in
612 4880 906 4940 solitudine.
932 4879 1171 4948 periculis
1207 4881 1259 4932 in
1286 4879 1432 4949 falsis
1464 4879 1707 4950 fratribus
1758 4879 1853 4949 (2.

266 4968 385 5025 Sor.
420 4972 507 5025 Η.
541 4968 633 5025 il.
665 4968 781 5039 2t»).
811 4970 1002 5026 Nonne
1022 4987 1146 5027 cum
1169 4980 1278 5026 tota
1304 4971 1612 5027 Galatarum
1637 4988 1768 5041 gens
1789 4971 1854 5026 ad

264 5060 397 5130 legis
423 5062 858 5117 observationem
884 5079 1100 5120 reversa
1130 5075 1296 5129 esset,
1326 5063 1597 5120 clamabas
1624 5066 1807 5119 dic-eus
1838 5080 1852 5117 :

265 5155 366 5220 Qui
399 5156 450 5207 in
472 5156 578 5226 lege
591 5156 971 5226 justi/icantini,
996 5174 1028 5209 a
1051 5157 1219 5228 gratia
1241 5158 1497 5212 excidisti:
1519 5155 1660 5218 (Cal.
1773 5155 1855 5224 6)?

260 5251 441 5315 Quem
461 5259 584 5304 tunc
604 5251 805 5306 luctum
838 5265 946 5304 non
973 5249 1232 5305 hausisti?
1261 5261 1421 5319 atque
1449 5249 1623 5304 adhuc.
1654 5251 1854 5303 tluxam

260 5339 407 5395 hanc
435 5340 594 5394 vitam
626 5339 947 5396 desideras?
982 5339 1111 5394 Nam
1140 5338 1351 5394 tametsi
1382 5339 1514 5393 uinil
1543 5340 1730 5392 borum
1761 5338 1854 5393 tibi

259 5434 581 5498 accidisset,
614 5444 669 5489 et
697 5434 1128 5503 quibuscumque
1152 5441 1299 5487 recte
1327 5430 1650 5501 lungcbaris,
1676 5431 1856 5501 quiete

263 5534 315 5577 et
338 5540 463 5578 cum
492 5525 766 5592 voluptate
792 5528 1003 5580 functus
1034 5541 1184 5580 esses
1217 5541 1230 5577 :
1264 5539 1441 5577 nonne
1471 5533 1646 5578 tamen
1690 5537 1855 5590 opor-

263 5619 404 5674 tebat
437 5617 643 5673 incerta
675 5616 835 5671 futuri
863 5619 1121 5687 temporis
1146 5618 1615 5689 pertimescentem
1641 5614 1706 5669 ad
1735 5630 1857 5685 por-

264 5720 372 5767 tum
399 5712 637 5784 aliquem
665 5709 1035 5766 contendere?
1060 5710 1253 5783 Ecquis
1282 5720 1551 5766 mercator
1575 5709 1694 5765 navi
1733 5724 1854 5764 vec-

266 5811 353 5857 tus
396 5803 867 5861 iunumerabilimu
920 5802 1292 5860 thesaurorum
1349 5805 1542 5876 plena,
1596 5803 1639 5859 si
1696 5802 1853 5858 liccat

1967 1116 2153 1171 subire
2183 1130 2394 1185 portum
2427 1134 2489 1174 ac
2530 1121 2910 1191 requiescere,
2956 1126 3087 1180 tnari
3139 1127 3313 1183 adhuc
3358 1132 3549 1195 jactari

1966 1209 2113 1262 malit
2134 1210 2157 1263 ?
2182 1211 2365 1280 ecquis
2390 1211 2611 1279 athleta,
2634 1229 2755 1268 cum
2776 1213 2931 1270 liceat
2948 1232 3145 1272 corona
3171 1221 3347 1288 potiri,
3376 1221 3553 1275 adhuc.

1962 1313 2172 1356 certare
2201 1304 2475 1371 postulet?
2504 1306 2687 1374 ecquis
2713 1307 2888 1376 pugil,
2924 1323 3045 1362 cum
3074 1325 3334 1364 coronam
3383 1314 3551 1380 possit

1964 1395 2228 1462 aeripere,
2263 1397 2412 1451 maiit
2439 1413 2625 1454 rursus
2668 1399 2719 1453 iu
2765 1411 3036 1455 certamen
3085 1401 3453 1465 descendere,
3497 1415 3551 1458 et

1963 1500 2117 1539 suum
2164 1487 2329 1556 ipsius
2386 1500 2545 1558 caput
2589 1493 2977 1547 concidendum
3027 1496 3312 1563 prodiero?
3362 1502 3548 1563 ecquis

1962 1576 2093 1642 dux,
2117 1579 2256 1648 quia
2281 1578 2418 1633 bello
2439 1597 2557 1634 cum
2581 1583 2746 1651 gloria
2800 1592 2853 1635 cl
2876 1583 3091 1652 tropa-is
3122 1585 3333 1640 liberari
3360 1600 3537 1657 queat,

1962 1682 2014 1723 rt
2043 1687 2162 1725 cum
2195 1687 2318 1739 rege
2349 1671 2399 1725 in
2430 1674 2570 1741 regia
2600 1674 2812 1742 quietus
2843 1676 3037 1744 degere
3068 1693 3232 1743 seque
3253 1678 3543 1743 oblectare,

1961 1762 2134 1818 adhuc
2164 1773 2217 1816 et
2242 1763 2434 1817 sudare
2458 1774 2735 1834 prazoptet,
2765 1776 2810 1816 et
2839 1766 2889 1818 in
2918 1766 3084 1819 aciein
3119 1768 3373 1835 prodire?
3402 1770 3548 1836 Quo-

1962 1854 2119 1909 modo
2146 1855 2305 1925 igitur
2329 1856 2464 1911 adeo
2510 1857 2757 1911 acerbam
2811 1860 2971 1910 vitam
3018 1858 3204 1912 vivens
3249 1860 3421 1914 adhuc
3468 1863 3547 1915 vis

1964 1948 2013 1999 in
2047 1950 2205 2001 terris
2232 1950 2495 2003 manere?
2523 1967 2700 2006 annon
2732 1960 2819 2005 tua
2850 1963 2973 2005 sunt
3001 1953 3099 2007 ista
3131 1956 3328 2010 verba?
3376 1955 3546 2009 Timeo

1960 2057 2023 2093 ne
2043 2044 2315 2111 forte,cnm
2341 2041 2456 2095 aliis
2481 2044 2858 2111 prtedicaverim
2881 2086 2894 2106 ,
2926 2043 3036 2112 ipse
3077 2045 3320 2114 reprobus
3360 2047 3547 2118 cﬁriar

1960 2133 1979 2199 (
2004 2132 2051 2186 1.
2086 2131 2205 2185 Cor.
2237 2132 2291 2188 9.
2319 2132 2387 2186 27
2409 2136 2448 2202 ).
2478 2132 2535 2188 Si
2565 2134 2693 2187 nihil
2725 2133 2868 2187 aliud
2897 2146 3153 2204 prmterea
3195 2152 3371 2191 causa!
3418 2137 3546 2190 luis-

1959 2233 2070 2285 set,
2104 2222 2218 2278 hmc
2245 2223 2376 2278 satis
2399 2234 2513 2280 erat
2540 2267 2554 2284 .
2584 2240 2691 2295 quo
2721 2226 2971 2281 liberatio
2997 2226 3396 2282 desideraretur
3436 2243 3449 2279 :
3498 2228 3543 2281 si

1961 2313 2440 2370 innumerabilibus
2467 2315 2621 2371 bonis
2649 2332 2887 2385 prmsens
2932 2319 3036 2372 vita
3081 2316 3443 2382 abundasset,
3476 2320 3544 2372 ab

1962 2404 2061 2459 hac
2106 2414 2281 2460 tamen
2339 2406 2551 2461 liberari
2602 2409 2892 2476 optandum
2938 2420 3088 2474 erat,
3125 2411 3194 2462 ob
3234 2410 3541 2473 Christum,

1959 2512 2116 2567 quem
2144 2497 2505 2551 desiderabas.
2534 2498 2579 2553 Ο
2611 2499 2754 2554 Pauli
2791 2502 3056 2555 animant!
3086 2501 3214 2555 nihil
3240 2501 3313 2555 illi
3345 2518 3437 2571 par
3453 2514 3544 2557 aut

1959 2588 2076 2644 fuit.
2101 2597 2193 2641 aut
2221 2588 2452 2643 futurum
2474 2599 2575 2644 est.
2595 2591 2778 2645 Times
2800 2592 2844 2646 si
2872 2593 2924 2645 in
2946 2593 3045 2647 hac
3066 2593 3170 2646 vita
3203 2608 3541 2661 permaneas,

1958 2679 2084 2748 quid
2120 2679 2352 2735 futurum
2381 2680 2491 2742 sit;
2524 2680 2818 2736 innumeris
2842 2684 2993 2736 malis
3025 2684 3324 2752 implicatus
3361 2701 3418 2739 es
3444 2726 3458 2747 ,
3488 2694 3545 2739 et

1961 2780 2136 2824 tamen
2166 2785 2381 2825 recusas
2405 2772 2545 2836 apud
2577 2771 2850 2826 Christum
2881 2774 3039 2826 esse?
3069 2772 3299 2836 llecuso,
3331 2773 3496 2842 inquit
3526 2815 3539 2836 ,

1960 2860 2118 2930 idque
2148 2871 2363 2931 propter
2396 2860 2668 2917 Christum
2703 2880 2717 2919 :
2752 2875 2806 2917 nt
2836 2878 2969 2933 quos
2993 2863 3065 2917 illi
3094 2865 3274 2933 paravi
3320 2878 3505 2917 servos
3526 2906 3540 2925 .

1961 2954 2166 3009 lirmius
2193 2955 2243 3007 in
2274 2955 2414 3009 illius
2441 2972 2625 3011 amore
2648 2957 2912 3011 stabiliam
2949 2974 2962 3010 :
2992 2968 3046 3010 ιιι
3077 2972 3141 3012 es
3187 2972 3348 3026 agro,
3380 2972 3541 3027 quem

1959 3046 2211 3115 plantavi,
2240 3046 2439 3101 fluetus
2459 3046 2675 3118 decerpi
2704 3064 2910 3104 curem.
2934 3048 3049 3103 Non
3080 3049 3298 3113 audisti,
3329 3065 3539 3105 menon

1957 3152 2197 3207 quarrere
2224 3139 2363 3207 quod
2394 3140 2522 3195 mihi
2567 3141 2695 3195 utile
2742 3152 2859 3205 est,
2906 3142 3000 3195 sed
3049 3141 3189 3211 quod
3242 3141 3545 3211 proximis?

1959 3244 2064 3283 non
2088 3230 2305 3295 audisti,
2335 3231 2464 3286 mihi
2496 3233 2546 3287 in
2573 3235 2769 3302 optatis
2800 3233 2962 3287 fuisse
3011 3234 3295 3288 anathema
3348 3235 3462 3289 ﬁeri
3510 3251 3540 3289 a

1956 3320 2192 3384 Christo,
2222 3337 2329 3392 quo
2354 3324 2504 3377 multi
2531 3324 2596 3377 ad
2627 3324 2773 3377 illum
2808 3325 3089 3378 venirent?
3115 3324 3214 3393 Qui
3239 3325 3364 3380 illttd
3382 3326 3537 3395 elegi,

1959 3428 2063 3466 non
2094 3413 2452 3483 multomagis
2480 3412 2579 3467 hoc
2605 3415 2819 3483 eligam,
2851 3426 2901 3469 ut
2931 3416 3186 3470 damnum
3223 3419 3335 3485 ipse
3356 3432 3420 3471 ex
3445 3404 3544 3470 hac

1959 3520 2108 3557 mora
2139 3514 2193 3558 et
2218 3503 2471 3558 dilatione
2501 3506 2690 3573 patiar,
2718 3521 2826 3575 quo
2852 3506 2955 3560 illis
2990 3507 3167 3577 aliqua
3207 3507 3273 3561 ad
3315 3507 3542 3562 salutent

1957 3596 2194 3651 accessio
2225 3596 2309 3648 liat
2330 3596 2351 3649 ’ἒ

2030 3686 2187 3740 l’anli
2208 3687 2403 3741 laudes.
2430 3717 2499 3730 -
2524 3688 2651 3753 Quis
2689 3688 2918 3757 loquetur
2941 3690 3190 3759 potentias
3216 3700 3328 3743 tuas
3350 3691 3368 3759 (
3397 3689 3539 3744 l’sal.

1959 3778 2081 3833 105.
2112 3777 2208 3843 2),
2247 3778 2488 3841 Domine.
2520 3779 2610 3847 qui
2643 3778 2862 3833 Paulum
2893 3781 3109 3835 minime
3135 3782 3301 3837 latere
3327 3783 3539 3848 siveris,

1957 3871 2046 3940 qui
2075 3871 2231 3923 talem
2262 3870 2431 3924 virum
2454 3872 2570 3925 orbi
2592 3872 2934 3927 ostenderis?
2963 3872 3269 3927 Laudarunt
3287 3885 3336 3928 te
3353 3890 3544 3929 omnes

1959 3962 2130 4031 angeli
2156 3978 2261 4016 uno
2287 3962 2467 4018 animo
2490 4003 2505 4023 .
2533 3978 2655 4017 cum
2682 3972 2824 4017 astra
2852 3963 3139 4018 fabricatus
3170 3980 3229 4019 es
3272 3973 3327 4018 et
3370 3965 3541 4038 solem

1958 4052 2103 4122 (Job
2133 4054 2224 4109 58.
2255 4055 2358 4123 7);
2391 4054 2485 4109 sed
2541 4070 2644 4109 non
2699 4055 2921 4124 perinde
2956 4066 3114 4125 atque
3158 4072 3223 4111 eo
3266 4066 3538 4126 tempore,

1958 4163 2063 4218 quo
2091 4147 2243 4202 nobis
2269 4148 2474 4218 totique
2498 4149 2612 4202 orbi
2643 4148 2864 4203 Paulum
2885 4149 3190 4203 ostendisti.
3224 4149 3357 4203 llinc
3398 4159 3540 4203 terra

1961 4239 2096 4293 facta
2119 4249 2199 4293 est
2229 4238 2559 4308 Splendidior
2580 4239 2732 4304 ctelo,
2766 4238 3038 4308 pulchrior
3065 4239 3150 4292 hic
3178 4239 3308 4293 solis
3344 4240 3543 4293 lumine

1958 4330 2351 4398 Splendidiores
2379 4329 2560 4385 emisit
2590 4328 2824 4398 fulgores
2846 4368 2862 4394 ,
2913 4330 3064 4383 liutos
3107 4328 3293 4384 elludit
3342 4330 3540 4383 radios.

1960 4427 2227 4492 Quantum
2260 4422 2347 4477 hic
2372 4420 2527 4476 nobis
2558 4422 2763 4491 peperit
2794 4421 3040 4486 fructum,
3074 4437 3179 4476 noo
3214 4422 3387 4491 spicas
3418 4423 3542 4490 piti-

1960 4513 2264 4583 guel’aciens
2284 4554 2299 4578 ,
2327 4520 2417 4566 aut
2451 4512 2673 4565 arbores
2700 4512 2970 4575 ttulrictts,
3001 4512 3093 4564 sed
3123 4512 3292 4579 ipstnu
3330 4510 3543 4580 pietatis

1962 4608 2190 4660 fructum
2216 4613 2270 4658 et
2298 4618 2586 4673 procreans
2616 4614 2668 4657 et
2696 4603 2760 4657 ad
2788 4603 3025 4673 rigorem
3053 4602 3344 4668 adducens,
3370 4612 3423 4658 et
3446 4619 3542 4658 eos

1959 4698 2049 4767 qui
2077 4695 2450 4758 concidebant,
2478 4694 2693 4749 assidue
2735 4694 3029 4749 recreans?
3059 4694 3186 4748 .lnre
3230 4710 3244 4747 :
3284 4709 3406 4749 nam
3456 4695 3543 4751 hic

1957 4788 2174 4859 quidem
2198 4787 2300 4851 sol,
2333 4786 2474 4858 quod
2503 4786 2670 4842 semel
2705 4787 2755 4840 in
2787 4785 3041 4840 arborum
3091 4785 3349 4841 fructibus
3391 4803 3545 4841 com-

1962 4880 2246 4950 putruerit,
2282 4880 2565 4935 restituere
2595 4894 2928 4948 nequaquam
2955 4879 3188 4946 poterit;
3223 4878 3420 4933 Paulus
3448 4894 3544 4932 au-

1962 4981 2068 5027 tem
2094 4986 2189 5028 eos
2216 4972 2398 5035 etiam,
2426 4971 2517 5041 qui
2539 4979 2789 5025 sescenta
2817 4970 2996 5024 ulcera
3026 4970 3313 5036 habebant,
3354 4984 3384 5023 a
3418 4984 3542 5039 pec-

1958 5066 2093 5122 catis
2115 5065 2385 5121 revocavit
2417 5082 2432 5119 :
2463 5073 2620 5132 atque
2660 5061 2748 5117 hic
2791 5063 2932 5118 nocti
2982 5062 3227 5128 decedit;
3279 5062 3369 5117 ille
3414 5076 3544 5115 vero

1959 5158 2175 5214 diabolo
2204 5156 2449 5226 superior
2471 5154 2590 5210 luit.
2618 5154 2761 5210 Nihil
2789 5155 2937 5210 illum
2963 5156 3188 5219 evertit,
3213 5152 3343 5208 nihil
3375 5168 3542 5222 snpe-

1960 5252 2115 5305 ravit.
2142 5249 2237 5303 llic
2266 5248 2333 5303 de
2359 5246 2574 5301 sublimi
2607 5247 2725 5303 loco
2752 5246 2877 5302 dum
2906 5246 3073 5300 fertur
3094 5285 3110 5307 .
3157 5244 3335 5299 radios
3377 5243 3539 5300 deor-

1960 5356 2077 5394 sum
2106 5339 2300 5395 emiltit
2330 5356 2344 5392 :
2376 5338 2571 5393 Paulos
2596 5354 2723 5393 vero
2762 5337 2830 5392 de
2873 5335 3046 5391 infero
3089 5334 3209 5388 loco
3250 5335 3499 5389 esuriens
3520 5376 3538 5400 ,

1960 5432 2201 5486 noncmli
2231 5446 2293 5484 ac
2325 5438 2481 5483 terra:
2511 5430 2791 5484 dimidium
2836 5426 3034 5481 lumine
3079 5425 3402 5494 complevit,
3446 5425 3537 5481 sed

1959 5523 2119 5578 siuml
2150 5534 2311 5586 atque
2339 5535 2401 5575 os
2430 5520 2644 5590 aperuit
2664 5562 2678 5583 ,
2711 5518 2933 5588 angelos
2964 5517 3127 5570 etiam
3162 5515 3305 5586 ipsos
3350 5531 3541 5586 magna

1961 5616 2185 5687 replevit
2208 5615 2501 5684 voluptate.
2531 5612 2661 5668 Nam
2690 5612 2735 5667 si
2764 5624 2874 5664 uno
2919 5608 3137 5663 homine
3172 5607 3541 5679 paenitentiam

1959 5715 2152 5778 agente
2169 5704 2421 5777 gaudium
2445 5702 2651 5758 exsistit
2671 5701 2724 5757 in
2754 5699 2904 5757 caelis
2934 5698 3099 5771 (Luc.
3131 5698 3219 5754 15.
3250 5697 3320 5754 10
3342 5697 3363 5767 )
3382 5712 3398 5762 ;
3420 5713 3543 5754 cum

1962 5798 2159 5857 Paulus
2186 5813 2213 5853 ι
2246 5794 2414 5869 prima
2443 5796 2703 5855 concione
2730 5793 2930 5854 multos
2954 5799 3176 5852 venatus
3201 5790 3381 5861 luerit,
3410 5803 3546 5863 quo-
