4044 6202
474 333 581 389 207

479 450 638 504 modo
671 447 780 502 lieri
812 447 999 517 i-otuit,
1025 453 1081 499 ut
1111 457 1334 514 superas
1373 449 1672 513 potestates
1707 440 1900 509 gaudio
1947 455 2053 493 non

480 541 761 609 impleret?

547 631 606 688 Ξ.
631 629 831 700 Ecquid
857 627 1020 683 dico?
1047 626 1178 681 satis
1197 633 1316 680 erat
1365 623 1588 679 Paulum
1631 623 1813 692 loqui;
1866 632 1916 676 et
1963 622 2065 678 hoc

481 727 598 795 ipso
629 724 745 779 ca-li
776 721 1113 777 exsultabant
1141 727 1196 774 et
1235 718 1550 772 la'tabantnr
1592 717 1610 786 (
1638 715 1781 770 Psal.
1837 716 1923 771 15.
1971 716 2064 784 7).

483 817 692 872 liteuim
719 816 764 870 si
795 813 1050 868 lsraclitis
1073 827 1140 866 ex
1182 810 1416 882 [Egypto
1451 809 1770 865 exeuntibus
1796 849 1812 874 ,
1858 820 2068 864 montes

483 909 821 962 exsultarunt
848 913 906 957 ut
935 905 1131 958 arietes
1166 919 1178 955 :
1213 900 1428 971 quamlo
1456 900 1704 955 homines
1730 915 1794 953 ex
1844 909 1984 954 terra
2017 899 2068 952 in

482 997 672 1049 (uelum
704 993 1178 1056 translerebantur,
1207 1000 1462 1062 quantum
1487 989 1661 1056 gaudii
1696 998 1846 1058 putas
1866 989 2070 1042 fuisse?

487 1087 776 1156 Propterea
797 1086 957 1155 igitur
983 1083 1291 1139 Permanere
1307 1083 1357 1134 in
1374 1097 1524 1134 carne
1553 1080 1711 1151 magis
1733 1082 2070 1134 necessarium

488 1187 694 1248 propter
723 1195 828 1232 vos.
853 1177 920 1232 Et
959 1192 1078 1246 qua:
1109 1175 1264 1229 nobis
1295 1173 1518 1243 posthac
1557 1172 1746 1227 relicta
1787 1181 1871 1226 est
1909 1186 2072 1226 escu-

486 1272 671 1325 satio?
713 1270 794 1325 Fit
837 1272 981 1327 enim
1025 1283 1302 1338 persrepc,
1337 1277 1393 1321 ut
1431 1267 1694 1336 quispiam
1745 1281 1960 1334 parvam
2009 1279 2073 1318 ac

489 1379 778 1432 pauperem
806 1362 1076 1416 civitatem
1108 1369 1314 1424 nactus,
1343 1359 1492 1413 abire
1533 1367 1710 1412 tainen
1753 1356 1860 1410 alio
1899 1355 2033 1409 nolit
2056 1397 2070 1416 ,

490 1466 687 1510 cetera
731 1453 908 1507 omnia
963 1469 1074 1522 pra:
1118 1468 1212 1507 sua
1262 1455 1442 1521 quiete
1494 1459 1811 1520 postputans
1853 1466 1866 1500 :
1913 1448 2076 1502 Paulo

489 1547 792 1600 abcumlum
818 1547 883 1599 ad
906 1545 1179 1600 Chri~tmn
1206 1555 1341 1600 erat.
1367 1555 1417 1599 et
1443 1559 1550 1597 non
1575 1543 1738 1596 voluit
1763 1541 2033 1596 Christum
2058 1557 2073 1604 ;

493 1635 762 1690 Christum
790 1637 963 1702 illum,
994 1652 1153 1705 quem
1185 1636 1253 1689 ita
1299 1633 1670 1697 desiderabat,
1718 1643 1775 1686 ut
1822 1649 1919 1701 pro
1961 1632 2078 1700 ipso

492 1727 794 1794 gehennam
823 1728 986 1783 etiam
1017 1728 1276 1796 eligeret:
1309 1726 1402 1781 sed
1430 1725 1605 1780 adlmc
1637 1725 1807 1779 voluit
1835 1739 2074 1789 manere,

490 1835 555 1874 ac
588 1818 833 1874 laborare
863 1819 914 1873 in
956 1834 1130 1888 pugna
1179 1833 1282 1889 pro
1326 1817 1651 1872 hmninilius.
1703 1818 1878 1887 Ecqua
1925 1817 2078 1872 nobis

494 1909 597 1963 erit
623 1910 942 1964 excusatio?
974 1910 1169 1965 Verum
1200 1919 1352 1964 estne
1381 1910 1629 1965 universe
1656 1918 1858 1964 tantum
1877 1909 2079 1964 mentio

497 2000 737 2056 facienda
767 2001 963 2056 Pauli?
1004 2000 1238 2056 Attende
1281 1999 1409 2071 quid
1455 2001 1643 2070 egerit.
1703 2000 1843 2054 Dixit
1888 2000 2079 2055 melius

493 2105 616 2146 esse
643 2091 814 2158 abire,
848 2107 915 2146 ne
942 2092 1014 2146 illi
1046 2092 1112 2146 de
1140 2091 1310 2160 ipsius
1339 2103 1510 2145 morte
1537 2092 1816 2156 dolerent;
1846 2092 2080 2146 ostendit

495 2181 682 2248 etiam,
712 2185 756 2237 si
786 2191 1017 2247 maneat,
1053 2183 1250 2236 ideirco
1283 2199 1499 2237 manere
1527 2195 1578 2236 ut
1611 2184 1714 2237 illis
1743 2185 1912 2252 prosit
1938 2202 1952 2239 :
1975 2200 2078 2238 non

495 2275 639 2328 enim
666 2274 715 2327 id
739 2291 803 2328 ex
831 2275 966 2328 mala
995 2274 1356 2328 insidiantium
1381 2284 1559 2330 mente
1586 2276 1897 2331 succedere.
1922 2276 2082 2346 Igitur

499 2375 556 2417 ut
582 2365 654 2418 illi
679 2363 885 2420 facilius
905 2366 970 2417 ad
995 2363 1095 2420 hoc
1123 2365 1451 2420 credendum
1483 2367 1834 2426 adduianmr.
1865 2383 2080 2422 causam

499 2457 770 2526 apposuit.
805 2457 935 2512 Nam
963 2459 1008 2512 si
1036 2458 1086 2512 id
1117 2459 1479 2513 necessaiium
1513 2468 1629 2522 est,
1661 2460 1881 2513 omnino
1907 2461 2083 2516 adhuc

503 2549 760 2610 manebo;
807 2563 908 2603 nec
955 2557 1157 2602 tantum
1200 2550 1462 2615 manebo,
1493 2552 1586 2604 sed
1614 2551 1774 2604 etiam
1809 2553 2082 2608 vobi~ettnt

505 2641 752 2694 manebo.
790 2641 900 2696 lloc
921 2642 1064 2696 enim
1095 2642 1196 2697 sibi
1222 2642 1408 2717 volunt
1435 2644 1594 2698 verba
1627 2645 1738 2705 illa,
1775 2645 1835 2698 lit
1864 2663 2088 2699 comnm-

503 2735 648 2795 ni'bo.
681 2734 730 2789 id
759 2743 864 2800 est,
889 2734 1082 2790 videbo
1107 2751 1201 2789 vos
1227 2746 1280 2789 et
1307 2737 1579 2791 vobiscum
1612 2737 1880 2790 morabor.
1913 2741 2083 2804 Quam

503 2826 809 2880 obcausam
832 2825 856 2878 ?
883 2826 960 2879 Ait
989 2829 1268 2898 profectum
1298 2837 1512 2880 vestrum
1557 2837 1603 2880 et
1648 2829 1890 2896 gaudium
1943 2829 2084 2896 ﬁdei.

508 2916 617 2972 Hoc
645 2917 764 2974 loco
793 2916 938 2988 ips-os
981 2916 1218 2980 excitat,
1272 2927 1327 2969 ut
1375 2916 1476 2971 sibi
1522 2917 1819 2970 attendant.
1868 2917 1997 2972 Nam
2042 2919 2086 2972 si

508 3019 726 3079 propter
755 3024 872 3073 vos,
903 3007 1094 3076 inquit.
1121 3007 1352 3062 manebo
1375 3007 1600 3069 ;—vitlete
1649 3024 1717 3062 ne
1754 3008 2088 3063 mansionem

509 3116 681 3153 meam
708 3099 1067 3154 tledecoretis.
1095 3099 1230 3153 Cum
1253 3099 1362 3168 jam
1392 3099 1639 3153 Christus
1668 3099 1797 3153 mihi
1827 3099 2091 3155 videmlus

509 3201 674 3257 esset,
702 3191 836 3260 elegi
870 3200 1087 3260 preptcr
1116 3201 1352 3244 vestrum
1387 3189 1682 3259 profectum
1711 3207 1948 3248 manere.
1977 3193 2091 3249 Mea

509 3285 653 3338 enim
685 3285 968 3354 pnescntia
994 3293 1048 3339 et
1067 3283 1134 3338 ad
1159 3284 1314 3339 tidem
1345 3285 1496 3338 vobis
1543 3285 1666 3340 facit
1689 3327 1705 3349 ,
1754 3295 1810 3341 et
1847 3288 1913 3341 ad
1959 3303 2092 3358 gnu-

509 3375 659 3431 di'mn
691 3394 704 3430 :
745 3386 1024 3445 propterea
1049 3374 1184 3445 elegi
1217 3392 1454 3431 iuanere.
1495 3376 1632 3445 Quid
1662 3378 1864 3448 igitur?
1896 3380 2094 3450 l’hitip-

515 3471 830 3539 pensiuumc
857 3479 1060 3524 tantmn
1086 3471 1256 3540 gratia
1288 3471 1522 3525 mansit?
1547 3470 1662 3527 Non
1707 3487 1839 3529 sane
1879 3474 2094 3530 illorum

516 3570 720 3614 tmtmn
742 3561 910 3631 gratia
940 3561 1154 3625 mansit,
1187 3560 1282 3616 scd
1311 3561 1394 3615 his
1442 3562 1619 3616 verbis
1658 3564 1944 3633 quamdam
1992 3567 2098 3621 illis

515 3653 735 3707 adhibet
781 3655 955 3708 leuem
1004 3653 1345 3707 medicinam.
1397 3653 1676 3720 Quomodo
1723 3667 1904 3710 autem
1945 3669 2100 3714 erant

519 3745 592 3798 illi
625 3745 913 3814 profecturi
946 3746 998 3797 iu
1032 3745 1176 3799 tide?
1207 3745 1271 3800 L‘t
1314 3745 1481 3814 magis
1511 3747 1787 3817 magisque
1830 3764 1927 3803 vos
1964 3765 2100 3804 con-

521 3839 728 3889 tirmem
761 3851 773 3884 :
805 3835 1026 3904 perinde
1073 3849 1138 3890 ac
1189 3835 1365 3904 pullos
1412 3837 1670 3904 quosdam
1727 3840 1912 3894 matris
1973 3856 2099 3897 cura

519 3939 741 3997 egentes
765 3967 780 3988 ,
809 3923 981 3981 donec
1009 3927 1138 3993 ipsis
1161 3926 1444 3980 ~o|idiores
1470 3939 1815 3984 sucerescaut
1840 3932 1959 3986 abc.
1994 3934 2103 3989 Ma-

521 4036 681 4090 gnum
705 4023 804 4075 hoc
825 4019 1064 4074 caritatis
1087 4019 1360 4074 imlicium.
1386 4019 1464 4074 Ad
1487 4019 1626 4076 lmnc
1648 4022 1861 4078 modum
1891 4041 1920 4080 a
1948 4029 2103 4083 nobis

522 4113 684 4170 elinn
733 4113 948 4183 quidatn
998 4112 1217 4167 excitari
1267 4113 1472 4174 svilent,
1525 4123 1684 4183 atque
1737 4116 1808 4170 ita
1834 4116 2102 4176 dicinms:

523 4207 633 4261 'I‘ua
660 4220 820 4260 causa
849 4204 1020 4259 mansi
1044 4246 1058 4267 ,
1091 4213 1147 4257 ut
1175 4214 1225 4258 te
1252 4204 1448 4258 bonum
1478 4204 1778 4261 redderem.
1813 4208 1881 4263 Ut
1924 4223 2104 4280 gratu-

523 4297 646 4353 latio
675 4307 858 4358 vestra,
888 4297 1079 4366 inquit,
1115 4296 1332 4350 abundet
1357 4297 1408 4350 in
1436 4296 1636 4351 Christo
1659 4297 1785 4354 Jesu
1815 4301 1865 4355 in
1897 4319 1975 4357 me
2015 4321 2108 4374 per

525 4407 688 4443 incum
715 4390 984 4442 adventum
1010 4389 1188 4442 iterum
1215 4389 1285 4441 ad
1314 4404 1418 4442 vos.
1447 4388 1609 4445 Vides
1637 4393 1734 4446 ista
1771 4408 1923 4458 voce,
1955 4394 2107 4450 Com-

524 4479 755 4542 mauebo,
787 4480 886 4532 boe
907 4479 1047 4548 quod
1076 4478 1319 4534 dicebam
1348 4480 1703 4550 signiﬁcatum
1747 4498 1868 4541 e5se
1891 4489 1916 4540 ’ἴ
1961 4487 2106 4542 Cen-

525 4572 700 4626 sidera
749 4572 1120 4626 luimilitatrm.
1167 4573 1430 4640 Quoniam
1479 4574 1652 4641 dixit,
1695 4577 1776 4629 Ad
1825 4579 2107 4648 profectum

524 4676 777 4726 vestrum,
802 4665 1036 4720 ostendit
1067 4665 1117 4719 id
1147 4667 1245 4720 sibi
1287 4681 1499 4736 quoque
1549 4667 1829 4723 utilitatem
1877 4671 2105 4737 allerrc;

522 4759 665 4828 quod
693 4759 854 4812 etiam
885 4759 1008 4814 facit
1035 4759 1101 4812 ad
1154 4759 1425 4813 Romanos
1468 4761 1710 4816 scribens
1758 4761 1840 4815 his
1892 4763 2106 4831 verbis,

524 4849 586 4903 1-1
622 4861 694 4904 est
738 4850 890 4904 simul
909 4850 1161 4904 consolari
1204 4851 1256 4902 in
1299 4850 1434 4904 vobis
1455 4866 1474 4903 :
1498 4861 1652 4904 antea
1681 4853 1824 4907 enim
1856 4853 2107 4922 dixerat,

527 4942 594 4998 Ut
617 4942 813 5011 aliquid
838 4941 1101 5006 impertiar
1127 4941 1262 4994 vobis
1293 4943 1472 5013 gratire
1500 4943 1782 5012 spiritualis
1818 4944 1836 5014 (
1862 4946 2010 5000 liora.
2054 4947 2106 5001 l.

523 5034 612 5089 12.
641 5037 698 5088 ιι
723 5034 762 5102 ).
780 5031 916 5100 Quid
939 5040 1116 5086 autem
1145 5032 1244 5085 hoc
1269 5044 1371 5096 est,
1404 5032 1472 5088 Ut
1501 5034 1739 5105 gloriatio
1760 5047 1920 5090 vestra
1940 5037 2107 5092 aban-

523 5127 649 5182 det.’
679 5126 732 5181 Id
755 5135 858 5192 est,
890 5133 949 5180 ut
972 5133 1180 5180 crescat
1206 5123 1279 5190 id,
1307 5127 1447 5196 quod
1475 5136 1592 5182 crat
1617 5142 1774 5182 causa
1801 5129 2062 5198 gloriandi
2086 5145 2103 5184 :

528 5220 630 5275 hoc
661 5228 836 5274 autem
865 5228 946 5272 est
966 5217 1300 5273 corroborari
1330 5218 1380 5270 in
1410 5218 1512 5270 tide
1539 5221 1556 5285 (
1583 5218 1694 5271 ha-e
1723 5220 1864 5273 enim
1892 5230 1973 5274 est
1993 5221 2110 5289 glo-

504 5311 686 5376 .,riatio
716 5311 767 5363 iu
797 5308 1057 5379 Christo),
1090 5319 1234 5364 recte
1261 5309 1460 5362 vivere.
1494 5308 1635 5377 Ergo
1666 5309 1916 5362 Utoriatio
1943 5321 2110 5363 vestra

526 5406 580 5458 in
608 5421 688 5458 me
712 5421 802 5474 per
830 5421 995 5460 meum
1023 5402 1289 5458 adventum
1321 5403 1499 5456 ite‘rum
1523 5402 1590 5451 ad
1611 5404 1733 5455 vos?
1755 5403 2001 5466 Maxime,
2029 5403 2107 5456 in-

526 5497 662 5566 quit,
699 5496 828 5563 Qua:
851 5499 983 5551 enim
1009 5506 1081 5550 est
1107 5512 1224 5565 spes
1249 5505 1420 5549 nostra
1441 5504 1527 5546 aut
1556 5509 1669 5562 qua:
1692 5511 1880 5548 corona
1909 5494 2104 5565 gloria-

526 5589 720 5644 tionis?
750 5604 916 5641 nonne
943 5597 992 5641 et
1030 5603 1117 5642 vos
1157 5587 1176 5658 (
1199 5589 1244 5641 l.
1297 5587 1474 5642 Thess.
1521 5588 1578 5643 9..
1627 5586 1772 5657 l9)?
1825 5587 1921 5642 Vos
1963 5589 2106 5642 enim

526 5682 646 5733 estis
671 5679 907 5748 gloriatio
932 5688 1104 5732 nostra
1128 5719 1140 5742 .
1173 5679 1592 5749 quemadmodum
1617 5688 1663 5732 et
1684 5696 1775 5732 nos
1809 5690 1970 5734 vestra
2007 5682 2101 5750 (2.

523 5772 644 5831 ι’ω.
684 5773 728 5827 l.
767 5771 892 5839 li);
923 5771 1101 5835 idest,
1137 5779 1191 5824 ut
1213 5769 1437 5827 habeam
1463 5786 1566 5840 quo
1590 5772 1640 5826 in
1666 5771 1816 5826 vobis
1841 5772 2100 5841 majorem

1221 328 1277 385 S.
1317 325 1593 384 JOANNIS
1628 323 2100 401 CIIRYSOSTOMI
2140 324 2456 383 ARClllEP.
2498 327 3028 384 CONSTANHNOP.

3653 328 3758 385 203

2171 438 2222 492 in
2251 438 2463 494 modmn
2489 441 2704 510 glorier.
2739 440 3058 508 Quomodo?
3108 436 3174 495 Ut
3212 439 3450 511 gloriatio
3474 481 3490 504 ,
3541 441 3712 506 inquit
3741 482 3754 500 .

2169 541 2329 584 rostra
2357 531 2593 585 abundet.
2635 531 2888 600 Majoretn
2914 532 3054 585 enim
3087 531 3258 586 habeo
3284 531 3620 602 gloriationis
3647 549 3760 583 nia-

2173 625 2380 687 teriam,
2399 639 2518 678 cum
2538 639 2631 678 vos
2651 625 2929 694 prolicitis.
2963 622 3064 676 Per
3088 640 3251 677 meum
3276 623 3544 676 adventum
3573 623 3756 675 itemm

2171 710 2241 768 ad
2264 729 2371 769 vos.
2397 715 2497 784 Qui
2532 716 2728 786 igitur?
2756 732 2880 770 num
2906 715 2971 769 ad
3021 717 3164 784 ipsos
3203 713 3403 769 rediit?
3451 713 3561 768 lloe
3604 714 3759 768 vobis

2177 807 2554 878 inquirendum
2586 809 2863 878 relinquo,
2894 818 3069 862 utrum
3117 807 3354 862 redierit.
3405 808 3497 860 27.
3537 805 3759 859 Tantum

2173 901 2345 971 digne,
2374 901 2577 971 inquit,
2622 903 2882 973 evangelio
2930 901 3117 956 Christi
3161 900 3546 955 conversamini.
3601 900 3759 954 Vides

2175 992 2352 1046 omnia
2395 1007 2744 1063 quaecumque
2789 993 2956 1056 dixit,
3008 993 3112 1048 huc
3155 1003 3428 1062 spectasse
3455 1035 3469 1057 ,
3518 1001 3575 1047 ut
3611 993 3760 1062 lpSUS

2177 1081 2492 1137 cxhortetur
2518 1083 2584 1138 ad
2617 1085 2850 1154 majores
2876 1085 2928 1138 in
2962 1085 3159 1138 virtute
3201 1100 3512 1154 progressus
3559 1083 3760 1138 tanien.

2176 1174 2314 1229 dos?
2356 1173 2576 1229 Tttttlttnt
2626 1177 2778 1247 digne
2825 1179 3082 1247 evangelio
3133 1177 3322 1232 Christi
3372 1179 3756 1231 eonversamini.

2177 1267 2310 1334 Quid
2336 1277 2415 1322 est
2441 1269 2582 1337 quod
2614 1270 2802 1338 inquit,
2837 1269 3098 1323 Tantum?
3127 1270 3268 1324 Idem
3302 1271 3438 1324 valet
3483 1286 3544 1324 ac
3589 1272 3631 1324 si
3672 1272 3760 1323 ιΙίο

2178 1369 2325 1413 ceret
2354 1378 2367 1413 :
2399 1360 2509 1416 lloc
2555 1362 2728 1415 solum
2777 1371 2896 1426 est,
2941 1363 3081 1432 quod
3133 1364 3454 1431 requiritur;
3505 1373 3761 1430 pra-terea

2182 1453 2310 1506 nihil
2340 1469 2353 1505 :
2389 1455 2432 1507 si
2462 1454 2562 1509 hoc
2589 1454 2748 1520 adsit,
2783 1455 2915 1508 nihil
2941 1457 3090 1509 vobis
3137 1457 3346 1509 molesti
3390 1457 3644 1523 obtinget.
3690 1455 3766 1511 Ut

2180 1545 2282 1596 sire
2305 1560 2419 1596 cum
2451 1561 2630 1598 venero
2663 1555 2709 1598 et
2748 1547 2918 1598 videro
2961 1561 3048 1598 ros
3068 1588 3082 1609 ,
3112 1547 3214 1599 sive
3241 1549 3418 1600 absens
3458 1547 3661 1598 audiam
3699 1549 3767 1599 de

2182 1633 2329 1688 rebus
2349 1636 2542 1688 vestris.
2561 1635 2675 1690 Non
2701 1636 2812 1690 ba-e
2833 1637 2982 1701 dicit,
3004 1638 3152 1704 quasi
3182 1637 3399 1690 nmtarit
3417 1639 3764 1702 sententiam,

2183 1740 2355 1794 neque
2397 1726 2464 1778 ad
2519 1725 2663 1794 ipsos
2712 1728 2885 1782 redire
2929 1727 3164 1796 amplius
3204 1728 3364 1792 velit;
3409 1728 3535 1790 sed,
3587 1728 3764 1782 Etiim

2182 1817 2226 1870 si
2256 1817 2356 1871 hoc
2383 1818 2608 1883 accidat,
2637 1821 2805 1889 inquit
2828 1861 2841 1883 ,
2875 1820 3068 1875 absens
3093 1838 3301 1890 quoque
3330 1821 3492 1875 l.i-tari
3523 1838 3761 1890 possum.

2185 1909 2248 1964 Si
2270 1910 2500 1974 audiero,
2528 1911 2646 1979 quia
2675 1915 2820 1966 statis
2846 1913 2896 1965 in
2925 1930 3024 1966 uno
3050 1914 3230 1981 spiritu
3257 1924 3304 1966 et
3335 1930 3434 1967 una
3461 1915 3648 1967 anima.

2257 2004 2311 2058 3.
2353 2002 2465 2057 lloc
2489 2012 2592 2069 est,
2621 2004 2762 2074 quod
2794 2006 3023 2060 maxime
3056 2005 3240 2061 ﬁdeles
3263 2007 3556 2078 eonjungit,
3586 2017 3638 2062 et
3669 2025 3767 2063 ea-

2186 2094 2395 2150 ritatcm
2426 2095 2595 2164 ipsam
2635 2095 2875 2150 continet
2909 2114 2922 2150 :
2958 2097 3082 2152 hinc
3111 2097 3199 2151 illa
3234 2099 3441 2152 Domini
3472 2101 3661 2163 verba,
3697 2099 3770 2154 Ut

2183 2187 2284 2240 sint
2310 2203 2466 2240 unum
2497 2185 2676 2256 (Joau.
2708 2189 2791 2242 l7.
2833 2188 2941 2259 ll).
2976 2189 3105 2243 Nam
3141 2191 3389 2259 Regnum,
3421 2192 3609 2260 inquit,
3641 2193 3773 2245 inse

2185 2279 2400 2333 divisum
2421 2321 2435 2345 ,
2465 2297 2565 2333 non
2594 2282 2773 2350 poterit
2799 2290 2934 2335 stare
2963 2281 3179 2350 (Matth.
3213 2283 3299 2336 1'2.
3333 2283 3446 2354 25).
3480 2285 3769 2352 Propterea

2185 2383 2240 2426 et
2268 2371 2466 2426 Paulus
2495 2373 2693 2426 multus
2723 2373 2916 2443 ubique
2943 2384 3025 2428 est
3053 2375 3103 2427 in
3135 2376 3423 2430 concordia
3453 2376 3721 2431 suadenda
3753 2395 3768 2430 :

2189 2464 2310 2519 ideo
2336 2474 2390 2519 et
2415 2465 2662 2519 Christus
2686 2465 2872 2535 inquit,
2909 2462 2969 2518 In
2994 2468 3087 2520 hoc
3108 2477 3407 2537 cognoscent
3431 2484 3620 2529 onmes,
3649 2469 3773 2536 quia

2189 2559 2430 2629 discipuli
2457 2559 2553 2611 mei
2579 2560 2717 2624 estis,
2749 2559 2793 2612 si
2823 2559 3139 2613 dilectionem
3173 2560 3448 2614 habueritis
3472 2563 3540 2613 ad
3565 2562 3773 2614 invicem

2194 2653 2370 2725 (Joan.
2406 2653 2485 2707 l5.
2519 2651 2632 2720 55).
2663 2651 2739 2706 Ne
2769 2651 2952 2721 igitur,
2988 2652 3159 2722 inquit
3186 2653 3400 2713 Paulus,
3438 2653 3537 2707 mci
3566 2653 3772 2706 adven-

2193 2756 2276 2798 tus
2302 2743 2705 2813 exspectatione
2749 2745 3045 2813 pendentes
3089 2745 3291 2797 interea
3339 2744 3637 2798 obdormite
3667 2761 3680 2807 ;
3715 2755 3774 2797 ιιι

2191 2851 2312 2890 eum
2344 2834 2486 2904 quod
2515 2835 2915 2904 exspectabatis
2937 2876 2950 2899 ,
2983 2836 3324 2898 snece~serit,
3358 2852 3546 2905 meque
3575 2837 3774 2890 videri-

2195 2931 2284 2987 tis,
2316 2927 2569 2996 deinceps
2595 2927 2928 2996 diligentiam
2970 2927 3256 2983 remittatis
3283 2945 3344 2982 ac
3379 2928 3772 2983 dlSSManltini.

2194 3021 2326 3076 Nam
2367 3019 2527 3074 etiam
2573 3035 2637 3072 ex
2685 3017 2866 3072 auditu
2911 3019 3156 3074 eamdem
3205 3035 3400 3089 capere
3446 3021 3774 3090 voluptatem

2198 3127 2436 3182 possum.
2459 3110 2596 3177 Quid
2623 3111 2756 3164 istuc
2777 3120 2879 3174 est,
2915 3109 2979 3164 In
3008 3128 3106 3163 uno
3127 3113 3308 3180 spiritu
3333 3113 3358 3165 3’
3386 3109 3438 3166 ld
3463 3122 3561 3170 est.
3589 3110 3777 3166 eadem
3865 3163 3868 3165 .

2199 3205 2286 3258 illa
2329 3202 2495 3271 gratia
2551 3201 2892 3265 eoacordi:e,
2941 3202 3252 3256 alacritatis.
3305 3202 3452 3257 Unus
3495 3203 3652 3255 etiam
3695 3213 3782 3256 est

2199 3297 2417 3367 Spiritus
2449 3312 2462 3347 ;
2492 3301 2654 3360 atque
2687 3292 2736 3345 id
2768 3308 2832 3346 ex
2860 3308 2924 3345 eo
2950 3293 3253 3346 aSteiiilitiir
3275 3335 3288 3355 ,
3317 3292 3458 3362 quod
3491 3308 3633 3362 sa‘pe
3679 3294 3783 3347 loc

2200 3382 2360 3437 modo
2378 3381 2576 3436 dictum
2603 3380 2673 3434 sit
2701 3398 2712 3432 :
2745 3379 2816 3433 ita
2843 3379 2986 3430 enim
3015 3388 3095 3432 est
3121 3387 3173 3430 et
3205 3378 3255 3430 in
3286 3393 3386 3430 una
3415 3389 3559 3431 stare
3579 3378 3721 3431 anim
3740 3400 3782 3439 ι,

2200 3491 2321 3531 ‹·ιιιιι
2350 3489 2536 3528 omnes
2559 3488 2720 3526 unum
2744 3471 2989 3550 spiritum
3021 3468 3330 3523 habeamus.
3361 3468 3492 3523 Vide
3516 3484 3644 3523 voce
3667 3470 3782 3533 illa,

2202 3577 2294 3637 μιᾷ
2321 3577 2446 3638 ψυχῇ
2469 3608 2483 3631 ,
2514 3565 2564 3619 id
2595 3573 2695 3626 est,
2731 3579 2832 3617 uua
2864 3562 3064 3624 anima,
3097 3561 3440 3616 concordiam
3469 3576 3589 3617 esse
3613 3563 3784 3633 signi-

2205 3659 2412 3713 ﬁcatam
2447 3676 2460 3710 :
2491 3657 2611 3711 vide
2643 3656 2835 3711 multas
2857 3655 3065 3709 animas
3092 3670 3249 3708 unam
3279 3655 3402 3709 dici.
3435 3653 3506 3708 Ita
3538 3670 3596 3710 se
3625 3655 3790 3709 babe-

2207 3752 2297 3806 bal
2344 3751 2636 3820 antiquitus
2667 3767 2679 3802 :
2711 3747 2984 3810 Omnium,
3021 3747 3224 3817 inquit,
3261 3755 3370 3799 erat
3397 3762 3486 3799 cor
3525 3757 3572 3800 et
3616 3748 3789 3800 anima

2207 3860 2309 3896 una
2339 3842 2476 3912 (Act.
2523 3840 2576 3895 4.
2622 3839 2735 3910 δῖ).
2765 3838 3145 3892 Cotlaborautes
3182 3838 3301 3905 fidei
3344 3837 3610 3906 evangelii.
3650 3836 3786 3891 Num

2208 3947 2476 4006 tamquam
2509 3933 2610 3988 lide
2633 3933 2910 3987 laborante
2941 3933 2992 3985 in
3021 3931 3335 3994 certamine,
3362 3939 3569 3994 nmtuo,
3596 3929 3788 3997 inquit,

2206 4028 2642 4085 collaborantes?
2669 4043 2770 4094 qua
2801 4026 3004 4080 ratione
3031 4025 3082 4079 id
3111 4035 3254 4079 stare
3278 4023 3484 4092 possit?
3506 4023 3622 4076 Non
3646 4023 3788 4076 enim

2211 4122 2350 4175 inter
2380 4134 2438 4174 se
2469 4118 2793 4189 pugnabant;
2827 4116 2919 4171 Sed
2947 4116 3088 4186 quod
3119 4115 3225 4168 vult
3259 4113 3453 4168 Paulus
3476 4155 3490 4179 ,
3532 4113 3633 4168 hoc
3662 4120 3745 4168 est
3772 4130 3789 4161 :

2209 4213 2449 4268 Mutuum
2472 4255 2487 4277 ,
2517 4211 2723 4282 inquit,
2755 4209 2908 4264 vobis
2941 4209 3196 4264 auxilium
3228 4207 3417 4262 alTerte
3441 4249 3456 4273 ,
3488 4207 3614 4260 dum
3659 4207 3793 4260 tides

2209 4304 2469 4376 evangelii
2501 4305 2553 4359 in
2582 4303 2878 4358 certamine
2909 4310 3169 4356 versatur.
3201 4300 3292 4356 9.8.
3328 4299 3392 4353 Et
3429 4301 3479 4354 iu
3511 4299 3653 4352 nullo
3681 4309 3788 4352 ter-

2211 4401 2293 4454 riti
2322 4401 2386 4453 ab
2411 4397 2714 4452 adversariis
2737 4438 2752 4461 ,
2784 4395 2920 4465 quod
2943 4393 3144 4466 quidem
3184 4393 3311 4462 ipsis
3336 4404 3410 4446 est
3434 4401 3793 4464 argumentum

2213 4491 2533 4561 perditionis,
2559 4489 2696 4542 vobis
2720 4496 2887 4541 autem
2913 4487 3111 4541 salutis.
3135 4485 3348 4554 Optime
3375 4484 3530 4545 dixit,
3565 4483 3749 4538 Territi
3774 4497 3796 4538 :

2215 4583 2336 4637 talia
2359 4582 2501 4638 enim
2537 4590 2664 4634 sunt
2685 4621 2700 4644 ,
2733 4595 2852 4649 qum
2878 4578 2947 4633 ab
2975 4576 3300 4631 adversariis
3332 4574 3747 4645 proficiscuntur
3778 4589 3793 4629 :

2214 4681 2418 4730 terrent
2447 4670 2836 4728 tantummodo.
2866 4669 3005 4724 Dicit
3030 4668 3206 4738 igitur,
3237 4666 3302 4722 In
3328 4667 3471 4721 nullo
3487 4659 3516 4720 ἐ
3537 4664 3794 4736 quidquid

2213 4765 2474 4832 evenerit,
2501 4764 2660 4820 etiam
2680 4763 2724 4818 si
2749 4761 2981 4831 pericula
3008 4760 3276 4830 proposita
3299 4759 3426 4824 sint,
3445 4759 3604 4812 etiam
3633 4756 3675 4810 si
3711 4758 3794 4809 in-

2214 4858 2397 4914 sidim:
2427 4857 2529 4911 hoc
2548 4855 2691 4911 enim
2720 4864 2802 4909 est
2829 4863 2973 4908 recte
2999 4854 3273 4907 stantium.
3309 4852 3384 4906 llli
3415 4851 3558 4906 enim
3593 4861 3798 4904 terrere

2214 4950 2490 5005 dumtaxat
2518 4955 2776 5013 possunt;
2829 4952 3087 5013 prtetcrea
3140 4943 3292 4998 nihil.
3324 4941 3458 5008 Quia
3488 4941 3631 4996 enim
3660 4940 3801 4994 veri-

2214 5039 2387 5094 simile
2410 5047 2526 5093 erat
2555 5037 2676 5091 illos
2705 5035 2857 5090 valde
2886 5034 3204 5101 perturbari,
3237 5049 3356 5087 cum
3396 5030 3797 5086 animadverte-

2214 5138 2334 5186 rent
2362 5128 2579 5183 Paulum
2609 5125 3030 5180 innumerabiles
3068 5125 3248 5180 subire
3272 5124 3646 5178 calamitates:
3681 5121 3798 5176 Non

2215 5223 2357 5288 dico,
2391 5220 2595 5290 inquit,
2628 5219 2704 5274 Ne
2735 5218 3018 5281 lluctuetis,
3055 5217 3147 5272 sed
3171 5259 3184 5276 .
3213 5217 3288 5271 Nc
3317 5216 3670 5280 terreamini;
3707 5214 3798 5268 sed

2214 5313 2373 5368 etiam
2407 5311 2527 5366 illos
2554 5311 2711 5365 valde
2731 5310 3108 5365 rontcnmatis.
3137 5309 3266 5364 Nam
3297 5309 3339 5362 si
3369 5304 3474 5363 hoc
3497 5309 3658 5364 modo
3682 5308 3799 5360 aui-

2216 5404 2342 5460 mati
2371 5404 2508 5467 sitis,
2541 5402 2665 5457 hinc
2691 5403 2798 5471 jam
2829 5413 2878 5454 et
2911 5403 3148 5469 ipsorum
3191 5399 3549 5469 perditionem
3573 5440 3588 5464 ,
3619 5409 3668 5452 et
3703 5413 3799 5449 ve-

2215 5504 2378 5550 stram
2403 5496 2628 5550 salutem
2656 5494 2987 5565 pcrspiruam
3021 5491 3242 5547 facietis.
3272 5491 3480 5546 Etenim
3505 5505 3626 5545 cum
3651 5489 3803 5543 vide-

2213 5589 2320 5642 rint
2353 5596 2600 5642 sexcenta
2631 5602 2689 5642 se
2724 5585 2949 5640 artiiieia
2981 5583 3313 5638 comminisci
3339 5624 3355 5648 ,
3398 5597 3462 5637 ac
3491 5597 3556 5637 ne
3584 5590 3797 5637 terrere

2214 5680 2427 5749 quidem
2451 5695 2548 5734 vos
2576 5693 2735 5748 posse
2759 5719 2775 5744 ,
2806 5686 2948 5732 certa
2988 5679 3068 5731 sui
3099 5677 3334 5745 ipsorum
3365 5675 3612 5730 interitus
3634 5689 3797 5744 argu-

2223 5784 2398 5830 mrn'a
2442 5770 2672 5842 eapicut.
2741 5769 2963 5838 Quando
3013 5768 3156 5825 enim
3214 5778 3494 5824 vcxatores
3546 5767 3612 5822 iis
3659 5781 3797 5838 quos
