4044 6202
234 194 348 251 ειου

238 319 446 365 vexant
476 309 783 378 superiores
822 325 931 363 non
952 306 1193 362 evadunt
1217 348 1230 367 .
1263 320 1368 359 non
1400 302 1742 359 insidiatores
1767 302 1834 356 iis

237 418 382 470 quos
412 404 463 455 iit
495 411 760 469 potestate
784 402 982 455 habent
1007 418 1020 454 :
1055 414 1234 454 nonne
1260 414 1326 453 ex
1355 402 1453 453 hoc
1482 399 1597 467 ipso
1626 395 1837 466 perspi-

238 511 342 547 rtte
371 492 678 560 intelligent
702 532 718 556 ,
761 506 819 545 se
854 491 918 545 ad
951 492 1228 545 interitttm
1271 505 1451 555 ruere,
1483 488 1611 543 nihil
1637 503 1796 559 posse
1819 527 1835 552 ,

236 600 338 639 sita
367 599 492 637 esse
531 583 661 637 falsa
692 592 747 637 et
776 583 1030 637 inlirma?
1063 582 1129 635 Et
1156 583 1251 635 hoc
1276 600 1307 635 a
1336 580 1464 644 Deo,
1498 582 1670 652 inquit
1695 599 1707 635 :
1739 579 1833 634 29.

237 678 366 745 quia
396 677 537 729 vobis
571 677 819 728 donatum
867 685 940 728 est
974 692 1064 741 pro
1100 674 1301 728 Christo
1326 716 1339 737 ,
1383 690 1481 728 non
1510 674 1674 726 solum
1701 682 1755 725 ttt
1782 689 1836 726 ιη

238 788 358 824 eum
401 770 619 824 credatis
643 810 660 834 ,
700 770 790 823 scd
820 770 968 821 etiam
994 778 1048 821 ut
1073 786 1165 838 pro
1190 766 1281 821 illo
1310 767 1598 835 patiamini.
1630 767 1836 819 liurstts

239 864 369 916 illos
416 863 727 931 componit,
774 871 829 915 ut
864 861 934 915 de
978 876 1038 914 se
1084 858 1327 914 modeste
1357 858 1632 919 sentiant.
1665 867 1835 911 totum

244 954 362 1008 Deo
395 954 707 1008 adscribens
734 995 748 1013 .
778 963 832 1005 ct
879 951 1104 1021 gratiam
1137 961 1191 1005 et
1227 950 1495 1004 charisma
1541 958 1595 1003 et
1636 947 1835 1002 donum

243 1062 371 1100 esse
404 1046 589 1099 dicens
633 1045 736 1113 pati
778 1060 876 1113 pro
905 1042 1143 1097 Christo.
1190 1040 1373 1112 Itaque
1414 1058 1483 1096 ne
1519 1057 1613 1096 vos
1640 1041 1837 1110 pudeat

241 1136 311 1190 de
339 1136 671 1190 charismate
698 1152 712 1187 :
741 1145 823 1190 est
854 1135 999 1189 enim
1042 1134 1199 1203 longe
1234 1133 1635 1198 admirabilius,
1676 1147 1833 1201 quam

243 1238 489 1280 mortuos
516 1226 586 1280 ad
616 1226 776 1280 vitam
803 1240 1064 1280 revocare
1092 1264 1117 1291 ,.
1147 1239 1210 1279 ac
1237 1234 1429 1279 cetera
1462 1224 1716 1278 miracula
1748 1222 1831 1277 fa-

242 1333 391 1369 cere.
430 1314 565 1371 Nam
612 1316 683 1369 ibi
733 1314 953 1384 quidem
998 1329 1098 1385 ego
1142 1328 1257 1367 sum
1290 1313 1537 1378 debitor;
1588 1313 1675 1368 hic
1702 1328 1832 1367 vero

242 1407 549 1462 debitorem
583 1405 757 1461 habeo
780 1404 1074 1459 Christum.
1108 1403 1287 1471 Quare
1318 1413 1522 1458 tantum
1551 1405 1741 1479 abest,
1774 1411 1832 1457 ttt

248 1498 429 1568 ιιι-υἱιτί
458 1499 579 1552 loco
608 1497 658 1551 id
688 1497 995 1552 habendum
1025 1496 1131 1563 sit,
1163 1505 1226 1550 ut
1254 1498 1429 1565 potius
1456 1497 1527 1550 sit
1551 1497 1830 1551 exsultan-

240 1590 370 1643 dum
395 1605 459 1643 ac
488 1588 852 1659 gaudendum,
881 1590 1077 1659 quippe
1100 1588 1189 1659 qui
1216 1588 1483 1644 charisma
1513 1588 1828 1645 habeamus.

244 1680 484 1735 Virtutes
512 1689 665 1735 vocat
684 1680 1010 1735 charismata
1036 1691 1091 1735 et
1117 1681 1277 1745 dona,
1307 1697 1412 1735 non
1439 1690 1616 1736 tamen
1638 1681 1830 1736 eodem

242 1774 428 1839 modo,
455 1783 618 1842 atque
642 1773 742 1828 alia
768 1790 783 1827 :
814 1773 900 1827 illa
932 1773 1075 1827 enim
1106 1782 1214 1828 tota
1245 1772 1336 1828 Dei
1362 1783 1521 1837 sunt;
1556 1773 1670 1826 haec
1701 1787 1831 1827 vero

238 1863 412 1919 etiam
460 1873 667 1920 nostra.
690 1862 1067 1919 Verumtamen
1113 1866 1363 1934 quoniam
1392 1874 1446 1920 ct
1467 1866 1553 1920 hic
1578 1865 1747 1935 major
1767 1880 1831 1920 ac

242 1957 430 2026 potior
458 1971 581 2027 pars
621 1956 711 2011 Dei
736 1966 816 2011 est
836 1997 851 2024 ,
877 1969 1158 2028 prOpterea
1194 1967 1361 2012 totum
1395 1959 1563 2027 ipsius
1590 1972 1710 2012 esse
1742 1959 1831 2010 in-

240 2048 402 2116 quit,
436 2063 536 2103 non
566 2047 852 2103 voluntatis
884 2047 1187 2105 libertatem
1215 2060 1466 2103 evertens
1491 2090 1505 2113 ,
1543 2049 1638 2104 sed
1684 2049 1829 2117 ipsos

237 2154 507 2208 apparans
537 2148 591 2193 ut
628 2139 890 2194 moderati
933 2150 986 2194 et
1027 2142 1165 2210 grati
1201 2141 1328 2195 sint.
1356 2140 1445 2196 30.
1492 2139 1636 2194 Idem
1666 2152 1829 2194 certa-

240 2248 354 2284 men
384 2230 641 2297 habentes,
670 2234 825 2301 quale
855 2234 1047 2287 vidistis
1076 2234 1128 2286 in
1157 2249 1253 2287 me.
1290 2233 1344 2287 Id
1370 2243 1477 2299 est,
1512 2234 1825 2302 Exemplum

242 2323 403 2375 etiam
432 2321 659 2377 habetis.
686 2323 897 2378 Rursus
922 2324 1021 2379 hoc
1052 2325 1169 2380 loco
1192 2325 1336 2396 ipsos
1362 2326 1591 2380 extollit.
1618 2325 1827 2395 Ubique

243 2416 384 2469 enim
427 2430 521 2469 eos
563 2417 803 2471 ostendit
858 2416 910 2472 itt
972 2417 1161 2473 iisdem
1217 2434 1397 2473 secum
1438 2420 1827 2474 certaminibus

242 2507 460 2572 versari,
485 2507 705 2563 eosdem
735 2509 967 2579 impetus
990 2513 1149 2575 ferre,
1180 2510 1427 2578 privatim
1450 2512 1636 2577 etiam,
1663 2520 1826 2580 atque

242 2598 376 2668 apud
412 2599 664 2670 scipsos:
694 2617 762 2656 eo
800 2601 943 2671 quod
987 2601 1204 2657 easdem
1243 2612 1403 2672 atque
1447 2603 1561 2672 ipse
1595 2604 1825 2659 tolerent

245 2689 584 2746 mutationes.
614 2690 729 2745 Non
758 2693 915 2755 dixit,
958 2692 1196 2747 Audistis
1219 2736 1232 2755 ,
1264 2694 1380 2757 sed,
1423 2692 1628 2748 Vidistis
1655 2714 1666 2748 :
1701 2710 1822 2748 nant

241 2788 291 2832 et
319 2780 461 2844 illic,
505 2780 557 2836 id
583 2792 667 2836 est
711 2782 766 2837 in
814 2783 1239 2855 Philippensiunt
1286 2786 1417 2840 urbe
1445 2827 1461 2848 ,
1493 2795 1818 2842 certaverat.

244 2869 349 2923 lloc
394 2871 556 2941 igitur
595 2889 802 2943 magna:
846 2876 1056 2930 \‘it'tttLS
1103 2885 1204 2930 est.
1249 2876 1610 2942 Quamobrem
1654 2888 1709 2932 et
1755 2878 1821 2932 ad

240 2960 454 3016 Galatas
476 2964 722 3019 scribens
744 2967 957 3021 dicebat
981 2986 993 3021 :
1022 2967 1186 3021 Tanta
1206 2970 1344 3038 passi
1375 2970 1493 3022 estis
1513 2970 1619 3023 sine
1642 2986 1819 3033 causa,

240 3055 283 3106 si
310 3064 476 3108 tamen
517 3057 628 3109 sine
661 3074 815 3110 causa
856 3058 997 3128 (Gal.
1032 3060 1087 3115 3.
1118 3058 1214 3131 ης
1248 3070 1303 3114 et
1348 3060 1588 3115 llebratis
1636 3075 1824 3114 rursus

240 3144 478 3199 scribens
504 3145 740 3208 dicebat.
772 3147 1201 3203 lientemoramiui
1225 3161 1391 3206 autem
1422 3152 1663 3220 pristinos
1690 3152 1820 3217 dies,

241 3235 293 3287 in
310 3237 490 3305 quibus
518 3238 792 3292 illuminati
822 3257 1061 3310 maguum
1087 3252 1338 3295 certamen
1361 3243 1674 3305 sustinuistis
1702 3260 1821 3313 pas-

243 3330 435 3383 sionum
455 3372 469 3393 ,
500 3340 547 3382 et
581 3332 632 3384 in
668 3334 826 3385 altera
851 3334 1054 3402 quidem
1090 3335 1378 3403 opprobriis
1406 3345 1452 3389 et
1480 3336 1823 3390 tribulationi-

238 3421 325 3474 bus
354 3425 701 3492 spectaculum
746 3427 873 3497 [acti
894 3468 909 3489 ,
960 3428 1013 3480 in
1059 3429 1221 3482 altera
1266 3440 1433 3483 autem
1480 3430 1606 3484 socii
1648 3430 1819 3484 taliter

240 3516 638 3569 conversantium
676 3516 837 3582 ell'ecti
867 3520 883 3587 (
910 3517 1066 3575 llcbr.
1100 3521 1185 3575 10.
1227 3522 1316 3574 59..
1343 3520 1473 3592 55).
1522 3523 1590 3577 Ει
1633 3538 1820 3577 rursus

238 3606 620 3662 Macedonibus
647 3651 662 3675 ,
707 3611 757 3665 id
806 3622 889 3665 est
915 3653 929 3674 .
958 3598 1532 3670 'l'bessalonicensibus
1577 3617 1820 3671 scribens

236 3699 467 3765 dieebat,
504 3699 529 3753 1
536 3702 614 3770 psi
636 3703 767 3756 enim
799 3705 860 3757 de
889 3705 1030 3759 nobis
1060 3709 1385 3774 annuntiant,
1414 3708 1611 3780 qualem
1641 3711 1820 3764 introi-

237 3800 339 3843 tum
369 3792 692 3848 habuerimus
718 3796 785 3848 ad
814 3812 942 3862 vos;
967 3810 1020 3853 et
1048 3816 1255 3865 rursus,
1293 3799 1431 3854 Nam
1456 3812 1501 3854 et
1532 3803 1631 3871 ipsi
1656 3804 1813 3869 scitis,

239 3885 455 3952 fratres,
483 3886 746 3941 introitum
768 3901 993 3943 nostrtun
1019 3892 1086 3943 ad
1117 3911 1221 3957 vos,
1253 3911 1373 3964 quia
1404 3912 1503 3949 non
1531 3897 1696 3950 inanis
1724 3899 1819 3964 fuit

236 3972 313 4041 (l.
342 3972 523 4031 Thess.
560 3978 609 4032 1.
632 3979 685 4034 9.
716 3990 762 4033 et
802 3980 853 4034 2.
887 3982 964 4051 i).
996 3981 1331 4053 Omninoque
1358 3985 1427 4040 de
1453 3988 1701 4041 omnibus
1735 3988 1818 4041 id-

236 4064 412 4131 ipsum
454 4068 701 4125 similiter
745 4079 1013 4138 tesmtur,
1055 4077 1346 4130 certamina
1390 4086 1444 4132 et
1490 4093 1713 4147 pugnas.
1753 4082 1819 4133 At

234 4156 459 4211 minime
495 4158 597 4214 hoc
628 4176 768 4217 nunc
810 4164 948 4234 apud
1000 4181 1097 4220 nos
1130 4167 1431 4222 invenietur
1461 4186 1474 4220 :
1509 4183 1649 4222 nunc
1672 4168 1816 4222 enim

233 4247 364 4300 satis
390 4248 528 4303 bene
568 4254 744 4320 agitur
766 4293 782 4317 ,
830 4256 872 4307 si
905 4257 1024 4323 quis
1054 4258 1136 4311 vel
1183 4259 1235 4311 itt
1268 4258 1508 4328 pecuniis
1545 4259 1816 4329 quidpiam

231 4337 542 4393 detrimenti
568 4340 718 4396 lerat.
748 4345 822 4397 Ac
844 4362 973 4400 sane
998 4347 1048 4400 in
1084 4350 1323 4417 pecuniis
1349 4365 1561 4420 quoque
1591 4350 1817 4418 pratcla-

231 4443 352 4481 rum
387 4428 456 4483 de
487 4430 592 4485 illis
622 4437 986 4491 testimonium
1025 4439 1115 4492 dat
1165 4440 1359 4495 Paulus
1390 4458 1404 4495 :
1441 4457 1561 4495 nam
1589 4440 1658 4496 de
1699 4442 1819 4498 aliis

229 4520 450 4589 quidem
498 4523 571 4578 ita
613 4526 775 4591 dicit,
814 4527 1066 4599 liapinam
1112 4533 1356 4586 bonorum
1388 4545 1664 4587 vestrorum
1706 4551 1821 4587 cum

228 4613 420 4679 gaudio
443 4617 735 4685 suscepistis
769 4619 951 4689 (Hebr.
992 4624 1073 4677 l0.
1102 4625 1193 4695 5i)
1220 4642 1233 4687 ;
1263 4625 1329 4679 de
1355 4626 1476 4679 aliis
1500 4643 1650 4692 vero,
1684 4624 1817 4679 Pro-

229 4701 474 4757 harerunt
508 4707 812 4763 Macedonia
835 4723 880 4766 et
911 4715 1103 4768 Achaia
1126 4718 1447 4771 collationem
1486 4718 1708 4789 aliquam
1737 4721 1818 4789 [a-

229 4810 339 4847 crre
366 4797 422 4848 in
465 4816 713 4869 pauperes
754 4804 932 4872 (Rom.
1082 4809 1212 4881 2(3);
1259 4825 1312 4866 ct
1351 4813 1543 4866 iterum
1573 4854 1588 4877 ,
1644 4810 1820 4866 Vestra

227 4888 485 4942 wmnlmia
522 4899 809 4958 provocarit
840 4899 1084 4969 plurimos
1112 4903 1188 4973 (2.
1221 4904 1340 4959 Cor.
1372 4905 1424 4961 9.
1454 4905 1532 4977 2).

301 4980 356 5033 4.
404 4980 566 5038 Vides
616 4987 760 5042 illius
806 4995 1061 5060 temporis
1100 4998 1333 5052 virorum
1379 5000 1666 5054 encotnia?
1708 4998 1817 5055 Nos

225 5085 364 5123 vero
390 5090 456 5127 ne
479 5077 543 5130 ad
568 5078 752 5150 alapas
783 5084 997 5152 quidem
1024 5097 1072 5141 et
1107 5090 1287 5160 plagas
1315 5107 1482 5163 usque
1504 5093 1816 5163 sapientiam

226 5168 584 5236 adhibemus;
616 5176 723 5229 imo
745 5190 852 5229 non
876 5183 1277 5251 contumeliam,
1313 5200 1418 5238 non
1469 5187 1815 5255 pecuniarum

224 5259 493 5329 iacturam
534 5264 774 5321 ferimus.
803 5268 882 5322 Illi
915 5269 1026 5338 jam
1051 5287 1241 5328 omnes
1265 5277 1607 5332 aunulatores
1628 5289 1781 5332 erant
1801 5321 1817 5344 ,

227 5364 281 5405 et
311 5363 575 5416 martyres
605 5357 657 5410 in
694 5370 971 5415 certamen
1001 5361 1429 5427 descendentes;
1460 5383 1557 5423 nos
1580 5384 1707 5424 vero
1731 5386 1823 5425 ca-

230 5445 444 5497 ritatem
487 5446 539 5500 in
588 5446 862 5504 Christum
912 5454 1366 5525 relrigerarimus.
1410 5457 1617 5514 Rursus
1657 5476 1822 5531 cogor

230 5550 551 5605 prazsentcm
584 5556 765 5597 rerum
797 5554 996 5600 statum
1027 5563 1306 5603 accusare.
1340 5550 1405 5605 Et
1427 5551 1551 5621 quid
1586 5551 1821 5607 faciam?

230 5628 426 5685 nollem
452 5633 696 5703 quidem,
722 5634 817 5691 sed
858 5638 1012 5709 plane
1033 5653 1218 5712 cogor.
1248 5640 1377 5697 Nam
1403 5643 1447 5699 si
1475 5643 1589 5699 ﬁeri
1612 5656 1817 5719 posset,

1156 191 1223 248 IN
1261 190 1473 247 El’lST.
1514 189 1604 245 AD
1644 185 1929 244 PlllLlPP.
1971 184 2122 243 CAP.
2168 188 2206 243 Ι.
2249 188 2478 247 ιιοιιιι.
2523 192 2608 249 IV.

3428 203 3536 261 210

1946 310 2003 355 ιιι
2034 302 2260 360 tacendo
2282 345 2299 369 ,
2332 322 2432 362 nec
2457 308 2746 379 quidquam
2783 325 2849 365 ex
2883 311 2948 366 iis
2979 329 3097 383 quat
3122 324 3270 384 gesta
3310 315 3535 374 fuissent

1944 397 2448 463 commemorando,
2491 399 2706 453 silentio
2748 401 2865 468 ipso
2895 444 2911 467 ,
2952 418 3015 457 ea
3053 419 3174 473 qua:
3218 416 3476 475 geruntur
3502 426 3534 464 e

1947 485 2124 540 medio
2160 487 2510 557 tollerentur,
2546 492 2827 549 tacendum
2871 505 3017 550 certe
3042 506 3159 551 erat
3189 515 3202 550 :
3233 499 3313 551 sin
3352 509 3530 556 autem

1945 586 2130 630 contra
2165 576 2240 642 lit,
2274 588 2328 632 et
2358 579 2515 635 nobis
2542 582 2841 637 tacentibus
2870 601 2973 637 non
3007 586 3167 639 ntodo
3195 604 3301 641 non
3338 590 3534 642 tollun-

1947 677 2054 732 tur,
2088 668 2182 722 sed
2221 671 2466 740 graviora
2492 672 2651 726 etiam
2685 673 2817 727 liont
2840 715 2856 739 ,
2898 675 3183 731 dicendum
3229 682 3531 733 necessario

1945 770 2046 814 est.
2078 759 2210 815 Nam
2237 763 2325 831 qui
2356 773 2569 832 peccata
2602 776 2838 829 accusat,
2875 778 2929 820 ttt
2958 767 3089 822 nihil
3118 769 3258 822 aliud
3291 781 3529 839 pratstet,

1945 862 2091 907 certe
2119 852 2329 924 longius
2356 854 2446 910 ille
2483 856 2731 926 progredi
2763 873 2871 912 non
2914 858 3060 913 sinit.
3095 859 3247 914 Nulla
3278 862 3420 916 enim
3448 872 3531 915 est

1947 950 2053 997 tant
2097 944 2378 1014 impudens
2409 947 2585 1001 anima
2616 962 2679 1001 ac
2709 948 2988 1002 temeraria
3020 990 3035 1014 ,
3068 966 3186 1019 qua:
3230 951 3276 1005 si
3316 952 3529 1007 assidue

1944 1050 2003 1089 se
2032 1035 2350 1105 reprehendi
2380 1038 2597 1103 audiat,
2630 1055 2734 1093 non
2766 1040 3102 1094 sull'undatur
3139 1042 3338 1110 pudore
3364 1084 3379 1107 ,
3420 1059 3524 1097 non

1943 1128 2180 1182 remittat
2226 1129 2427 1199 aliquid
2473 1129 2540 1185 de
2586 1145 2792 1185 summa
2841 1132 2926 1185 illa
2973 1132 3333 1202 improbitate.
3385 1133 3527 1189 Inest

1941 1218 2121 1285 enim,
2168 1219 2306 1274 inest
2346 1222 2507 1275 etiam
2554 1221 2605 1276 in
2656 1222 3057 1292 impudentibus
3096 1225 3364 1293 paululum
3397 1227 3523 1296 quid

1940 1311 2278 1366 verecundiae
2306 1331 2319 1366 :
2348 1323 2549 1367 natura:
2572 1315 2713 1369 enim
2741 1325 2937 1370 nostra:
2963 1316 3102 1370 Dens
3124 1317 3238 1386 ipse
3267 1317 3522 1387 pudorem

1940 1402 2154 1458 inserit.
2202 1403 2412 1458 Etenim
2453 1404 2666 1475 quando
2716 1422 2821 1461 non
2861 1408 2991 1460 satis
3019 1417 3225 1477 poterat
3259 1409 3417 1464 titnor
3455 1408 3522 1463 ad

1940 1510 2039 1551 nos
2067 1497 2488 1566 componendus,
2522 1498 2717 1552 multas
2754 1500 2889 1554 alias
2920 1516 3023 1554 non
3057 1502 3328 1571 peccando
3357 1507 3525 1557 ratio-

1940 1602 2035 1641 nes
2061 1589 2337 1657 apparavit
2370 1606 2383 1641 :
2411 1600 2467 1642 ut
2499 1590 2943 1659 reprehensiones
2976 1591 3286 1658 hominum,
3321 1604 3520 1650 metunt

1940 1678 2290 1733 humanarum
2342 1679 2541 1749 legum.
2590 1695 2829 1735 amorem
2874 1682 3105 1752 glorias,
3160 1685 3518 1741 amicitiarum

1936 1770 2194 1825 studium.
2225 1772 2417 1826 Omnia
2444 1773 2586 1828 enim
2620 1772 2735 1828 haec
2763 1788 2829 1828 eo
2855 1788 2954 1828 nos
2981 1773 3272 1840 adducunt,
3307 1786 3363 1830 ut
3394 1794 3520 1847 pce-

1934 1862 2161 1918 candum
2190 1878 2295 1918 non
2320 1872 2581 1933 putemus.
2610 1865 2765 1936 Stepe
2788 1865 2931 1919 enim
2960 1882 3079 1935 qua:
3104 1875 3319 1935 propter
3350 1869 3511 1925 Deum

1934 1954 2155 2009 minime
2186 1955 2406 2021 liehant,
2440 1967 2661 2027 propter
2686 1956 2943 2026 pudorem
2976 1966 3100 2011 sunt
3126 1957 3299 2026 facta;
3325 1969 3376 2013 et
3399 1976 3518 2030 qua:

1934 2046 2026 2102 Dei
2054 2061 2236 2114 causa,
2270 2056 2327 2102 ut
2355 2048 2579 2102 velimus
2609 2063 2714 2101 non
2741 2047 3080 2114 adducimur,
3108 2064 3168 2104 ea
3202 2051 3389 2104 timore
3422 2051 3520 2105 ho-

1933 2139 2135 2193 mittunt
2164 2139 2508 2210 suscipimus.
2537 2138 2690 2207 Quod
2716 2140 2859 2194 enim
2892 2140 3109 2209 petitur,
3139 2139 3240 2195 hoc
3259 2151 3341 2196 est
3364 2183 3378 2206 ,
3409 2142 3521 2212 pri-

1934 2249 2078 2287 mum
2104 2275 2119 2296 ,
2150 2242 2205 2287 ut
2229 2233 2499 2288 discamus
2528 2249 2634 2288 non
2680 2248 2906 2303 peccare
2932 2248 2948 2298 ;
2980 2233 3175 2289 deinde
3220 2251 3347 2289 vero
3387 2234 3518 2291 illud

1931 2324 2114 2388 etiam,
2151 2333 2207 2377 ut
2230 2324 2321 2378 Dei
2350 2341 2508 2378 causa
2538 2326 2638 2379 hoc
2667 2340 2910 2394 agamus,
2935 2340 3345 2395 consequemur.
3372 2327 3523 2382 Alio~

1930 2416 2019 2484 qui
2063 2415 2191 2485 quid
2222 2430 2399 2469 causa:
2445 2416 2665 2479 fuisset,
2694 2432 2791 2472 cur
2821 2416 3020 2471 Paulus
3045 2432 3137 2472 eos
3158 2458 3175 2483 ,
3206 2420 3399 2487 quibus
3424 2437 3517 2474 su-

1935 2508 2150 2577 perandi
2174 2506 2466 2560 adversarii
2497 2523 2590 2575 per
2615 2508 2923 2576 patientiam
2942 2518 3115 2571 erant,
3142 2524 3245 2563 n0n
3268 2526 3296 2562 a
3326 2510 3516 2566 timore

1936 2601 2030 2654 Dei
2058 2600 2372 2653 coltortatnr
2397 2641 2412 2663 ,
2460 2599 2555 2653 sed
2596 2599 2740 2663 inde,
2769 2600 2911 2669 quod
2955 2600 3277 2671 supplicium
3307 2602 3375 2656 de
3411 2604 3517 2656 dlis

1931 2689 2194 2759 sumpturi
2225 2690 2450 2744 eSsent?
2483 2688 2598 2742 Hoc
2626 2690 2757 2743 enim
2782 2689 2977 2760 faciens
3000 2729 3015 2755 ,
3047 2692 3249 2760 inquit,
3278 2693 3516 2747 carbones

1929 2783 2060 2851 ignis
2087 2798 2326 2853 cougeres
2352 2798 2505 2852 super
2530 2791 2680 2850 caput
2706 2781 2814 2852 ejus
2844 2780 3019 2850 (Rom.
3050 2780 3135 2835 i2.
3166 2781 3281 2847 20).
3308 2781 3513 2839 Interea

1930 2874 2075 2927 enim
2129 2875 2266 2927 hanc
2308 2873 2741 2943 progressionem
2804 2872 2916 2926 ﬁeri
2968 2873 3079 2926 vult
3121 2874 3186 2926 ad
3238 2872 3511 2928 virtutem.

1930 2965 2071 3021 Inest
2099 2966 2260 3036 igitur
2282 3008 2295 3029 ,
2324 2966 2464 3036 quod
2491 2975 2645 3021 antea
2689 2965 2932 3020 dicebam
2962 3007 2975 3031 ,
3024 2966 3075 3020 itt
3130 2966 3284 3021 nobis
3327 2967 3510 3021 nescio

1928 3058 2055 3129 quid
2080 3060 2370 3115 verecundi
2401 3100 2417 3124 ,
2453 3060 2725 3130 multaque
2766 3059 3025 3114 naturalia
3074 3059 3329 3114 habemus
3371 3060 3509 3115 bona

1925 3150 1993 3204 ad
2028 3152 2276 3206 virtutem
2308 3169 2321 3204 :
2354 3152 2588 3221 exempli
2618 3166 2809 3216 causa,
2844 3150 2909 3205 ad
2943 3150 3361 3206 miscricordiam
3388 3167 3509 3207 om-

1929 3256 2024 3295 nes
2052 3256 2082 3294 a
2127 3252 2312 3296 natura
2346 3257 2659 3306 mutentur,
2696 3256 2794 3296 nec
2823 3241 3110 3313 quidquam
3150 3244 3290 3297 aliud
3326 3244 3376 3297 itt
3410 3261 3509 3298 tta-

1928 3341 2044 3388 tura
2076 3344 2257 3387 nostra
2289 3348 2441 3403 atque
2470 3333 2668 3387 bonum
2704 3344 2785 3387 est
2811 3344 2969 3403 atque
2998 3333 3119 3389 hoc.
3147 3335 3508 3403 Quamobrem

1927 3427 2120 3482 merito
2150 3428 2309 3482 etiam
2337 3427 2599 3497 quispiam
2620 3427 2910 3497 qua‘sietit,
2944 3444 3100 3495 quant
3124 3428 3192 3481 ob
3218 3444 3432 3483 causam
3455 3429 3509 3484 id

1927 3520 2261 3591 potissimum
2294 3528 2490 3573 nostra:
2513 3528 2718 3573 natura:
2747 3520 2816 3573 sit
2846 3518 3083 3585 insitum,
3119 3529 3177 3574 ttt
3204 3520 3511 3590 frangantur

1927 3616 2216 3688 lacrymis,
2246 3613 2524 3669 ﬂectantur
2570 3621 2625 3667 et
2668 3611 2735 3666 ad
2784 3611 3131 3666 misericordi.
3158 3630 3208 3667 ut
3259 3614 3509 3682 propensi

1925 3710 2116 3764 sintus.
2148 3707 2317 3762 Nemo
2358 3716 2547 3760 natura
2588 3715 2837 3760 strenuus
2863 3716 2944 3759 ρει
2969 3746 2983 3767 ,
3030 3721 3188 3760 uettto
3228 3714 3413 3761 natura
3444 3705 3513 3758 ah

1926 3801 2099 3855 inanis
2127 3800 2312 3868 gloria:
2338 3796 2629 3866 cupiditate
2654 3795 2825 3861 liber,
2856 3811 3016 3851 nemo
3044 3806 3231 3851 natura
3261 3798 3509 3866 superior

1925 3893 2268 3948 aemulatione
2301 3910 2314 3945 :
2342 3890 2438 3945 sed
2467 3889 2708 3945 misereri
2740 3888 2989 3944 omnibus
3013 3904 3043 3943 a
3072 3900 3260 3943 natum
3289 3889 3511 3945 ittditttttt

1925 3994 2028 4051 est,
2052 3984 2396 4055 quantumvis
2424 3982 2657 4038 crudelis
2684 3981 2751 4037 sit
2796 3983 2916 4052 quis
2953 3991 3010 4038 et
3053 3997 3247 4038 saevus.
3280 3981 3346 4037 Et
3383 3982 3512 4053 quid

1927 4078 2141 4140 mirum,
2174 4076 2218 4130 si
2257 4091 2380 4145 erga
2424 4072 2670 4129 homines
2702 4075 2839 4127 hanc
2883 4074 3294 4143 propensionem
3323 4081 3511 4126 osten-

1926 4168 2158 4222 damns?
2187 4166 2419 4222 ferarum
2441 4166 2601 4220 etiam
2627 4164 2947 4220 miseremur
2970 4181 2984 4217 :
3011 4165 3147 4220 adeo
3171 4165 3324 4219 nobis
3347 4163 3509 4219 ittdita

1927 4269 2009 4315 cst
2055 4257 2441 4313 misericordia.
2492 4256 2587 4309 Vel
2642 4256 2810 4310 leonis
2857 4255 3091 4309 catulum
3148 4255 3509 4323 aSpit-ieutes,

1927 4349 2169 4406 nonnihil
2196 4361 2599 4403 commoremur
2632 4363 2646 4398 :
2680 4353 2883 4415 quanto
2909 4345 3070 4416 igitur
3096 4346 3265 4415 magis
3284 4361 3407 4415 erga
3432 4347 3507 4411 id,

1924 4443 2065 4515 quod
2090 4441 2330 4511 ejusdem
2363 4440 2639 4495 nobiscum
2666 4440 2878 4509 generis
2907 4440 3034 4494 est?
3063 4440 3192 4494 llent
3224 4450 3354 4509 quot
3379 4441 3508 4495 ca-ci

1926 4547 1980 4592 et
1998 4534 2316 4606 corporibus
2335 4533 2612 4593 mutilatis.
2637 4548 2779 4602 szrpc
2798 4531 3049 4595 dicimus,
3076 4548 3179 4585 non
3204 4532 3510 4601 ignorantes

1929 4632 1982 4688 id
2010 4631 2140 4686 satis
2168 4639 2348 4701 aptum
2376 4642 2528 4694 esse,
2562 4625 2701 4698 quod
2742 4640 2841 4679 nos
2868 4623 2934 4677 ad
2963 4623 3385 4679 misericordiam
3407 4627 3504 4683 ad-

1926 4724 2104 4777 ducat.

2001 4812 2150 4868 Nihil
2176 4826 2315 4880 teque
2350 4809 2510 4863 Deum
2533 4807 2745 4861 delectat
2775 4815 2827 4858 ut
2856 4805 3200 4859 misericordia
3229 4816 3278 4860 et
3299 4806 3511 4860 elevato-

1926 4923 2075 4976 sgna.
2098 4933 2168 4944 —-
2188 4902 2325 4957 Nihil
2369 4915 2521 4971 atque
2548 4900 2712 4953 Deum
2742 4897 3006 4965 delectat,
3040 4909 3093 4953 ut
3123 4898 3508 4954 tttisericordia.

1927 4998 2282 5067 Quamobrem
2313 4993 2657 5058 sacerdotes,
2688 5007 2862 5062 reges,
2890 4993 3165 5063 prOpbetm
3192 4992 3312 5045 oleo
3342 5005 3507 5057 unge-

1928 5093 2118 5147 bantur
2148 5107 2161 5143 :
2191 5089 2367 5142 oleum
2398 5085 2541 5141 enim
2581 5101 2678 5155 pro
2710 5084 2955 5157 symbolo
2998 5084 3090 5137 Dei
3130 5081 3510 5135 misericordia

1929 5184 2213 5241 habebant.
2237 5181 2503 5235 Praeterea
2533 5177 2812 5233 discebant
2842 5176 2891 5230 itt
2925 5174 3162 5245 principe
3195 5176 3311 5240 plus
3347 5174 3511 5224 tniso-

1928 5275 2172 5332 ricordia:
2197 5271 2393 5341 requiri
2426 5289 2440 5327 :
2466 5271 2592 5325 item
2618 5267 2998 5324 ostendebatur
3018 5264 3262 5333 spirinnn
3293 5278 3509 5333 propter

1928 5365 2350 5424 misericordiam
2370 5373 2648 5418 venturum
2669 5374 2790 5415 esse
2818 5360 2868 5412 itt
2893 5356 3183 5409 hominem.
3207 5355 3345 5411 Dens
3364 5358 3506 5413 enim

1930 5459 2204 5513 hominum
2246 5456 2555 5518 miseretur,
2584 5462 2639 5508 et
2668 5451 2895 5520 benigne
2921 5463 3041 5503 cum
3086 5447 3213 5516 ipsis
3236 5449 3345 5518 agit
3370 5466 3381 5501 :
3413 5448 3516 5502 Mi«

1928 5552 2104 5606 sereris
2127 5549 2261 5603 enim
2300 5546 2559 5609 omnium,
2589 5543 2789 5613 inquit,
2820 5540 2937 5610 quia
2964 5540 3133 5593 omnia
3164 5550 3305 5609 potes
3346 5540 3503 5610 (Sap.

1930 5645 2015 5700 il.
2044 5643 2159 5715 ει).
2189 5643 2477 5711 Propterea
2501 5638 2619 5694 oleo
2650 5634 3057 5706 inungebautur.
3092 5632 3221 5687 Nam
3253 5640 3305 5689 et
3331 5647 3509 5689 sacer-
