4044 6202
531 217 628 277 211

537 332 740 387 donum
773 331 947 403 ipsum
972 347 1037 388 es
1070 334 1433 391 misericordia
1461 335 1709 389 instituit.
1741 335 1935 389 Verum
1964 348 2117 403 rcges

536 433 697 479 etiam
718 425 841 481 oleo
873 427 1283 497 inungcbantur.
1304 426 1371 482 Et
1389 427 1433 481 si
1454 427 1574 497 quis
1597 426 1888 499 principem
1916 426 2116 494 laudet,

535 516 665 571 nihil
695 517 835 587 quod
866 533 1018 588 teque
1043 520 1215 589 ipsum
1244 517 1431 574 deceat
1456 517 1670 582 afferet,
1703 531 1769 573 ac
1812 519 2119 574 misericor-

533 607 677 662 diam
704 626 716 663 :
749 609 1077 682 principatus
1092 612 1232 665 enim
1265 611 1539 681 proprium
1558 621 1641 666 est
1657 611 1918 668 misereri.
1934 611 2118 681 Cogita

536 714 604 753 ex
647 701 1008 756 misericordia
1048 716 1169 757 esse
1196 703 1470 759 conditum
1501 703 1796 770 mundum,
1826 712 1881 759 et
1908 702 2121 757 imitare

540 790 845 844 Dominum.
867 791 1152 859 Miseratio,
1187 794 1378 864 inquit,
1405 795 1622 850 hominis
1654 796 1792 848 circa
1832 796 2120 865 proximum

533 899 683 936 suum
699 898 715 936 :
734 882 1077 937 misericordia
1092 895 1258 940 autem
1280 885 1373 940 Dei
1386 902 1540 956 super
1552 901 1749 940 omnem
1765 901 1967 939 carnem
1991 883 2120 956 (Ec-

534 973 836 1043 rli.18.12).
851 974 1154 1041 Quomodo,
1171 977 1341 1048 Super
1357 993 1560 1032 omnem
1578 994 1782 1033 carnem
1798 978 1824 1031 ?
1844 977 1970 1034 Sive
1994 992 2119 1047 pec-

535 1073 767 1130 catm-es,
796 1066 910 1121 sive
934 1066 1112 1136 iustos
1139 1067 1425 1136 protuleris
1449 1106 1465 1134 ,
1496 1082 1687 1124 omnes
1707 1084 1929 1139 egemus
1954 1069 2121 1124 mise-

535 1154 762 1210 ricordia
786 1158 898 1223 Dei,
922 1173 1112 1214 omnes
1131 1159 1245 1230 ip<a
1269 1158 1514 1225 fruimur,
1539 1157 1653 1213 sive
1673 1161 1790 1230 ipse
1808 1160 1877 1214 sit
1901 1159 2118 1223 Paulus.

535 1247 650 1304 sive
672 1249 880 1314 Petrus,
905 1250 1018 1305 sive
1038 1250 1292 1306 Joannes.
1318 1252 1492 1321 Atque
1509 1252 1633 1307 audi
1658 1251 1893 1321 ipsorum
1912 1251 2078 1308 verba
2101 1269 2118 1307 :

535 1341 663 1410 quid
690 1342 831 1395 enim
862 1344 1058 1397 uostris
1079 1357 1214 1412 Oplls
1232 1353 1314 1397 cst
1332 1347 1357 1397 ἲ
1394 1343 1529 1412 Quid
1561 1344 1720 1414 igitur
1740 1344 1910 1415 inquit.
1936 1344 2124 1399 beatus

538 1430 663 1485 hic?
685 1428 790 1485 Sed
813 1432 1208 1487 misericordiam
1230 1445 1564 1504 consequutus
1584 1450 1717 1499 sum,
1738 1437 1857 1506 quia
1881 1436 2123 1506 ignorans

537 1523 637 1592 feci
665 1523 754 1591 (1.
789 1518 919 1578 Tim.
957 1525 1005 1578 1.
1041 1524 1166 1596 15).
1211 1525 1347 1590 Quid
1375 1528 1549 1594 ergo?
1575 1535 1755 1594 postea
1792 1543 1899 1582 non
1933 1529 2123 1597 egebat

537 1613 904 1668 misericordia
928 1614 952 1667 ?
979 1615 1113 1669 Audi
1138 1615 1263 1685 quid
1285 1615 1427 1671 dicat
1452 1633 1465 1669 :
1497 1616 1853 1672 Abundantius
1880 1618 1983 1673 illis
2008 1634 2112 1672 om-

537 1706 685 1759 nibus
713 1705 939 1760 laboravi
962 1747 978 1771 ,
1002 1723 1111 1763 non
1147 1723 1239 1778 ego
1266 1718 1433 1762 autem
1449 1750 1464 1773 ,
1497 1709 1587 1763 sed
1611 1711 1777 1780 gratia
1804 1708 1901 1764 Dei
1929 1727 2121 1765 mecum

540 1797 616 1871 (1.
650 1797 770 1854 Cor.
804 1800 893 1855 15.
922 1798 1044 1872 10);
1079 1814 1141 1856 ac
1169 1816 1356 1856 rursus
1392 1801 1461 1856 de
1498 1801 1864 1872 Epaphrodito
1909 1805 2118 1874 inquit,

539 1890 680 1944 Nam
705 1902 752 1945 et
790 1892 1076 1961 inﬁrmatus
1104 1902 1176 1948 est
1206 1910 1361 1964 usque
1383 1894 1451 1947 ad
1481 1904 1688 1949 mortem
1708 1936 1721 1958 ,
1748 1895 1840 1950 sed
1870 1894 2005 1949 Deus
2028 1898 2122 1949 mi-

535 1995 696 2039 sertus
722 1993 794 2038 est
826 1987 954 2055 ejus,
986 2001 1088 2039 non
1115 1984 1280 2039 solum
1307 1994 1473 2038 autem
1497 1987 1610 2055 eius
1630 2026 1648 2051 ,
1680 2002 1853 2041 verum
1879 1987 2032 2041 etiam
2073 1998 2123 2043 et

537 2077 638 2130 mei
658 2117 672 2139 ,
705 2093 768 2130 ne
793 2077 1048 2130 tristitiam
1084 2092 1236 2144 super
1262 2077 1521 2130 tristitiam
1561 2076 1795 2132 haberem
1840 2077 1860 2146 (
1886 2075 2118 2149 Philipp.

536 2166 594 2222 2.
623 2165 750 2236 27);
781 2177 834 2221 ct
860 2180 1049 2221 rursus
1070 2207 1085 2232 ,
1119 2165 1349 2230 Graeati,
1383 2165 1588 2238 inquit,
1620 2184 1796 2223 sumus
1819 2185 1980 2239 supra
2007 2185 2121 2224 mo-

538 2257 680 2316 dmn,
709 2259 781 2310 ita
806 2266 858 2309 ut
888 2257 1091 2311 twderet
1116 2273 1208 2310 nos
1233 2260 1381 2311 etiam
1407 2259 1588 2312 vivere.
1622 2258 1729 2315 Sed
1754 2262 1855 2331 ipsi
1878 2260 1931 2313 in
1952 2261 2123 2316 nobis.

536 2350 766 2419 metipsis
804 2364 1102 2419 responsum
1147 2351 1322 2404 mortis
1370 2350 1636 2406 habuimus
1658 2393 1674 2417 ,
1728 2361 1783 2405 ut
1823 2368 1924 2407 non
1963 2353 2123 2408 simus

538 2440 750 2511 ﬁdentes
769 2441 823 2494 in
862 2440 1036 2503 nobis,
1078 2442 1167 2495 sed
1203 2443 1253 2495 iu
1294 2440 1404 2497 Deo
1427 2484 1441 2508 ,
1483 2444 1569 2514 qui
1595 2442 1658 2497 de
1696 2445 1850 2499 tantis
1879 2445 2125 2501 mortibus

537 2533 723 2601 eripuit
754 2550 863 2596 nos,
889 2543 935 2586 et
962 2534 1138 2601 eripiet
1159 2533 1238 2602 (Ξ.
1259 2532 1376 2587 Cor.
1409 2535 1457 2588 1.
1488 2534 1542 2590 8.
1564 2534 1726 2604 9-10)
1755 2551 1772 2600 ;
1816 2544 1872 2591 et
1896 2551 2081 2592 rursus
2103 2577 2120 2603 ,

538 2622 804 2677 Liberatus
833 2640 943 2677 sum
969 2624 1033 2678 de
1057 2640 1144 2678 ore
1166 2624 1326 2680 leonis
1349 2666 1364 2690 ,
1412 2635 1461 2680 et
1495 2626 1722 2681 liberauit
1763 2642 1844 2682 me
1874 2625 2122 2685 Dominus

539 2714 618 2785 (‘2.
650 2713 780 2769 Tim.
806 2715 859 2770 4.
898 2716 980 2771 17.
1013 2714 1125 2784 18).
1157 2717 1332 2787 Atque
1353 2719 1551 2788 ubique
1580 2719 1752 2789 ipsmn
1784 2721 2121 2778 inveniemus

538 2806 591 2861 id
619 2806 973 2877 gloriantem,
1005 2807 1147 2877 quod
1180 2809 1546 2871 misericordia
1582 2810 1809 2868 salutem
1835 2813 1906 2867 sit
1932 2827 2121 2870 conse-

537 2908 754 2969 qttltttts.

608 2992 663 3046 5.
694 2992 851 3062 Atqui
898 2992 1089 3048 Petrus
1124 2992 1309 3059 etiam,
1356 3008 1422 3049 eo
1443 2995 1585 3066 quod
1627 2994 1680 3051 in
1710 2996 1884 3067 ipsum
1912 2998 2123 3054 miseri-

536 3083 716 3138 cordia
748 3082 937 3139 luisset
960 3081 1196 3137 adhibita
1218 3123 1234 3150 ,
1272 3083 1393 3139 talis
1437 3094 1571 3140 erat.
1606 3085 1744 3142 Audi
1787 3094 1931 3143 enim
1959 3089 2112 3144 Chri-

537 3187 677 3233 stum
706 3177 809 3230 ltoc
837 3175 938 3246 ipsi
960 3175 1140 3231 verbis
1169 3175 1275 3230 illis
1300 3175 1733 3246 signiﬁcantem:
1761 3177 1894 3233 Ecce
1912 3190 2120 3237 satanas

538 3266 775 3336 expetivit
804 3282 892 3320 eos
922 3274 976 3318 ut
1006 3264 1250 3320 cribraret
1285 3266 1415 3320 sicut
1444 3267 1668 3321 triticum
1686 3282 1708 3332 ;
1726 3284 1819 3339 ego
1846 3279 2013 3323 autem
2034 3288 2121 3326 ro-

535 3358 651 3430 gavi
670 3375 763 3428 pro
787 3367 854 3423 te;
878 3366 1050 3411 utnon
1079 3356 1280 3427 deficiat
1304 3357 1433 3426 ﬁdes
1456 3367 1545 3412 tua
1574 3358 1722 3429 (Luc.
1743 3359 1834 3415 22.
1861 3361 1949 3416 51.
1976 3360 2046 3415 52
2077 3364 2114 3431 ).

537 3451 605 3507 Et
627 3451 860 3505 Joannes
887 3449 1252 3504 misericordia
1285 3450 1405 3504 talis
1432 3461 1548 3505 erat
1571 3466 1587 3516 ;
1615 3462 1774 3521 atque
1797 3468 1985 3507 omnes
2003 3469 2121 3506 om-

540 3543 671 3597 nino
701 3540 952 3612 apostoli.
1002 3539 1141 3596 Audi
1169 3541 1310 3595 enim
1340 3541 1468 3611 quid
1494 3540 1738 3598 Christus
1763 3543 1941 3598 dicat:
1994 3543 2117 3598 Non

537 3650 622 3689 vos
643 3651 723 3689 me
745 3634 983 3705 elegistis,
1009 3636 1100 3688 sed
1123 3649 1215 3704 ego
1240 3633 1367 3705 elegi
1396 3650 1482 3689 vos
1502 3634 1683 3706 (Joan.
1712 3637 1799 3692 15.
1826 3638 1894 3692 16
1920 3637 1960 3710 ).
1992 3638 2119 3692 Om-

536 3742 634 3782 nes
680 3726 823 3779 enim
870 3739 1092 3795 egemus
1141 3724 1508 3779 misericordia
1563 3726 1693 3781 Dei:
1765 3726 2117 3784 Misericordia

533 3817 666 3869 enim
702 3815 799 3869 Dei
823 3855 837 3877 ,
875 3814 1047 3884 inquit
1069 3854 1084 3875 ,
1121 3829 1273 3883 super
1286 3830 1484 3868 onmem
1512 3831 1738 3870 carnem.
1776 3817 1926 3884 Quod
1955 3822 1998 3874 si
2028 3823 2115 3877 isti

534 3919 747 3976 quoque
785 3904 1017 3972 egebant
1055 3903 1426 3958 misericordia
1456 3905 1583 3972 Dei,
1631 3907 1756 3977 quid
1806 3910 2018 3966 eosdem
2048 3913 2119 3969 de

533 3995 745 4051 caeteris
770 3994 1056 4050 dicendum
1084 3994 1221 4050 erit?
1245 3995 1445 4065 Ecquid
1476 3997 1617 4051 enim
1647 3997 1812 4066 aliud,
1837 4001 1922 4055 die
1950 4002 2078 4057 mihi
2096 4045 2112 4068 ,

532 4102 709 4142 causze
736 4095 839 4149 est,
867 4099 964 4140 cur
987 4084 1160 4152 solem
1203 4084 1400 4139 exoriri
1445 4083 1606 4140 faciat
1636 4103 1801 4158 super
1842 4090 2013 4146 malus
2059 4101 2115 4148 et

535 4181 745 4236 honos?
771 4178 949 4248 Quid?
968 4178 1013 4233 si
1036 4192 1200 4232 unum
1227 4177 1505 4233 dumtaxat
1524 4194 1724 4234 aumun
1758 4181 1986 4250 pluviam
2016 4200 2112 4240 co-

536 4273 833 4335 hibuisset,
868 4285 1047 4326 nonne
1075 4285 1266 4325 omnes
1305 4271 1663 4340 peremisset?
1706 4272 1832 4342 quid
1862 4289 2022 4336 vero,
2067 4278 2113 4333 si

533 4367 733 4422 imbres
759 4364 1078 4419 dens-asset?
1101 4363 1204 4419 Sed
1227 4363 1352 4434 quid
1375 4364 1418 4417 si
1444 4363 1664 4435 pluisset
1682 4366 1895 4437 ignem?
1915 4367 1960 4423 si
1979 4385 2116 4425 mus-

531 4472 622 4513 cas
666 4455 1007 4520 immisisset;
1057 4454 1153 4510 sed
1196 4453 1324 4524 quid
1368 4455 1474 4510 hoc
1522 4455 1727 4510 ali'ero?
1765 4457 1810 4512 si
1864 4458 2115 4516 tenebras

535 4548 850 4613 induxisset,
873 4546 1014 4618 quod
1035 4544 1321 4616 aliquando
1348 4545 1491 4614 fecit,
1521 4562 1700 4604 nonne
1722 4563 1910 4605 omnes
1937 4551 2115 4619 perdi-

529 4640 695 4695 disset
715 4641 739 4693 ?
758 4642 804 4695 si
836 4649 1034 4694 terram
1052 4639 1414 4695 concussissct
1438 4680 1454 4705 ,
1484 4655 1662 4695 nonne
1690 4641 1975 4710 periissent
1995 4657 2113 4697 om-

530 4731 666 4786 nes?
697 4730 831 4797 Quid
851 4739 923 4783 est
951 4729 1118 4791 homo,
1144 4729 1278 4798 quod
1296 4746 1486 4783 memor
1504 4746 1555 4785 es
1580 4731 1690 4800 ejus
1717 4728 1889 4800 (Psal.
1915 4731 1970 4787 8.
1995 4732 2055 4801 5)
2087 4734 2111 4789 3

528 4818 842 4896 Opportune
869 4837 1009 4877 nunc
1037 4822 1259 4876 dixero:
1298 4822 1353 4878 Si
1388 4824 1467 4878 vel
1499 4833 1657 4878 terrae
1688 4823 1964 4878 minitetur
1994 4833 2111 4878 tau-

529 4930 665 4981 tum,
695 4930 882 4970 omnes
910 4928 1073 4967 unum
1101 4915 1402 4983 sepulcrum
1434 4914 1581 4969 lieut.
1614 4914 1774 4982 Quasi
1799 4916 1937 4970 stilla
1963 4932 2109 4985 aqua:

527 5009 591 5062 de
628 5005 800 5069 situla,
832 5004 994 5074 inquit
1025 5044 1041 5069 ,
1086 5004 1156 5056 ita
1185 5014 1353 5073 gentes
1378 5021 1549 5059 coram
1569 5006 1720 5078 ipso:
1748 5006 1897 5076 quasi
1926 5024 2108 5077 spuma

526 5099 914 5168 reputabuntur,
944 5096 1089 5166 quasi
1126 5107 1428 5150 momentum
1448 5107 1651 5152 staterte
1690 5097 1847 5169 (lsai.
1874 5096 1964 5152 40.
1992 5097 2100 5165 15).

524 5192 984 5263 Quemadmodum
1006 5191 1158 5244 nobis
1182 5191 1334 5247 facile
1362 5204 1446 5249 cst
1473 5194 1724 5250 trutinam
1756 5209 1973 5251 movere
1998 5212 2011 5249 :
2034 5196 2101 5249 ita

528 5286 626 5354 ipsi
658 5286 835 5340 oumia
869 5282 1113 5352 perdere,
1145 5297 1207 5338 ac
1236 5282 1304 5337 dc
1326 5283 1534 5356 integro
1560 5286 1753 5341 lacere.
1808 5286 1910 5354 Qui
1939 5286 2101 5356 igitur

526 5385 632 5429 tam
653 5379 818 5428 nosin
847 5389 941 5428 sua
972 5380 1232 5443 potestate
1255 5373 1433 5440 habet,
1465 5389 1530 5431 ac
1549 5376 1692 5432 videt
1712 5377 1948 5447 quotidie
1979 5392 2097 5447 pec-

522 5474 725 5527 cantes,
763 5479 858 5518 ucc
886 5477 1060 5518 tamen
1095 5464 1263 5533 punit,
1293 5480 1471 5521 nonne
1495 5466 1595 5521 l'ert
1615 5482 1677 5522 ex
1709 5466 2099 5522 misericordia?

521 5556 627 5610 Sed
672 5555 795 5609 vide
827 5554 985 5609 etiam
1027 5555 1265 5625 jumeuta
1299 5572 1394 5627 per
1436 5556 1854 5613 misericordiam
1884 5572 2005 5614 esse
2044 5569 2098 5614 et

524 5648 745 5704 sct‘t'ari.
784 5645 1025 5700 "omines
1057 5648 1220 5712 enim,
1251 5648 1442 5721 inquit,
1475 5660 1521 5707 et
1565 5652 1786 5717 iumenta
1836 5652 2052 5710 salvebis
2076 5691 2093 5719 ,

1209 219 1269 280 S.
1304 214 1582 280 JOAN‘NIS
1610 219 1963 278 CHRYSOST
1967 222 2080 278 0311
2120 220 2436 282 ARCillEP.
2475 226 3006 289 CONSTANTINOP.

3707 244 3821 303 913

2232 335 2450 431 Domine
2480 342 2500 411 (
2531 338 2674 397 Psal.
2709 344 2799 400 55.
2829 345 2926 415 7).
2975 347 3232 419 Respexit
3283 362 3513 422 terram,
3542 366 3600 414 et
3637 359 3810 431 ipsam

2227 429 2465 500 implevit
2516 435 2856 493 animalibus.
2898 439 3303 509 Quamobrem?
3351 447 3578 520 Propter
3617 429 3701 508 te:
3755 466 3815 512 te

2226 541 2362 581 vero
2389 541 2487 581 cur
2512 525 2679 583 fecit?
2707 545 2887 586 nonne
2915 546 3136 604 propter
3157 537 3492 595 lumitatem‘t
3519 542 3661 599 Nihil
3686 547 3815 603 oleo

2227 618 2459 674 melius:
2491 619 2628 676 lucis
2657 636 2817 678 causa
2843 635 2925 679 est
2955 636 3007 680 et
3036 628 3106 682 ibi
3136 638 3190 683 et
3223 630 3327 686 hic.
3362 632 3507 689 Tunc
3529 637 3693 704 enim,
3723 639 3811 695 in-

2225 710 2341 776 quit
2373 710 2629 779 propheta
2656 753 2671 776 ,
2713 715 2966 769 exorietur
2991 734 3138 773 mane
3166 720 3334 776 lumen
3364 734 3508 778 tuum
3534 726 3688 794 (lsai.
3719 731 3820 801 58,

2226 798 2260 854 8
2290 801 2330 870 ),
2358 802 2401 855 si
2433 803 2854 862 misericordiam
2882 824 3006 876 erga
3030 816 3331 881 proximum
3359 822 3676 890 prazstiteris
3701 844 3717 882 :

2229 892 2421 947 tuerito
2471 895 2713 962 quidem.
2767 898 3229 965 Quemadmodum
3284 909 3460 965 oleum
3505 912 3608 969 hoc
3635 915 3813 973 lucem

2230 984 2432 1052 pratbet
2461 987 2851 1056 navigantibus.
2885 994 2953 1047 ita
2977 1005 3032 1049 et
3058 998 3403 1073 eleemosyna
3423 1018 3675 1077 magnum
3703 1009 3816 1067 illic

2228 1084 2277 1131 et
2312 1076 2629 1134 admirabile
2656 1083 2810 1139 nobis
2847 1086 3073 1156 largitur
3099 1089 3302 1148 lumen.
3358 1076 3639 1155 'l‘alisolei
3693 1117 3815 1156 ma-

2227 1182 2384 1265 gnam
2406 1169 2565 1265 habet
2588 1173 2849 1231 rationem
2870 1178 3087 1235 Paulus:
3105 1183 3226 1238 audi
3245 1186 3386 1241 enim
3411 1189 3676 1248 interdum
3692 1197 3815 1265 qui-

2227 1260 2347 1316 dem
2395 1263 2684 1332 dicentem,
2717 1269 2933 1324 1'antnm
2972 1283 3030 1327 ut
3074 1293 3355 1346 pauperum
3383 1298 3626 1340 memores
3670 1260 3813 1344 esse-

2228 1371 2339 1409 mus
2387 1356 2530 1425 (Gal.
2554 1358 2607 1413 2.
2641 1360 2770 1432 10);
2804 1363 3067 1421 interdum
3110 1384 3273 1438 vero,
3301 1371 3365 1428 Si
3383 1375 3591 1445 dignum
3616 1380 3812 1448 fuerit,

2227 1458 2280 1499 ut
2304 1465 2396 1517 ego
2423 1451 2610 1520 eam.(1
2641 1450 2761 1506 Cor.
2795 1455 2999 1536 16.1).
3055 1457 3393 1534 Omninoque
3433 1466 3608 1536 ipsum
3660 1471 3813 1528 vides

2228 1539 2427 1609 ubique
2455 1544 2703 1600 omnibus
2731 1535 2904 1603 modis
2933 1549 3070 1607 hanc
3097 1568 3211 1608 rem
3239 1535 3472 1615 sollicite
3496 1575 3711 1619 curare.
3744 1565 3815 1620 Et

2227 1643 2434 1696 rursus,
2469 1631 2682 1689 Discant
2706 1648 2872 1693 autem
2887 1649 2934 1694 et
2962 1644 3123 1697 nostri
3141 1644 3286 1702 bonis
3305 1650 3541 1718 operibus
3567 1670 3815 1722 prteesse;

2228 1730 2283 1777 et
2319 1738 2504 1781 rursus
2526 1769 2538 1788 ,
2601 1728 2725 1783 Ha-c
2760 1732 2892 1787 enim
2932 1745 3052 1789 sunt
3088 1736 3221 1792 bona
3259 1750 3306 1794 et
3346 1743 3493 1798 utilia
3526 1744 3815 1805 hominibus

2228 1811 2371 1905 (“Tit
2405 1816 2459 1870 5.
2493 1818 2578 1874 11.
2609 1818 2692 1892 8)
2752 1824 2891 1879 Audi
2938 1840 3067 1881 vero
3105 1837 3159 1883 et
3213 1830 3376 1887 alium
3407 1837 3691 1905 quemdam
3740 1840 3813 1895 ita

2228 1902 2494 2001 dicentem
2521 1952 2563 2001 ,Α
2580 1909 2913 1985 Eleemosyna
2950 1933 2985 1970 a
3025 1930 3183 1974 utorte
3207 1922 3384 1977 liberat
3414 1902 3563 1997 lTob.
3596 1929 3681 1984 η.
3714 1930 3807 2001 9);

2229 2004 2286 2049 et
2309 1996 2491 2061 alium,
2526 1998 2591 2055 Si
2616 2003 3016 2061 misericordiam
3048 2015 3337 2080 remoueris,
3361 1996 3594 2083 Domine,
3629 1996 3815 2077 Domi-

2228 2102 2307 2186 ne,
2329 2091 2442 2157 quis
2464 2094 2762 2150 sustinebit!
2785 2106 2840 2152 et
2857 2114 3063 2169 rursus,
3085 2103 3146 2157 Si
3164 2106 3340 2173 intres,
3370 2109 3559 2179 inquit,
3587 2113 3642 2165 in
3657 2114 3819 2186 judi-

2421 2198 2537 2274 eum
2577 2203 2719 2241 servo
2766 2199 2852 2243 tuo
2904 2190 3077 2264 (Psal.
3112 2194 3243 2254 £29.
3275 2198 3332 2253 3.
3362 2211 3408 2255 et
3437 2178 3538 2256 142
3584 2202 3622 2257 2
3647 2178 3709 2274 );
3760 2217 3816 2263 et

2226 2271 2386 2339 alius,
2419 2272 2668 2348 Magnum
2690 2280 2935 2349 quiddam
2956 2285 3122 2347 homo,
3156 2294 3207 2339 et
3235 2289 3541 2357 praclarum
3563 2271 3817 2352 uir—mise-

2227 2365 2386 2441 ricors
2415 2366 2614 2437 (Prov.
2636 2369 2727 2426 ΩΟ.
2758 2373 2790 2428 6
2823 2374 2859 2442 ).
2899 2375 3009 2431 lloc
3048 2377 3191 2432 enim
3231 2389 3312 2434 est
3363 2381 3636 2441 hominem
3664 2402 3809 2454 esse,

2228 2456 2313 2512 vel
2333 2459 2510 2528 potius
2539 2460 2642 2518 hoc
2672 2473 2754 2519 est
2773 2464 2938 2521 Deum
2964 2481 3105 2533 esse,
3139 2470 3404 2527 misereri.
3424 2472 3586 2531 Vides
3611 2492 3817 2547 quanta

2228 2547 2426 2605 divina:
2463 2552 2847 2611 misericordia:
2876 2559 2946 2612 sit
2974 2561 3252 2629 potentia?
3293 2562 3417 2620 llaec
3440 2567 3616 2621 omnia
3647 2568 3808 2635 fecit,

2227 2639 2343 2697 haec
2366 2644 2621 2701 mundum
2644 2647 2897 2715 condidit,
2920 2649 3033 2706 haec
3052 2653 3273 2723 angelos
3304 2654 3463 2723 fecit;
3494 2672 3591 2727 per
3614 2659 3809 2727 solam,

2228 2733 2465 2805 inquam,
2486 2738 2802 2795 bonitatem.
2827 2742 3112 2813 Propterea
3130 2745 3272 2800 enim
3303 2746 3603 2817 gehennam
3637 2754 3811 2809 mina-

2228 2834 2312 2880 1113
2335 2837 2439 2894 681,
2472 2837 2530 2882 Ill
2558 2845 2783 2899 regnum
2805 2848 3183 2904 assequamur;
3215 2854 3437 2911 regnum
3464 2856 3593 2897 vero
3617 2858 3812 2901 0111156-

2224 2919 2437 2989 quimur
2476 2937 2574 2992 per
2611 2923 3057 2982 misericordiam.
3087 2928 3197 2983 Cur
3220 2933 3362 2985 enim
3391 2947 3513 2989 cum
3547 2935 3697 2991 solus
3722 2953 3811 2992 es—

2225 3021 2308 3066 set
2341 3012 2513 3078 Deus,
2547 3026 2624 3071 tot
2649 3015 2781 3072 deos
2822 3017 2982 3073 fecit?
3011 3036 3189 3076 nonne
3221 3032 3437 3092 propter
3462 3024 3758 3081 bonitatem
3786 3029 3810 3082 2

2227 3120 2405 3160 nonne
2428 3115 2647 3178 propter
2670 3108 3052 3180 benignitatem
3080 3120 3238 3182 atque
3267 3116 3652 3172 humanitatem
3682 3119 3708 3173 ?
3749 3119 3808 3175 Si

2225 3201 2520 3269 quaesieris.
2547 3216 2645 3256 cur
2667 3202 2789 3267 hoc,
2823 3204 3066 3258 curillud
3098 3204 3305 3274 fecerit,
3335 3207 3532 3279 ubique
3561 3210 3809 3268 invenies

2225 3290 2540 3348 bonitatem.
2569 3292 2751 3364 Itaque
2780 3296 3142 3364 proximorum
3170 3299 3544 3365 misereantur,
3576 3303 3807 3358 utetiam

2225 3385 2276 3440 in
2304 3400 2402 3441 nos
2429 3386 2794 3442 mi~ericordia
2814 3388 3145 3444 adhibeatur.
3168 3389 3282 3445 Non
3311 3393 3477 3463 magis
3504 3393 3631 3456 illis,
3648 3409 3807 3463 quam

2226 3477 2379 3534 nobis
2420 3478 2550 3548 ipsis
2577 3478 2883 3550 colligimus
2914 3481 3337 3536 miscricordiam
3370 3484 3424 3537 in
3459 3484 3602 3539 diem
3632 3486 3804 3540 illum.

2227 3570 2324 3627 Ubi
2353 3571 2646 3629 vehemens
2676 3571 2835 3629 luerit
2860 3574 3072 3629 ﬂamma
3103 3575 3259 3645 ignis,
3295 3576 3661 3633 misericordia
3694 3580 3809 3635 lia-c

2224 3664 2401 3735 ignem
2428 3664 2643 3736 quidem
2670 3666 2973 3736 restinguit,
3006 3666 3141 3721 lucis
3155 3675 3333 3722 autent
3353 3669 3508 3724 nobis
3525 3684 3688 3725 causa
3702 3680 3805 3727 est.

2224 3757 2298 3813 ita
2329 3759 2486 3828 hujus
2512 3774 2673 3830 opera
2713 3774 2742 3812 a
2769 3758 3030 3830 gehenna:
3070 3760 3176 3830 igni
3219 3760 3600 3817 liberabimur:
3639 3774 3805 3818 cane-

2223 3852 2412 3921 roquin
2458 3850 2600 3907 unde
2640 3867 2734 3905 sua
2790 3852 2942 3907 vobis
2976 3852 3180 3908 viscera
3208 3854 3413 3925 aperiet
3433 3854 3615 3910 Deus?
3664 3857 3805 3911 unde

2226 3942 2606 3997 miserebitur?
2636 3942 2716 3999 Ex
2734 3945 2954 3998 caritate
2975 3945 3345 4001 misericordia
3366 3947 3626 4002 exoritur.
3661 3946 3765 4002 Nih
3788 3950 3803 4003 1

2221 4032 2356 4086 adeo
2385 4033 2558 4087 irritat
2589 4032 2773 4099 Deum,
2818 4044 2976 4104 atque
3013 4035 3496 4092 immisericordem
3528 4052 3668 4093 esse.
3697 4038 3807 4094 Oh.

2223 4125 2360 4178 latus
2386 4134 2470 4179 est
2495 4125 2543 4179 ei
2571 4125 2854 4196 quispiam,
2882 4128 2971 4197 qui
3004 4127 3192 4183 decem
3220 4130 3383 4185 millia
3416 4130 3613 4186 talenta
3640 4130 3801 4186 debe-

2222 4218 2330 4280 bat,
2355 4227 2409 4272 ct
2439 4218 2802 4273 misurieordia
2829 4231 3003 4274 motus
3033 4220 3273 4277 debitum
3304 4224 3548 4280 remisit:
3586 4233 3640 4279 at
3679 4240 3801 4280 cum

2222 4310 2312 4366 hic
2341 4311 2480 4366 idem
2508 4326 2827 4367 conservum
2850 4314 2919 4366 ob
2942 4312 3151 4370 debitos
3185 4315 3285 4371 sibi
3307 4326 3520 4372 centum
3550 4318 3802 4372 denarios

2221 4403 2543 4472 suﬂ'ocaret,
2592 4413 2718 4460 tunc
2739 4405 2953 4460 tradidit
2999 4421 3120 4461 eum
3168 4407 3424 4463 Dominus
3468 4409 3798 4476 tortoribus,

2223 4513 2501 4569 quousque
2525 4497 2774 4554 redderet
2805 4498 3065 4555 debitum.
3100 4501 3225 4557 lltec
3255 4502 3553 4570 audientes,
3588 4505 3797 4559 miseri-

2220 4591 2411 4645 cordes
2431 4591 2599 4645 simus
2628 4606 2752 4663 erga
2779 4591 3051 4649 debitores
3081 4594 3131 4648 in
3163 4596 3433 4664 peccatis:
3465 4610 3623 4650 nemo
3654 4585 3796 4663 inju-

2219 4683 2422 4739 riarum
2459 4683 2528 4738 sit
2567 4699 2808 4752 memor,
2846 4686 2948 4740 nisi
2979 4686 3214 4756 seipsum
3258 4687 3455 4743 laedere
3484 4689 3630 4743 velit.
3681 4687 3796 4742 Non

2218 4774 2361 4830 enim
2385 4784 2588 4830 tantum
2618 4776 2877 4832 molestia:
2898 4778 2972 4832 illi
2995 4777 3153 4833 alters
3182 4794 3286 4834 non
3315 4779 3611 4844 remittens,
3632 4794 3797 4850 quan-

2219 4877 2324 4923 tam
2350 4870 2443 4924 tibi
2497 4872 2595 4940 ipsi
2639 4872 2802 4927 infers
2829 4871 3097 4944 injuriatn.
3150 4874 3279 4928 Nam
3313 4885 3364 4930 te
3393 4875 3608 4944 quidem
3645 4876 3794 4930 illum

2218 4974 2573 5033 persequente
2598 5004 2613 5030 ,
2665 4979 2771 5019 non
2806 4966 3143 5036 persequitur
3167 4966 3339 5022 Deus:
3372 4977 3423 5023 te
3454 4983 3583 5023 vero
3607 4966 3793 5023 dimit-

2216 5065 2382 5120 tcntc,
2401 5064 2491 5110 aut
2519 5056 2669 5110 illum
2692 5057 3030 5126 persequitur
3052 5058 3212 5124 Deus,
3240 5071 3330 5114 aut
3349 5069 3432 5113 tua
3464 5060 3555 5115 tibi
3577 5060 3793 5115 dimittit

2215 5157 2454 5216 peccata.
2485 5146 2764 5215 Quomodo
2783 5157 2959 5203 autem
2982 5191 2997 5216 ,
3025 5150 3127 5205 nisi
3158 5159 3212 5205 tu
3243 5151 3480 5205 remittas
3512 5151 3790 5220 proximo,

2212 5242 2277 5296 ad
2308 5257 2529 5310 regnum
2543 5242 2786 5310 aspiras?
2812 5241 2928 5310 Quo
2945 5242 3158 5312 quidem
3173 5243 3368 5300 damno
3386 5259 3453 5300 ne
3469 5243 3787 5308 alliciamor,

2214 5332 2551 5387 remittamus
2575 5332 2861 5399 omnibus;
2910 5333 3064 5389 nobis
3092 5335 3233 5390 enim
3265 5336 3393 5406 ipsis
3421 5320 3744 5392 remittimus
3772 5355 3789 5391 :

2211 5422 2596 5489 condonemus,
2625 5431 2684 5479 ut
2704 5422 2857 5479 nobis
2886 5423 3155 5480 condonet
3181 5423 3325 5481 Deus
3348 5437 3560 5498 peccata
3585 5436 3789 5494 nostra,

2209 5527 2367 5588 atque
2393 5516 2462 5572 ita
2487 5517 2676 5573 laturis
2700 5518 2965 5589 potiantur
2989 5517 3161 5586 bonis,
3193 5527 3295 5573 etc.
