4044 6202
252 326 360 386 215

1143 312 1212 373 ιη
1254 313 1468 372 EPIST.
1509 312 1602 369 AD
1640 308 1928 368 PﬂlLlPP.
1972 307 2124 368 CAP.
2167 310 2232 368 ll.
2277 314 2506 372 IIOMIL.
2550 316 2617 372 ν.

3428 322 3536 379 9η

250 413 3017 515 Ὕ’

247 567 379 623 Cn.
402 564 463 621 2.
485 580 538 620 v.
566 556 618 622 ἰ.
650 566 713 620 Si
737 581 838 636 qua
861 581 983 637 ergo
1003 562 1281 618 consolatio
1307 563 1361 614 in
1382 557 1602 619 Christo.
1629 554 1673 610 si
1700 551 1838 622 quod

316 660 559 714 solatium
587 659 836 722 caritatis,
865 658 911 711 si
932 673 1033 727 qua
1061 655 1274 709 societas
1300 650 1529 723 spiritus,
1560 646 1604 703 si
1637 662 1738 718 qua
1764 645 1837 699 ui-

315 768 463 807 scera
490 759 538 804 et
562 748 913 804 miserationes
941 762 962 802 :
987 745 1044 801 2.
1072 741 1277 814 implete
1302 738 1545 815 gaudium
1573 754 1758 803 meum,
1781 746 1838 791 ut

314 843 456 897 idem
468 842 703 913 sapiatis,
734 839 962 895 eamdem
985 838 1247 892 caritatem
1275 832 1530 893 habentes,
1549 829 1835 894 unanimes,

314 937 544 1007 idipsum
571 935 825 1002 sapientes
853 948 871 984 :
895 921 951 987 ὃ.
982 929 1113 984 nihil
1140 945 1229 999 per
1254 924 1648 986 contentionem,
1679 934 1838 991 neque

314 1046 410 1100 per
431 1029 633 1082 inanem
660 1025 901 1097 gloriam,
938 1022 1028 1078 sed
1050 1023 1105 1076 in
1131 1013 1415 1075 humilitate
1437 1014 1722 1087 superiores
1742 1011 1839 1065 sibi

312 1121 531 1175 invicem
553 1113 979 1172 arbitrantes”.
1026 1129 1128 1167 non
1175 1117 1290 1182 quae
1325 1124 1421 1164 sua
1449 1114 1598 1170 sunt,
1645 1100 1835 1173 singuli

312 1210 649 1271 considerate,
679 1202 771 1261 sed
798 1215 846 1260 et
866 1217 924 1260 ea
952 1214 1065 1273 qua:
1089 1192 1331 1270 aliorum,
1360 1196 1723 1270 unusquisque.

313 1304 370 1357 1.
400 1300 546 1356 Nihil
590 1299 816 1365 melius,
858 1295 989 1351 nihil
1035 1295 1089 1350 in
1124 1300 1309 1348 amore
1338 1289 1576 1346 tenerius
1611 1286 1833 1341 doctore

239 1392 510 1465 spirituali
532 1410 548 1447 :
574 1390 769 1462 quovis
796 1388 1023 1444 naturali
1049 1395 1201 1459 patre
1225 1384 1482 1455 majorem
1505 1380 1832 1436 benevolen-

240 1488 371 1541 tiam
390 1492 631 1555 praestat.
661 1480 918 1546 Attende,
946 1480 1192 1543 obsecro,
1216 1491 1375 1548 quam
1401 1473 1717 1545 suppliciter
1739 1486 1833 1542 pe-

237 1586 373 1633 tata
400 1574 841 1646 Pbilippensibus
870 1588 930 1628 ea
953 1586 1071 1642 qua:
1091 1585 1123 1627 e
1152 1586 1213 1626 re
1235 1569 1471 1640 ipsormn
1494 1573 1666 1622 erant.
1690 1564 1830 1632 Quid

236 1670 387 1725 enim
421 1668 552 1723 dicit
580 1667 647 1721 ad
686 1664 1031 1720 concordiam
1059 1663 1298 1719 omnium
1330 1661 1591 1716 bonorum
1611 1672 1828 1713 causam

237 1761 532 1816 cohortans
548 1760 575 1812 ἲ
598 1769 652 1815 et
668 1758 810 1823 vide,
827 1771 988 1827 quam
1009 1755 1248 1827 cOpiose,
1273 1768 1430 1824 quam
1455 1751 1826 1820 vehementer,

237 1860 445 1921 quanto
471 1865 597 1904 cum
619 1847 811 1904 aﬂ'ectu
840 1861 857 1902 :
883 1845 946 1903 Si
971 1862 1071 1918 qua
1086 1862 1207 1917 ergo
1228 1835 1506 1899 consolatio
1524 1842 1577 1897 in
1601 1839 1824 1909 Christo,

235 1941 520 2014 inquile
536 1950 638 2006 est,
654 1941 710 1995 Si
731 1939 852 2010 quid
873 1937 1083 1994 habetis
1104 1936 1488 1993 consolationis
1512 1937 1564 1992 in
1587 1935 1823 2002 Christo;

233 2030 472 2106 perinde
509 2047 573 2088 ac
598 2032 642 2088 si
670 2031 906 2087 diceret:
933 2028 992 2086 Si
1022 2044 1181 2101 quam
1210 2029 1313 2085 mei
1338 2029 1598 2085 rationem
1619 2028 1787 2085 habes
1805 2068 1821 2094 ,

232 2127 288 2184 si
315 2140 421 2195 qua
454 2120 545 2179 tibi
567 2122 670 2178 mei
699 2137 846 2190 cura,
868 2122 913 2177 si
939 2120 1066 2193 quid
1095 2121 1233 2177 bene
1263 2135 1515 2192 umquam
1537 2119 1608 2176 de
1635 2131 1688 2176 te
1710 2134 1824 2176 me-

231 2219 339 2282 rui,
371 2218 473 2273 hoc
492 2215 673 2271 facito.
704 2215 815 2271 Hac
839 2230 971 2271 vero
995 2214 1257 2271 orationis
1289 2214 1454 2285 ﬁgura
1482 2214 1534 2269 in
1559 2213 1825 2269 movendo

231 2302 428 2366 adectu
455 2310 678 2374 utimur,
712 2309 757 2363 si
788 2308 914 2379 quid
940 2307 1314 2379 postulandum
1343 2307 1434 2376 sit,
1486 2305 1628 2376 quod
1657 2313 1822 2362 cmic-

232 2403 309 2458 ris
336 2398 587 2458 omnibus
618 2415 1014 2472 prmponamus.
1046 2400 1177 2456 Nam
1209 2400 1309 2456 nisi
1336 2398 1586 2456 omnibus
1615 2412 1824 2469 praepes

231 2502 516 2560 neremus,
568 2508 674 2547 non
716 2507 784 2549 eo
811 2507 919 2547 uno
948 2493 1232 2563 impetrato
1259 2491 1498 2547 omnium
1540 2489 1696 2546 nobis
1720 2504 1821 2545 ex-

230 2580 485 2639 haustam
530 2598 653 2639 esse
700 2583 1006 2640 mercedem
1054 2583 1350 2650 vellemus,
1406 2594 1508 2639 nec
1554 2594 1650 2653 per
1690 2582 1819 2638 illud

226 2677 535 2733 diceremus
555 2676 817 2748 quidquid
838 2676 993 2732 nobis
1015 2675 1332 2743 debebatur,
1362 2689 1484 2732 esse
1510 2688 1816 2747 reprzeseu-

229 2776 419 2822 latum.
445 2766 553 2824 Sed
582 2783 680 2823 nos
705 2767 921 2839 quidem
938 2766 1175 2824 carnalia
1192 2765 1458 2825 beneﬁcia
1483 2771 1814 2824 cemniemo-

225 2871 412 2916 ramus
445 2879 459 2914 :
489 2870 549 2916 'ut
576 2862 622 2917 si
663 2874 817 2933 pater
844 2877 969 2935 erga
1004 2864 1169 2919 tilium
1209 2858 1455 2933 diceret,
1501 2862 1557 2923 Si
1589 2882 1691 2938 qua
1723 2866 1815 2923 tibi

226 2953 532 3014 reverentia
564 2968 690 3025 erga
730 2962 937 3025 patrem
959 2995 974 3019 ,
997 2950 1043 3010 si
1087 2971 1190 3027 qua
1219 2948 1584 3026 educationis,
1638 2950 1686 3013 si
1712 2974 1815 3030 qua

222 3028 442 3114 pietatis
464 3060 591 3115 erga
612 3060 719 3107 me,
739 3046 783 3100 si
806 3061 910 3117 qua
934 3040 1152 3103 benoris
1172 3056 1331 3119 quem
1352 3063 1418 3105 ex
1439 3063 1525 3104 me
1545 3064 1606 3106 es
1625 3028 1817 3107 consc-

221 3145 446 3205 quutus,
476 3137 526 3192 si
551 3154 655 3208 qua
682 3138 1070 3196 benevolentia:
1091 3141 1369 3206 memoria,
1397 3157 1529 3214 rogo
1551 3151 1624 3211 te,
1654 3158 1722 3200 ne
1738 3136 1814 3200 sis

227 3225 485 3284 inimicus
511 3225 690 3295 lratri;
723 3231 826 3287 hoc
849 3241 953 3300 est,
980 3246 1077 3302 pro
1103 3234 1350 3289 omnibus
1368 3233 1474 3290 illis
1500 3232 1638 3292 hanc
1655 3236 1814 3308 exigo

224 3314 562 3375 mercedem.
600 3318 706 3377 Sed
731 3338 837 3377 non
861 3324 928 3377 ita
964 3316 1194 3380 Paulus:
1226 3318 1358 3381 nihil
1385 3327 1551 3396 enim,
1579 3328 1720 3397 quod
1744 3326 1811 3383 ad

218 3424 443 3466 carnem
474 3411 770 3481 pertineat,
817 3414 1009 3486 redigit
1046 3416 1114 3472 ad
1144 3418 1481 3483 memoriam,
1503 3410 1598 3475 sed
1628 3420 1807 3476 omnia

217 3503 551 3572 spiritualia.
580 3500 733 3572 Quod
757 3510 935 3562 autem
965 3501 1128 3575 dicit,
1160 3504 1264 3565 tale
1290 3519 1376 3567 est
1404 3528 1417 3566 :
1445 3511 1500 3569 Si
1520 3511 1648 3584 quid
1679 3506 1810 3570 mihi

215 3592 399 3649 solatii
426 3594 587 3649 vultis
614 3596 666 3650 in
698 3598 1081 3655 tentationibus
1101 3594 1315 3668 all‘erre,
1343 3615 1534 3674 meque
1560 3615 1808 3663 reoreare

215 3692 274 3748 in
301 3692 544 3762 Christo,
572 3696 618 3752 si
652 3713 809 3767 quam
834 3700 1255 3758 consolationem
1287 3704 1548 3772 caritatis,
1579 3706 1622 3760 si
1653 3704 1810 3775 quid-

216 3800 379 3856 quam
402 3786 522 3857 ejus
552 3791 944 3848 communionis
966 3809 1087 3865 qua:
1105 3795 1160 3850 in
1185 3796 1378 3867 spiritu
1408 3805 1512 3863 est,
1541 3798 1700 3857 vultis
1720 3813 1810 3855 os-

219 3879 481 3945 tendere,
511 3881 556 3935 si
582 3898 684 3952 qua
719 3882 924 3940 habetis
952 3886 1154 3942 viscera
1180 3899 1233 3943 et
1273 3888 1658 3946 misericordire
1682 3905 1805 3945 sen-

216 3981 361 4037 sum,
397 3970 617 4042 implete
644 3989 819 4030 meum
844 3977 1120 4047 gaudium.
1153 3978 1215 4035 Si
1242 3997 1343 4050 qua
1372 3983 1562 4036 uiscera
1586 3992 1633 4037 et
1653 3982 1803 4037 mise-

214 4063 464 4117 rationes.
507 4063 902 4122 Miserationem
948 4068 1048 4124 sibi
1078 4069 1376 4125 exbibitam
1420 4081 1579 4126 vocat
1612 4071 1807 4128 Pauth

216 4152 610 4225 discipulorum
646 4158 985 4213 concordiam
1007 4200 1025 4223 ,
1073 4160 1364 4216 ostendens
1405 4177 1670 4218 summum
1706 4163 1808 4219 im-

217 4246 430 4300 minere
458 4246 796 4315 periculum,
846 4249 947 4304 nisi
992 4252 1290 4307 concordes
1316 4252 1535 4309 fuerint.
1583 4253 1640 4308 Si
1678 4252 1804 4325 quid

216 4338 392 4403 mihi,
439 4339 612 4409 inquit
635 4382 648 4402 ,
690 4341 868 4397 solatii
894 4356 924 4397 a
950 4342 1101 4399 vobis
1127 4344 1549 4415 exspectandum
1575 4352 1658 4400 est
1680 4385 1697 4411 ,
1758 4347 1804 4400 si

216 4427 345 4497 quid
386 4430 773 4487 conSolationis
800 4446 870 4488 ex
899 4443 1073 4489 vestra
1096 4436 1322 4492 caritate
1343 4446 1619 4507 reportare
1640 4437 1802 4503 licet;

215 4519 261 4573 si
287 4520 492 4589 possim
518 4522 791 4578 vobiscum
818 4526 1215 4584 communicare
1246 4528 1303 4584 in
1327 4529 1541 4600 Spiritu,
1575 4528 1622 4585 si
1651 4543 1804 4586 com-

201 4611 501 4669 .‘muuicare
534 4613 810 4671 vobiscum
843 4614 895 4670 in
921 4616 1183 4686 Domino;
1213 4620 1259 4674 si
1288 4635 1391 4691 qua
1421 4618 1551 4675 mihi
1585 4635 1617 4676 a
1653 4621 1805 4678 vobis

212 4702 592 4760 misericordia
618 4714 673 4761 et
696 4707 1092 4764 commiseratio
1118 4710 1415 4780 pnestanda
1433 4720 1535 4777 est,
1563 4713 1801 4767 onmium

215 4794 410 4852 harum
452 4813 634 4854 rerum
679 4800 981 4858 mercedem
1012 4802 1067 4858 in
1097 4803 1322 4861 caritate
1345 4806 1459 4877 ipsa
1494 4805 1687 4862 tuenda
1713 4821 1803 4863 re-

216 4895 564 4955 praesentate.
591 4889 733 4946 Satis
755 4892 884 4947 mihi
903 4907 933 4947 a
955 4894 1107 4949 vobis
1127 4893 1320 4950 factum
1345 4910 1486 4962 esse,
1518 4897 1804 4969 omniaque

211 4986 614 5047 conscquutum
649 4981 869 5051 putabo,
894 4983 940 5039 si
967 5001 1061 5040 vos
1086 4997 1275 5042 mutuo
1304 4989 1631 5044 amaveritis.
1684 4988 1802 5045 Im-

211 5069 348 5135 plete
373 5071 618 5139 gaudium
648 5088 836 5127 meum.
866 5073 941 5128 Ne
972 5091 1092 5145 qua:
1118 5076 1269 5144 dicit,
1293 5077 1675 5134 admoriitionis
1696 5079 1801 5134 vim

208 5159 425 5216 habere
451 5162 789 5231 viderentur,
818 5169 970 5236 quasi
1005 5170 1080 5223 illi
1104 5169 1214 5240 jam
1246 5170 1314 5226 ab
1338 5171 1516 5226 ofﬁcio
1539 5171 1804 5228 decessis—

209 5259 363 5319 sent,
386 5267 495 5308 non
520 5255 588 5311 ita
613 5257 766 5324 dicit,
796 5258 983 5316 Facite
1007 5261 1161 5328 mihi,
1189 5261 1308 5328 sed,
1348 5261 1597 5333 lmplete;
1621 5263 1673 5318 id
1695 5273 1799 5329 est,

210 5344 472 5417 Cmpistis
491 5347 600 5418 jam
629 5352 681 5405 in
704 5366 793 5408 me
817 5367 1021 5421 serere,
1042 5354 1151 5425 jam
1174 5354 1304 5409 mihi
1333 5355 1577 5422 dedistis,
1600 5357 1800 5412 utsatis

214 5436 430 5507 quietus
456 5439 577 5505 sim,
606 5441 701 5497 sed
725 5442 793 5498 ad
822 5444 982 5499 linem
1016 5446 1298 5515 pervenire
1337 5445 1609 5502 desidero.
1658 5446 1800 5515 Quid

215 5526 494 5587 desideras
512 5572 527 5597 ,
552 5530 640 5588 dic
667 5533 843 5589 mihi?
885 5544 944 5589 ut
972 5544 1024 5591 te
1050 5550 1079 5589 a
1109 5536 1360 5605 periculis
1383 5537 1716 5593 liberemus?
1744 5547 1800 5592 ut

215 5619 313 5674 tibi
328 5621 599 5692 quidpiam
621 5624 1064 5695 suppeditemus?
1088 5625 1225 5681 Nihil
1245 5627 1571 5698 hujusniodi,
1601 5628 1795 5700 inquit,

216 5711 310 5783 Sed
354 5712 427 5769 Ut
466 5730 553 5769 vos
594 5715 728 5770 idem
758 5717 968 5784 sapiatis
994 5718 1218 5772 eamdem
1247 5718 1483 5778 habentes
1511 5724 1796 5793 caritatem,

546 5818 819 5878 Pnnoc.
865 5815 982 5877 Gn.
1031 5816 1220 5880 LXII.

1950 552 2004 608 in
2031 569 2135 625 qua
2164 556 2438 626 cmpistis,
2482 556 2774 624 unanimes,
2825 573 2982 613 unum
3018 560 3292 630 sapientes.
3344 561 3530 632 Papae!

1946 646 2158 717 quoties
2185 647 2327 703 idem
2354 651 2551 720 repetit
2592 665 2659 706 ex
2704 666 2897 723 magno
2934 652 3164 723 quodam
3206 652 3431 709 affectu!
3464 653 3534 709 Ut

1945 742 2080 796 idem
2101 743 2338 812 sapiatis,
2366 743 2557 814 inquit,
2583 745 2691 799 imo
2720 761 2849 801 vero
2880 755 2939 801 ut
2967 763 3127 801 unum
3151 748 3389 818 sapiatls.
3418 748 3533 802 lloc

1947 832 2090 887 enim
2124 831 2473 904 progrediens
2497 836 2736 892 ostendit
2758 838 2938 893 verbis
2965 839 3070 894 illis
3091 882 3104 905 ,
3133 838 3301 894 Unum
3327 841 3533 911 sapien-

1946 934 2019 978 tes
2040 940 2060 978 .'
2096 925 2237 995 quod
2270 925 2442 996 majus
2459 926 2750 998 quidquam
2780 938 2863 983 est
2883 970 2897 995 ,
2930 942 3090 1000 quam
3128 931 3269 985 idem
3314 947 3524 1001 sapere.

1944 1013 2193 1070 Eamdem
2237 1018 2501 1071 caritatem
2545 1018 2784 1073 habentes
2808 1035 2829 1075 :
2883 1020 2933 1073 id
2984 1029 3209 1086 est,non
3241 1031 3445 1077 tantum
3471 1023 3527 1077 in

1944 1106 2083 1163 nuda
2108 1108 2231 1173 tide,
2260 1109 2356 1164 sed
2389 1109 2441 1164 in
2471 1111 2685 1164 caeteris
2714 1111 2874 1165 etiam
2908 1111 3158 1166 omnibus
3188 1111 3366 1167 rebus.
3395 1112 3528 1167 Pos-

1941 1206 2128 1256 sum‘us
2146 1201 2287 1256 enim
2314 1204 2369 1256 et
2397 1200 2538 1255 idem
2562 1215 2775 1270 sapere,
2799 1211 2854 1257 et
2873 1203 3151 1258 caritatem
3167 1219 3273 1258 non
3302 1202 3522 1260 habere.

1940 1294 2189 1349 Eamdein
2214 1296 2477 1375 caritatem
2497 1294 2735 1350 habentes
2764 1308 2783 1350 :
2809 1295 2859 1350 id
2888 1306 2992 1360 est,
3016 1307 3167 1366 reque
3193 1306 3248 1351 et
3270 1310 3452 1351 amare
3468 1305 3525 1352 et

1938 1388 2130 1443 amari.
2160 1378 2309 1449 Noli,
2339 1398 2460 1443 enm
2502 1404 2689 1461 magna
2715 1389 2941 1444 aliorum
2971 1390 3023 1444 in
3051 1397 3105 1445 te
3130 1390 3354 1445 caritate
3379 1388 3527 1457 frua-

1941 1479 2015 1533 ris
2035 1520 2051 1544 ,
2080 1480 2343 1534 minorem
2383 1480 2518 1550 ipsis
2541 1489 2796 1550 praestare
2816 1521 2831 1541 .
2863 1481 3015 1550 quasi
3047 1480 3148 1535 hac
3181 1481 3342 1536 etiam
3382 1481 3436 1536 in
3462 1495 3524 1535 re

1936 1573 2056 1642 plus
2077 1587 2230 1644 tequo
2258 1572 2351 1627 tibi
2382 1582 2625 1643 appetas.
2666 1571 2797 1628 Nam
2825 1574 2868 1628 si
2901 1573 3142 1628 nonnulli
3174 1583 3301 1628 sunt
3319 1573 3408 1645 qui
3436 1572 3520 1628 fa-

1935 1663 2100 1730 ciant,
2131 1674 2183 1719 tu
2208 1664 2258 1719 id
2290 1665 2341 1719 in
2373 1673 2425 1718 te
2447 1665 2642 1720 cadere
2670 1665 2818 1720 nullo
2837 1674 2996 1735 pacto
3024 1664 3186 1719 feras.
3218 1664 3519 1729 Unanimes,

1934 1758 2106 1828 inquit
2131 1776 2144 1813 :
2176 1757 2227 1812 id
2252 1767 2354 1820 est.
2384 1759 2473 1812 uni
2499 1758 2693 1812 anima:
2715 1751 2953 1812 omnium
2979 1772 3202 1827 corpora
3227 1758 3375 1827 quasi
3396 1772 3521 1827 pro-

1936 1848 2054 1919 pria
2084 1848 2593 1914 accommodantes,
2650 1863 2754 1902 non
2779 1848 2994 1918 quidem
3028 1848 3325 1903 substantia
3361 1849 3517 1918 ipsa;

1933 1946 2055 1993 nam
2081 1938 2134 1994 id
2166 1937 2277 1995 ﬁeri
2319 1954 2425 1994 non
2470 1947 2679 2010 potest;
2704 1939 2801 1996 sed
2830 1940 3093 1996 electione
3114 1949 3169 1996 et
3198 1940 3466 1998 sententia
3496 1957 3514 1996 :

1931 2031 2082 2100 quasi
2108 2047 2173 2086 ex
2198 2041 2298 2085 una
2340 2030 2515 2087 anima
2548 2033 2725 2087 Omnia
2760 2031 3186 2102 proficiscantur.
3234 2033 3368 2100 Quid
3390 2041 3513 2098 est,

1934 2121 2255 2178 Unanimes?
2282 2123 2394 2179 lloc
2421 2123 2711 2180 declaravit
2736 2124 2968 2191 addens,
3007 2123 3179 2180 Unum
3222 2125 3472 2194 sapientes
3493 2140 3516 2180 :

1930 2213 2148 2270 unicum
2179 2215 2322 2270 enim
2350 2216 2463 2270 vult
2493 2230 2615 2272 esse
2645 2216 2884 2271 omnium
2912 2231 3125 2271 sensum
3150 2256 3167 2284 ,
3211 2217 3430 2287 perinde
3449 2232 3514 2271 ac

1928 2306 1975 2361 si
2010 2321 2075 2362 ex
2114 2322 2216 2362 una
2247 2308 2420 2362 anima
2463 2308 2778 2379 penderent.
2829 2308 2978 2363 Nihil
3005 2320 3096 2380 per
3122 2313 3510 2368 contentionem.

1931 2398 2104 2470 Rogat
2133 2399 2327 2455 deinde
2366 2409 2420 2455 et
2448 2401 2668 2469 exponit
2701 2401 2917 2456 modum
2948 2412 3055 2472 quo
3100 2402 3152 2457 id
3206 2403 3331 2470 fiat;
3365 2403 3513 2459 Nihil

1927 2510 2016 2564 per
2039 2494 2404 2548 contentionem
2434 2494 2511 2548 rel
2534 2493 2737 2548 inanem
2760 2495 2997 2565 gloriam,
3031 2495 3222 2566 inquit.
3246 2495 3398 2565 Quod
3426 2501 3512 2566 ip-

1925 2603 2043 2645 sum
2057 2601 2270 2657 semper
2287 2586 2408 2642 dico
2425 2580 2685 2642 malorum
2704 2588 2941 2641 omnium
2965 2600 3085 2643 esse
3106 2602 3324 2643 causam
3345 2606 3359 2641 :
3384 2586 3512 2645 hinc

1924 2694 2115 2751 pugnae
2137 2689 2191 2735 et
2213 2679 2354 2743 lites,
2381 2679 2505 2732 hinc
2530 2675 2725 2732 invidia
2753 2686 2807 2733 et
2834 2678 3080 2733 vincendi
3102 2680 3358 2741 studium,
3386 2679 3511 2735 hinc

1922 2772 2163 2842 caritatis
2191 2764 2570 2842 refrigeratio;
2618 2781 2738 2826 cum
2786 2770 3061 2825 hominum
3098 2771 3323 2841 gloriam
3358 2786 3509 2826 ama-

1922 2879 2065 2931 mus,
2093 2878 2215 2919 cum
2247 2863 2438 2919 h‘Onori
2467 2905 2482 2927 ,
2509 2864 2597 2934 qui
2628 2878 2660 2918 a
2689 2862 2873 2919 multis
2893 2863 3197 2930 exhibetur,
3223 2867 3505 2930 servimus,

1922 2963 2050 3011 tunc
2075 2946 2253 3010 omnia
2298 2954 2413 3012 hzec
2437 2954 2717 3011 accidunt:
2750 2954 2973 3012 minime
2995 2957 3138 3011 enim
3176 2956 3254 3012 fas
3280 2967 3361 3013 est
3386 2959 3508 3029 glo-

1923 3047 2019 3104 ria:
2042 3050 2369 3104 servientem
2396 3088 2412 3113 ,
2457 3048 2548 3103 Dei
2575 3047 2736 3104 etiam
2766 3057 3083 3119 germanum
3112 3063 3233 3104 esse
3254 3064 3465 3105 servum
3488 3091 3504 3105 .

1920 3140 2037 3211 Qua
2065 3140 2227 3213 igitur
2253 3142 2463 3197 ratione
2490 3133 2595 3197 hoc
2629 3142 2801 3197 inanis
2825 3142 3012 3213 gl‘orize
3051 3142 3283 3197 studium
3312 3143 3508 3215 lugeri-

1918 3234 2081 3290 mus?
2100 3234 2335 3290 nondum
2365 3234 2507 3291 enim
2536 3234 2683 3289 illam
2702 3234 3015 3304 exposuisti.
3042 3235 3175 3290 Audi
3199 3236 3502 3306 sequentia:

1922 3327 2032 3384 Sed
2050 3328 2104 3383 in
2136 3318 2439 3393 humilitate,
2470 3324 2662 3396 inquit,
2694 3326 2980 3396 superiores
3007 3322 3101 3380 sibi
3129 3327 3342 3381 inuicem
3370 3328 3506 3381 arbi-

1917 3430 2127 3477 trantes.
2162 3418 2317 3490 Papae
2342 3414 2356 3474 ἰ
2385 3419 2654 3490 quombdo
2678 3417 2892 3487 plenum
2920 3417 3269 3487 philosophia:
3286 3418 3501 3488 dogma,

1916 3523 1972 3570 et
2000 3510 2067 3568 ad
2098 3520 2337 3566 nostram
2368 3504 2594 3565 salutem
2634 3507 2952 3564 mirabiliter
2986 3509 3288 3564 conducens
3333 3524 3502 3581 expo-

1915 3603 2054 3660 snit!
2083 3594 2139 3659 Si
2169 3601 2523 3668 existimaris,
2553 3600 2756 3671 inquit,
2786 3600 2936 3654 illum
2975 3609 3026 3656 te
3053 3601 3309 3670 majorem
3340 3616 3460 3656 esse
3484 3641 3499 3662 .

1917 3686 2078 3766 idque
2119 3693 2210 3747 tibi
2250 3693 2350 3764 ipsi
2375 3692 2739 3763 persuaseris;
2785 3696 2877 3745 aut
2898 3692 3076 3761 potius
3108 3693 3150 3745 si
3185 3707 3291 3746 non
3328 3692 3500 3746 solum

1913 3784 2134 3850 dixeris,
2160 3782 2254 3838 sed
2285 3783 2445 3837 etiam
2469 3782 2832 3850 persuasionis
2863 3783 3015 3837 istius
3046 3782 3255 3852 plenus,
3293 3782 3500 3837 honore

1913 3890 2125 3948 quoque
2164 3874 2333 3930 fueris
2377 3883 2757 3945 prosequetus,
2790 3874 3009 3929 minime
3057 3874 3430 3941 succensebis,
3455 3875 3501 3929 si

1914 3970 2015 4041 ipsi
2044 3970 2113 4026 ab
2143 3962 2253 4025 alio
2294 3968 2549 4025 tributum
2576 3964 2778 4024 videas.
2814 3966 2979 4039 igitur
3006 3981 3112 4022 non
3150 3977 3351 4023 tantum
3381 3969 3501 4023 exi-

1911 4064 2071 4120 stima
2101 4062 2248 4119 illum
2275 4072 2327 4120 te
2354 4056 2612 4135 majorem
2651 4078 2796 4129 esse,
2834 4062 2927 4118 sed
2949 4058 3109 4118 etiam
3142 4064 3498 4133 superiorem.

1911 4170 2030 4227 qua:
2066 4169 2172 4210 vox
2207 4166 2453 4225 magnam
2485 4155 2844 4225 praestantiam
2893 4153 3118 4218 indicat;
3146 4166 3197 4208 et
3228 4169 3499 4223 nonmgre

1913 4245 2055 4301 feres
2081 4260 2255 4317 neque
2283 4245 2510 4313 dolebis,
2549 4245 2594 4299 si
2623 4244 2770 4299 illum
2808 4245 2861 4299 in
2900 4241 3104 4301 honore
3130 4259 3251 4300 esse
3279 4244 3496 4308 videas;

1909 4346 1966 4394 et
1993 4338 2039 4393 si
2076 4336 2454 4392 contumeliam
2507 4331 2781 4400 intulerit,
2808 4350 3070 4406 generose
3113 4335 3291 4391 feres:
3325 4336 3497 4405 ipsum

1912 4424 2056 4486 enim
2087 4428 2343 4496 majorem
2367 4435 2419 4483 te
2447 4427 2798 4482 existimasti:
2836 4435 2891 4481 et
2910 4425 2956 4480 si
2978 4427 3234 4481 conviciis
3258 4426 3503 4496 appetie-

1912 4522 2016 4584 rit,
2042 4534 2248 4576 morem
2296 4534 2491 4591 geres,-
2520 4527 2574 4573 et
2616 4521 2658 4572 si
2704 4516 3054 4581 mali-fecerit,
3098 4518 3290 4573 tacitus
3335 4518 3497 4573 teres.

1911 4608 2136 4680 Quando
2159 4614 2302 4668 enim
2327 4611 2493 4668 semel
2511 4610 2614 4667 hoc
2644 4611 2745 4667 sibi
2773 4610 2949 4665 anima
2975 4611 3189 4681 penitus
3216 4625 3501 4680 persuase-

1912 4707 1999 4770 rit,
2027 4719 2148 4762 esse
2176 4705 2471 4775 majorem;
2503 4720 2609 4760 non
2633 4701 2924 4775 impellitur
2943 4704 3010 4758 ad
3035 4704 3194 4772 iram,
3213 4704 3259 4759 si
3284 4703 3352 4759 ab
3378 4704 3497 4775 ipso

1911 4798 2053 4854 male
2073 4797 2390 4868 accipiatur,
2424 4813 2529 4851 non
2554 4797 2620 4851 ad
2646 4795 2921 4851 invidiam.
2946 4797 3016 4851 lis
3049 4797 3193 4852 enim
3221 4797 3311 4866 qui
3341 4796 3498 4850 valde

1910 4896 2182 4960 prmstanl,
2200 4903 2359 4944 nemo
2377 4884 2654 4942 inviderit:
2679 4885 2794 4943 luce
2815 4886 2956 4943 enim
2974 4887 3150 4943 omnia
3170 4886 3491 4959 praestantia:

1910 4980 2054 5038 illius
2074 4977 2258 5038 deberi
2280 4988 2448 5051 putat.

1979 5075 2036 5130 2.
2069 5076 2163 5131 llis
2190 5075 2350 5145 igitur
2380 5073 2558 5130 verbis
2579 5074 2728 5130 docet
2759 5073 2915 5129 talem
2943 5075 3179 5130 animum
3193 5071 3487 5142 suscipere.

1910 5169 2067 5238 Quod
2089 5170 2134 5225 si
2156 5168 2392 5224 vicissim
2422 5167 2513 5222 illo
2538 5176 2685 5224 tanto
2700 5167 2797 5222 abs
2826 5176 2877 5221 te
2900 5167 3104 5223 honore
3132 5164 3375 5227 allectus,
3407 5162 3493 5217 in—

1910 5263 2047 5333 quit,
2075 5260 2324 5317 eumdem
2351 5273 2477 5331 erga
2500 5267 2555 5315 te
2574 5258 2810 5314 animum
2833 5256 3163 5328 susceperit;
3196 5253 3366 5324 cogita
3392 5252 3493 5307 duo

1910 5352 2032 5422 plici
2051 5351 2200 5423 quasi
2224 5365 2380 5406 muro
2400 5350 2584 5405 fultam
2600 5364 2722 5406 esse
2739 5350 3214 5419 aequanimitatem.
3229 5343 3493 5413 Quamdiu

1909 5446 2053 5501 enim
2086 5454 2310 5514 uterque
2334 5453 2618 5515 utrumque
2654 5444 2861 5498 honore
2887 5441 3076 5512 dignos
3106 5436 3329 5510 putatis,
3358 5436 3493 5491 nihil

1912 5551 2164 5607 umquam
2195 5535 2439 5593 accidere
2464 5536 2676 5592 molesti
2710 5542 2902 5605 potest.
2943 5531 3076 5587 Nam
3114 5529 3159 5585 si
3188 5529 3291 5587 hoc
3310 5528 3395 5584 vel
3427 5526 3497 5582 ab

1910 5629 2081 5684 altero
2110 5626 2389 5683 dumtaxat
2418 5627 2713 5699 praestitum
2742 5624 2875 5680 satis
2905 5633 2989 5681 est
3014 5622 3080 5678 ad
3109 5635 3324 5677 omnem
3365 5634 3499 5674 con-

1910 5732 2200 5780 tentionem
2233 5718 2551 5784 tollendam;
2580 5717 2793 5791 quando
2819 5715 2887 5773 ab
2914 5717 3155 5785 utrisque
3194 5719 3503 5786 [it-testatur,

3068 5810 3144 5875 llo
