4044 6202
495 309 604 364 ωε

499 427 619 496 quis
651 424 801 477 hanc'
822 420 1172 475 munitionem
1217 413 1556 487 perrumpet?
1607 411 1685 467 Ne
1727 412 1840 482 ipse
1863 411 2081 481 quidem

489 517 750 571 diabolus
776 533 788 568 :
820 513 1014 584 triplici
1033 511 1174 566 enim
1204 518 1256 562 et
1276 505 1606 578 quadruplici
1636 519 1811 572 muro,
1844 513 2002 574 atque
2018 519 2084 559 eo

505 611 734 678 amplius
761 607 888 662 fulta
919 616 998 660 est
1026 620 1141 658 arx.
1185 601 1434 656 Omnium
1456 599 1597 652 enim
1629 597 1888 652 bonorum
1920 610 2078 650 causa

502 714 584 756 est
601 701 898 754 humiiitas.
917 695 1069 764 Quod
1097 704 1150 748 ut
1170 694 1240 747 ita
1263 706 1381 746 esse
1398 691 1590 755 discas,
1616 689 1739 743 audi
1769 687 2082 759 prophetam

502 795 766 849 dicentem
791 810 810 842 .-
846 791 1098 857 Quoniam
1125 789 1168 842 si
1186 786 1493 852 sacri/icium
1521 783 1780 848 voluisses,
1829 783 2080 837 dedissem

493 886 672 954 utique
698 899 717 938 :
761 881 1070 935 holocaustis
1101 896 1200 932 non
1245 875 1588 931 delectaberis.
1621 874 1946 941 Sacriﬁcium
1975 872 2084 927 Deo

502 975 710 1046 spiritus
754 971 1160 1028 eontribulatus:
1224 986 1310 1024 cor
1357 969 1625 1024 contritum
1671 975 1720 1021 et
1762 966 2084 1020 humiliatum

505 1067 642 1120 Deus
673 1082 771 1118 non
802 1063 1083 1134 despiciet(
1116 1062 1259 1116 Psal.
1291 1060 1380 1116 50.
1414 1059 1502 1114 18.
1533 1057 1648 1129 19).
1676 1056 1792 1131 Non
1835 1056 2084 1112 absolute

495 1160 748 1230 quamvis
773 1157 1149 1218 luuuilitatem,
1179 1151 1273 1208 sed
1298 1152 1648 1206 intentionem
1676 1149 1961 1218 quamdam
1990 1146 2085 1202 hu-

504 1251 742 1305 militatis
771 1249 1002 1319 postulat
1037 1259 1089 1302 et
1131 1245 1314 1316 exigit.
1370 1243 1502 1299 Nam
1530 1241 1978 1313 quemadmodum
2027 1239 2079 1294 in

501 1341 818 1412 corporibus
835 1339 976 1408 quod
1002 1338 1292 1393 contritum
1323 1345 1424 1403 est,
1452 1347 1740 1403 numquam
1769 1331 1940 1387 solido
1961 1345 2083 1385 cor-

503 1433 618 1498 pari
651 1429 1020 1497 reluctabitur,
1053 1426 1146 1484 sed
1173 1435 1432 1498 quotquot
1453 1424 1632 1495 gravia
1654 1423 1905 1493 patiatur,
1934 1422 2083 1491 prius

487 1525 678 1591 ipsum
714 1520 1001 1586 interibit,
1052 1535 1208 1590 quam
1241 1519 1294 1572 in
1323 1517 1548 1572 alterum
1587 1515 1754 1570 irruat.
1783 1531 1796 1566 :
1841 1513 1912 1568 ita
1943 1520 2001 1568 et
2029 1513 2082 1567 in

503 1616 724 1670 anima:
779 1615 937 1684 eliget
966 1613 1108 1667 enim
1150 1610 1324 1680 potius
1363 1617 1620 1679 perpetuo
1667 1606 1804 1662 male
1859 1613 2083 1675 excepta

499 1719 731 1764 mortem
755 1708 914 1762 etiam
935 1706 1114 1771 obire,
1140 1719 1298 1774 quam
1318 1703 1618 1771 irrumpere
1638 1709 1691 1756 et
1710 1698 1917 1755 ulcisci.
1941 1698 2084 1766 Quo-

500 1817 672 1873 usque
700 1799 1025 1872 spirabimus
1050 1798 1272 1868 Spiritus
1298 1795 1435 1851 istos
1461 1793 1755 1850 ridiculos?
1783 1792 1914 1847 Nam
1943 1792 2084 1847 sicut

504 1909 703 1966 pueros
733 1894 776 1948 si
802 1892 1080 1948 videamus
1101 1905 1221 1945 sese
1243 1888 1434 1945 efferre
1464 1895 1518 1943 et
1544 1886 1848 1957 superbire,
1866 1883 2080 1940 etiamsi

499 1987 730 2058 lapidem
752 1986 1010 2041 tollantet
1028 1983 1249 2054 jaciant,
1276 1981 1511 2036 ridemus
1539 1997 1552 2033 :
1582 1980 1651 2033 ita
1675 1977 1905 2032 humana
1928 1991 2081 2031 arro-

490 2081 680 2148 gantia
731 2077 951 2148 puerilis
1008 2075 1237 2137 mentis,
1302 2071 1496 2128 iutirmi
1547 2069 1712 2124 animi
1757 2068 1936 2138 proles
1978 2076 2081 2122 est.

499 2155 644 2236 Quid
686 2168 1088 2240 superbis,terra
1134 2176 1180 2221 et
1210 2167 1338 2220 cinis
1369 2163 1556 2236 (Eccti.
1586 2163 1674 2219 10.
1703 2161 1736 2218 9
1759 2161 1816 2234 )7
1863 2161 2083 2232 Magnos

493 2263 724 2332 spiritus
752 2261 939 2326 sumis,
971 2258 1170 2314 homo?
1199 2256 1538 2328 quare?qua:
1563 2254 1794 2312 utilitas?
1817 2253 1902 2308 die
1925 2251 2081 2315 mihi;

500 2356 642 2410 unde
667 2369 800 2409 vero
829 2366 1051 2423 magnos
1081 2350 1301 2420 spiritus
1325 2349 1495 2404 sumis
1539 2348 1590 2402 in
1623 2361 1718 2402 eos
1746 2345 1908 2402 etiam
1930 2386 1944 2410 ,
1991 2347 2082 2417 qui

501 2447 740 2516 ejusdem
774 2451 899 2499 sunt
931 2441 1175 2498 ordinis?
1199 2456 1303 2495 non
1335 2437 1574 2510 ejusdem
1607 2437 1873 2508 particeps
1901 2451 1961 2493 es
1983 2452 2084 2492 na-

501 2536 673 2591 turae?
704 2549 810 2590 non
836 2531 1076 2604 ejusdem
1112 2529 1341 2586 anima)?
1369 2544 1478 2584 non
1507 2527 1757 2584 eumdem
1785 2543 1815 2582 a
1847 2527 1959 2584 Deo
1981 2526 2083 2582 ho-

504 2643 692 2683 norem
721 2624 1017 2695 accepisti?
1047 2624 1116 2679 At
1152 2623 1366 2693 sapiens
1387 2621 1483 2677 es?
1513 2619 1658 2691 Ergo
1683 2619 1881 2690 gratias
1901 2633 2082 2691 agere,

506 2736 612 2775 non
664 2719 1024 2775 intumescere
1067 2714 1249 2770 debes.
1291 2713 1470 2769 Prima
1518 2711 1708 2783 ingrati
1752 2711 1914 2767 animi
1959 2715 2118 2766 nota

503 2810 753 2882 superbia
779 2819 894 2874 est;
940 2807 1115 2864 aufert
1158 2806 1302 2862 enim
1333 2803 1706 2861 beneficentia:
1731 2802 1952 2859 donum.
1983 2799 2084 2871 Qui

500 2903 644 2958 enim
668 2915 792 2956 sese
818 2898 998 2964 eti'ert,
1022 2898 1069 2953 is
1091 2937 1107 2964 ,
1137 2895 1290 2967 quasi
1316 2896 1431 2967 ipse
1460 2895 1513 2951 id
1539 2894 1682 2966 quod
1711 2903 1859 2950 recte
1885 2891 2083 2950 factum

501 3003 603 3059 est,
636 2990 951 3058 confecerit,
992 3003 1053 3045 se
1082 2987 1271 3044 eﬂ'ert:
1298 2987 1389 3058 qui
1418 2997 1593 3041 autem
1617 2986 1796 3041 omnia
1824 3001 1854 3040 a
1875 3000 1935 3041 se
1960 3000 2086 3057 pro-

502 3083 638 3139 fecta
670 3089 842 3154 putat,
869 3081 1105 3152 ingratus
1139 3087 1222 3134 est
1246 3077 1500 3133 adversus
1522 3091 1664 3144 eum,
1705 3077 1796 3148 qui
1823 3075 2084 3133 honorem

508 3174 680 3231 dedit.
709 3172 994 3244 Quippiam
1015 3171 1142 3227 boni
1173 3169 1376 3226 habes?
1406 3168 1618 3224 Gratias
1645 3183 1743 3239 age
1770 3169 1850 3235 ei,
1874 3168 1963 3240 qui
1990 3167 2086 3224 de-

504 3269 604 3322 dit.
636 3265 772 3321 Audi
800 3264 925 3336 quid
955 3263 1096 3320 dicat
1126 3259 1324 3331 Joseph
1346 3302 1361 3327 ,
1391 3258 1520 3334 quid
1551 3260 1755 3316 Daniel.
1799 3258 1932 3316 Nam
1959 3259 2082 3316 eum

431 3427 434 3432 ι
503 3357 721 3430 λΕωνρῑί
751 3371 843 3411 rex
867 3355 1015 3410 illum
1045 3369 1076 3410 e
1103 3367 1324 3410 carcere
1349 3351 1740 3418 accersivisset,
1782 3361 1838 3408 et
1867 3351 1920 3408 in
1947 3366 2083 3407 con-

504 3459 690 3522 spectu
723 3448 886 3504 totius
930 3446 1199 3503 exercitus
1224 3445 1291 3500 de
1323 3459 1390 3501 eo
1430 3443 1644 3515 negotio
1669 3445 2081 3515 interrogasset,

509 3541 562 3595 in
599 3555 705 3611 quo
729 3538 1038 3594 defecerant
1072 3536 1309 3608 Egyptii
1331 3577 1346 3604 ,
1398 3535 1485 3606 qui
1515 3535 1567 3590 in
1591 3534 1893 3606 hujusmodi
1925 3534 2085 3591 rebus

500 3633 735 3688 maxime
760 3629 1032 3702 pollebant
1060 3646 1074 3684 :
1106 3643 1230 3683 cum
1277 3627 1391 3698 ipse
1422 3626 1534 3696 jam
1558 3641 1678 3682 sese
1707 3625 1811 3682 illis
1837 3626 2088 3682 omntbus

499 3723 835 3793 superiorem
865 3731 1180 3777 ostensurus
1208 3728 1370 3784 esset,
1395 3719 1658 3789 longeque
1684 3718 1977 3789 sapientior
2001 3733 2088 3774 es-

503 3824 589 3868 set
618 3811 895 3866 habendus
926 3810 1246 3880 astrologis,
1295 3809 1504 3864 vatibus
1524 3849 1539 3875 ,
1569 3808 2048 3879 praestigiatoribus
2067 3850 2083 3876 ,

507 3905 697 3975 magis,
727 3902 1061 3974 philosophis
1096 3901 1214 3971 ejus
1248 3900 1505 3970 temporis
1525 3899 1792 3966 omnibus,
1820 3916 1952 3970 puer
1972 3901 2088 3972 ipse

500 4013 576 4051 ex
607 3995 912 4066 captivitate
945 4003 1001 4050 et
1025 3994 1279 4049 servitute
1315 3992 1478 4063 (tunc
1501 3992 1643 4047 enim
1683 3992 1854 4064 major
1873 3993 2090 4050 exsistit

509 4088 680 4159 gloria
714 4104 728 4141 :
759 4101 933 4158 neque
958 4085 1102 4142 enim
1131 4083 1274 4140 idem
1306 4092 1390 4140 est
1427 4083 1699 4138 hominem
1720 4083 1843 4154 jam
1882 4084 2084 4140 clarum

502 4183 726 4249 iacere,
759 4189 918 4251 atque
973 4187 1170 4250 praeter
1196 4174 1695 4248 exspectationem;
1737 4191 1903 4246 quare
1946 4177 2087 4247 quod

507 4285 704 4346 praeter
731 4288 881 4344 spem
912 4272 964 4328 id
985 4271 1260 4336 evenerit,
1310 4267 1764 4325 admirabiliorem
1795 4267 1968 4339 ipsum
2011 4271 2090 4325 fe-

499 4368 602 4439 cit)
626 4383 641 4422 :
665 4366 790 4437 quid
820 4365 978 4436 igitur
1000 4363 1101 4419 iste
1126 4361 1389 4418 accedens
1413 4361 1481 4416 ad
1511 4360 1846 4418 Pharaonem
1870 4360 1893 4416 ?
1923 4359 2088 4418 dixit-

437 4484 440 4488 -
501 4474 576 4513 ne
597 4498 612 4523 ,
646 4455 895 4512 Profecto
920 4454 1088 4510 novi?
1117 4452 1259 4508 Nihil
1293 4453 1502 4518 minus;
1551 4449 1646 4508 sed
1673 4450 1842 4523 quid?
1865 4450 2088 4509 Nemine

507 4551 684 4619 ipsum
725 4556 1004 4618 urguente,
1032 4558 1131 4615 pro
1160 4558 1254 4598 sua
1275 4544 1387 4614 ipsa
1411 4556 1600 4613 magna
1630 4541 1764 4612 grati
1791 4543 1955 4597 animi
1984 4545 2091 4599 vir-

511 4651 646 4704 tute,
694 4639 818 4710 quid
849 4639 956 4693 ait?
1005 4635 1274 4707 Numquid
1300 4651 1401 4690 non
1429 4650 1518 4706 per
1545 4633 1709 4687 Deum
1742 4634 2091 4704 interpretatio

511 4733 691 4787 horum
719 4740 789 4787 est
815 4729 970 4799 (Gen.
997 4729 1088 4785 40.
1119 4728 1211 4798 8)?
1233 4727 1388 4792 Vide,
1427 4725 1682 4781 continuo
1725 4725 1948 4795 gloriam
1982 4727 2092 4783 l)eo

519 4823 736 4887 tribuit;
767 4831 1047 4893 propterea
1073 4821 1188 4892 ipse
1208 4834 1420 4890 quoque
1447 4817 1670 4889 gloriam
1700 4817 1928 4888 accepit.
1958 4817 2090 4872 Nam

508 4927 567 4975 et
598 4916 701 4970 hoc
728 4915 792 4969 ad
823 4914 1044 4984 gloriam
1072 4926 1176 4967 non
1199 4913 1321 4966 leve
1343 4916 1672 4964 ammentum
1690 4907 1852 4964 habet
1882 4926 1895 4964 :
1922 4910 2094 4965 multo

515 5008 662 5066 cnim
691 5005 862 5075 majus
886 5012 986 5069 est,
1020 5003 1120 5073 ipsi
1142 5018 1169 5055 a
1200 5002 1310 5057 Deo
1341 5016 1461 5056 esse
1485 4999 1802 5068 revelatum,
1827 5016 1984 5069 quam
2015 5000 2094 5070 ip-

516 5114 636 5156 sum
674 5112 768 5168 per
796 5111 856 5151 se
892 5094 994 5149 hoc
1033 5092 1362 5156 confecisse;
1411 5101 1765 5162 prazterquam
1797 5090 1936 5162 quod
1971 5091 2094 5146 hinc

512 5189 680 5244 etiam
712 5187 890 5243 verbis
928 5185 1038 5241 suis
1065 5182 1221 5238 fidem
1252 5182 1610 5249 conciliabat,
1665 5183 1824 5253 idque
1852 5184 2095 5238 ﬁrmissi-

517 5295 666 5335 mum
697 5287 824 5335 erat
844 5275 1217 5332 familiaritatis
1238 5290 1360 5329 cum
1385 5274 1492 5328 Deo
1521 5284 1913 5345 argumentum.
1954 5275 2092 5328 Nihil

525 5368 666 5426 enim
697 5384 850 5441 aque
874 5369 1072 5424 bonum
1095 5375 1177 5422 est
1197 5409 1212 5432 ,
1254 5380 1316 5420 ac
1341 5365 1655 5419 familiarem
1686 5364 1796 5419 fieri
1850 5365 1978 5420 Deo.
2034 5365 2095 5420 Si

523 5456 654 5512 enim
696 5474 757 5511 ea:
783 5459 1014 5526 operibus
1051 5457 1356 5526 [ueliﬁcatas
1406 5465 1509 5522 est,
1540 5455 1685 5510 habet
1707 5456 1960 5525 gloriam,
2011 5456 2094 5509 in-

517 5538 657 5609 quit,
702 5542 792 5596 sed
824 5563 922 5600 non
951 5548 1090 5618 apud
1121 5547 1284 5603 Deum
1323 5548 1340 5619 (
1370 5547 1520 5602 Rom.
1548 5548 1604 5602 4.
1635 5546 1671 5600 2
1692 5549 1731 5616 ).
1760 5547 1890 5601 Nam
1928 5558 1980 5601 et
2006 5547 2096 5617 qui

519 5629 835 5690 criminibus
858 5640 1118 5694 obnoxius
1150 5641 1370 5711 gratiam
1394 5648 1476 5696 est
1499 5649 1877 5709 consequutus,
1906 5639 2098 5708 gloria-

519 5727 608 5774 tur
637 5722 689 5775 in
719 5724 828 5781 Deo
849 5770 862 5795 ,
891 5731 1138 5786 nimirum
1164 5774 1178 5801 ,
1227 5732 1367 5804 quod
1411 5734 1476 5786 ab
1519 5733 1612 5787 illo
1652 5741 1858 5787 amatur
1888 5732 2094 5802 sibique

1240 302 1300 357 S.
1339 295 1615 356 JOANNIS
1657 295 2127 354 Clll'lYSOSTOMI
2169 296 2485 352 ARCIIIEP.
2525 297 3054 356 CONSTANTINOP.

3662 307 3759 363 iiii

2196 421 2410 480 peccata
2429 413 2649 467 remissa
2669 425 2794 469 sunt
2816 433 2829 471 ;
2862 427 2911 470 et
2942 417 3032 470 ille
3053 415 3141 485 qui
3169 427 3442 487 operatur,
3477 418 3637 478 habet
3653 425 3770 495 glo-

2190 503 2344 568 riam,
2378 504 2471 556 Sed
2498 520 2602 558 nou
2630 506 2770 574 apud
2805 507 2992 573 Deum,
3016 519 3074 562 ut
3106 509 3192 563 ille
3221 528 3235 564 :
3275 525 3396 564 nam
3426 514 3526 568 hoc
3553 516 3767 584 quidem

2189 608 2394 661 magna:
2424 593 2748 650 infirmitatis
2788 605 2983 651 nostrae
3015 609 3096 652 est
3138 611 3508 669 argumentum
3538 622 3552 658 :
3597 608 3766 676 atqui

2189 683 2505 752 sapientiam
2531 699 2562 738 a
2591 685 2700 740 Deo
2728 687 2970 757 accepit,
2999 700 3196 759 quanto
3223 693 3326 747 erit
3359 692 3770 753 admirabilior!

2189 776 2427 831 Gloriam
2458 779 2565 832 Deo
2593 779 2810 846 tribuit,
2855 790 2909 836 et
2939 782 3172 837 vicissim
3200 784 3269 839 ab
3299 784 3390 840 illo
3415 786 3641 856 gloriam
3672 804 3770 844 ac-

2189 867 2331 936 cepit
2355 885 2366 920 :
2402 867 2756 936 Glori/icantes
2783 872 2925 926 enim
2951 889 3049 939 me,
3086 874 3276 945 inquit,
3297 874 3528 946 glori/ica
3552 879 3604 949 (1
3636 879 3769 950 Reg.

2187 957 2242 1010 2.
2278 959 2344 1014 10
2378 955 2418 1030 ).
2455 959 2653 1016 Rursus
2679 978 2943 1035 pronepos
2983 965 3176 1036 hujus,
3221 982 3326 1037 quo
3355 969 3568 1040 quidem
3607 985 3770 1027 nemo

2188 1049 2288 1106 fuit
2329 1054 2623 1122 sapientior
2655 1053 2950 1127 (scriptum
2981 1068 3065 1114 est
3091 1059 3257 1126 enim,
3298 1057 3564 1132 Numquid
3591 1071 3643 1118 tu
3679 1081 3765 1116 sa—

2189 1143 2404 1214 pientior
2427 1161 2479 1198 es
2510 1143 2723 1200 Daniele
2750 1146 2962 1218 [Ezeclu
2990 1148 3079 1204 28.
3113 1147 3234 1222 5])?
3279 1150 3364 1206 hic
3395 1152 3552 1222 igitur
3586 1155 3764 1210 Daniel

2189 1249 2309 1289 cum
2337 1251 2527 1291 omnes
2551 1239 2639 1307 qui
2667 1247 2823 1294 erant
2863 1239 2915 1293 in
2959 1239 3228 1312 Babylone
3269 1243 3536 1312 sapientes
3557 1285 3570 1307 ,
3605 1254 3764 1314 atque

2189 1323 2290 1396 ipsi
2321 1341 2507 1383 rursus
2539 1329 2826 1400 astrologi,
2870 1340 3048 1394 vates,
3103 1334 3279 1404 magi,
3315 1336 3724 1407 pra-Stigiatores
3749 1379 3763 1402 ,

2189 1424 2350 1486 atque
2377 1420 2629 1475 universa
2659 1421 3018 1493 philosophia,
3069 1441 3173 1480 non
3204 1419 3362 1481 modo
3391 1431 3627 1484 convicta
3652 1431 3762 1500 jam

2187 1519 2351 1578 esset,
2380 1511 2473 1567 sed
2497 1513 2656 1567 etiam
2680 1529 2711 1570 e
2741 1515 2917 1570 medio
2944 1517 3148 1571 sublata
3168 1518 3404 1588 (capitali
3429 1522 3568 1576 enim
3593 1538 3622 1576 a
3642 1537 3766 1593 rege

2188 1598 2241 1654 in
2269 1601 2540 1670 sapientes
2559 1603 2670 1670 lata,
2694 1607 2956 1662 sententia
2988 1609 3117 1663 satis
3141 1609 3428 1678 indicabat,
3457 1621 3609 1668 antea
3628 1628 3765 1684 quo-

2186 1705 2292 1760 que
2321 1705 2381 1748 se
2416 1693 2483 1747 ab
2508 1693 2614 1749 illis
2643 1693 2923 1766 deceptum
2965 1695 3152 1770 fuisse)
3185 1716 3199 1754 :
3249 1701 3512 1756 accedens
3537 1719 3664 1772 ergo
3697 1697 3765 1759 ad

2189 1799 2390 1854 regem,
2433 1785 2600 1856 ipsius
2629 1789 2874 1858 petitioni
2893 1789 3004 1861 jam
3031 1792 3422 1859 satisfacturus,
3455 1812 3623 1867 neque
3652 1801 3766 1867 ipse

2186 1889 2247 1931 se
2275 1877 2553 1948 magnifice
2588 1881 2985 1953 circumSpicit,
3033 1883 3128 1940 sed
3172 1886 3402 1956 primum
3434 1889 3613 1943 omnia
3652 1887 3765 1946 Deo

2187 1969 2350 2025 refert
2375 1979 2613 2041 accepta,
2645 1982 2699 2028 et
2727 1975 2934 2046 inquit:
2964 1973 3098 2030 Mihi
3139 1992 3250 2031 vero
3280 1995 3380 2034 non
3401 1981 3452 2033 in
3479 1981 3758 2050 sapientia,

2185 2077 2298 2131 qua:
2316 2071 2390 2116 est
2415 2061 2469 2118 in
2494 2081 2572 2120 me
2603 2065 2716 2136 plus
2732 2083 2886 2137 quam
2922 2069 2975 2121 in
3005 2069 3197 2122 cunctis
3225 2070 3533 2138 hominibus,
3576 2073 3768 2127 revela-

2187 2161 2295 2208 tum
2323 2163 2428 2222 est,
2455 2171 2486 2211 ο
2513 2171 2603 2210 rea:
2646 2155 2806 2227 (Dan.
2830 2155 2885 2212 2.
2913 2156 3029 2228 50).
3084 2150 3234 2214 Tunc
3257 2175 3382 2214 vero
3418 2160 3657 2216 adoravit
3688 2163 3761 2231 ip-

2186 2262 2307 2303 sum
2334 2263 2450 2317 rex,
2481 2263 2544 2305 ac
2571 2249 2726 2319 dixit,
2757 2249 3016 2307 Libentur
3039 2251 3358 2309 oblationes.
3391 2252 3554 2309 Vides
3584 2255 3763 2310 humi-
3825 2236 3837 2246 ’

2187 2337 2389 2394 litatem
2407 2341 2430 2394 ?
2447 2340 2594 2396 vides
2619 2349 2827 2413 gratum
2854 2341 3130 2398 animum?
3160 2343 3308 2399 vides
3330 2359 3545 2401 moresa
3575 2361 3763 2416 super-

2188 2433 2275 2488 bia
2299 2445 2532 2490 remotos
2553 2436 2575 2489 i
2603 2435 2743 2491 Audi
2768 2451 2898 2492 vero
2927 2446 2981 2492 et
3006 2437 3373 2507 apostolorum
3395 2439 3578 2508 verba,
3595 2439 3763 2496 inter-

2186 2524 2313 2582 dum
2343 2527 2555 2598 quidem
2595 2527 2927 2584 dicentium:
2973 2528 3114 2595 Quid
3145 2547 3237 2585 nas
3277 2532 3570 2600 intuemini,
3620 2534 3764 2600 quasi

2189 2627 2366 2672 nostra
2389 2618 2570 2673 virtute
2585 2629 2672 2672 aut
2689 2620 2872 2690 pietate
2896 2621 3160 2691 fecerimus
3189 2622 3323 2676 hunc
3342 2623 3601 2678 ambulare
3625 2624 3763 2695 (Act.

2186 2708 2243 2774 3,
2273 2707 2362 2764 12.
2392 2719 2439 2764 et
2468 2710 2554 2765 14.
2589 2710 2657 2765 14
2677 2707 2734 2783 )?
2763 2710 3034 2766 Interdum
3072 2728 3233 2779 vero,
3281 2711 3349 2767 Et
3393 2731 3482 2770 nos
3529 2716 3766 2771 mortales

2187 2818 2380 2870 sumus,
2408 2802 2602 2856 similes
2625 2801 2766 2857 vobis
2794 2803 3044 2858 homines.
3077 2803 3229 2871 Quod
3258 2807 3301 2860 si
3329 2807 3403 2860 illi
3432 2807 3635 2862 delatos
3660 2808 3762 2862 sibi

2189 2894 2420 2951 honores
2436 2894 2572 2952 adeo
2589 2894 2960 2966 repudiabant,
2996 2895 3264 2964 homines,
3295 2899 3384 2970 qui
3408 2916 3502 2967 per
3529 2914 3644 2955 eam
3665 2899 3766 2954 hu-

2187 2985 2470 3042 militatem
2509 3002 2628 3057 qua:
2677 2986 2971 3043 secundum
3017 2987 3289 3044 Christum
3336 2999 3450 3054 est,
3495 2991 3766 3062 ipsiusque

2187 3078 2479 3149 potentiam
2497 3077 2699 3149 majora
2726 3093 2884 3150 quam
2905 3078 3150 3134 Christus
3169 3081 3282 3151 ipse
3304 3097 3464 3152 opera
3491 3083 3768 3137 ediderant

2191 3170 2365 3241 (nam,
2400 3168 2502 3235 Qui
2520 3170 2678 3224 credit
2700 3169 2752 3224 in
2779 3187 2883 3234 me,
2924 3170 3127 3240 inquit,
3159 3173 3359 3240 majora
3387 3172 3563 3226 horum
3591 3174 3762 3245 faciet,

2187 3276 2301 3331 qua
2328 3276 2420 3332 ego
2451 3261 2584 3332 facio
2614 3259 2806 3332 (Joan.
2827 3261 2916 3316 14.
2941 3261 3030 3333 12)
3057 3279 3070 3315 :
3105 3263 3375 3332 quomodo
3401 3279 3497 3319 nos
3527 3280 3631 3318 non
3663 3265 3767 3319 mi-

2189 3352 2294 3408 seri
2314 3361 2475 3424 atque
2500 3352 2742 3408 infelices
2778 3368 2984 3421 sumus,
3015 3355 3102 3424 qui
3126 3371 3193 3410 ne
3213 3355 3413 3411 culices
3441 3356 3652 3427 quidem
3672 3376 3766 3412 cx-

2189 3445 2388 3515 pellere
2413 3459 2717 3516 possumus,
2747 3443 2944 3500 nedum
2972 3445 3287 3502 daemonas?
3313 3448 3404 3518 qui
3442 3464 3509 3504 ne
3535 3450 3623 3503 uni
3650 3450 3766 3519 qui-

2187 3536 2312 3593 dem
2338 3537 2540 3592 homini
2568 3537 2825 3608 prodesse
2845 3538 3108 3604 valemus,
3134 3538 3327 3594 nedum
3358 3540 3606 3596 universo
3625 3540 3764 3606 orbi,

2188 3639 2244 3686 et
2264 3639 2441 3686 tamen
2465 3639 2640 3686 tantos
2673 3629 2827 3686 nobis
2867 3630 3087 3701 spiritus
3114 3632 3398 3699 sumimus,
3433 3641 3664 3702 quantos
3696 3649 3766 3688 ne

2189 3737 2304 3793 Ipse
2328 3723 2544 3795 quidem
2572 3721 2861 3779 diabolus?

2261 3815 2313 3870 ‘5.
2357 3814 2607 3883 Superbia
2643 3831 2794 3886 quam
2836 3815 3002 3870 aliena
3040 3815 3100 3868 ab
3141 3816 3312 3870 anima
3356 3814 3660 3871 Christiana.
3692 3847 3762 3859 —-

2189 3905 2330 3960 Nihil
2359 3919 2510 3976 aeque
2547 3905 2780 3961 alienum
2812 3905 2880 3961 ab
2917 3906 3093 3961 anima
3120 3906 3420 3962 Christiana
3463 3916 3543 3963 est
3582 3920 3644 3962 ac
3674 3925 3770 3962 su-

2191 3997 2373 4068 perbia
2404 4015 2417 4050 :
2443 3998 2748 4068 superbiam
2789 3997 2934 4065 dico,
2983 4013 3089 4054 non
3121 3999 3412 4066 fidentiam,
3466 4017 3569 4056 non
3599 4002 3771 4058 virilis

2178 4089 2356 4145 animi
2386 4089 2786 4157 fortitudinem;
2835 4105 2954 4145 nam
3006 4091 3104 4146 ista
3136 4092 3354 4162 quidem
3398 4093 3769 4148 convenientia

2191 4188 2350 4244 sunt;
2376 4180 2534 4250 longe
2561 4180 2704 4235 enim
2734 4180 2802 4236 ab
2831 4180 2919 4236 illa
2942 4181 3214 4238 differunt.
3237 4183 3597 4250 Quamobrem
3625 4185 3771 4239 aliud

2193 4271 2408 4342 quidem
2450 4280 2530 4328 est
2561 4271 2852 4338 humilitas,
2883 4273 3028 4328 aliud
3055 4287 3184 4330 vero
3229 4274 3560 4330 itliberalitas
3587 4269 3642 4332 et
3685 4291 3781 4335 as-

2194 4365 2424 4419 sentatio
2465 4373 2520 4419 et
2559 4364 2749 4420 molles
2791 4365 3084 4421 blanditiae.
3133 4367 3212 4422 Ac
3255 4367 3299 4422 si
3349 4368 3528 4434 vultis,
3580 4367 3770 4423 horum

2194 4454 2431 4508 omnium
2457 4467 2557 4525 ego
2595 4454 2749 4509 vobis
2786 4457 3030 4525 exempla
3068 4455 3306 4512 afferam.
3337 4455 3600 4513 Videntur
3627 4459 3772 4513 enim

2192 4562 2312 4619 qua:
2336 4547 2599 4602 contraria
2630 4556 2754 4602 sunt
2791 4547 2931 4603 inter
2953 4562 3034 4614 se,
3062 4561 3229 4620 prope
3255 4549 3648 4618 quodammodo
3687 4565 3777 4606 cs-

2195 4655 2255 4695 se
2296 4639 2487 4709 posita,
2518 4647 2574 4692 ut
2619 4637 2883 4694 frumento
2913 4639 3136 4705 zizania,
3167 4649 3221 4694 et
3259 4640 3397 4695 rosis
3443 4641 3650 4712 Spinze;
3680 4639 3777 4697 sed

2197 4730 2346 4800 pueri
2378 4729 2592 4799 quidem
2635 4728 2904 4797 fallantur,
2954 4730 3043 4800 qui
3089 4739 3266 4786 autem
3313 4745 3441 4787 vere
3485 4742 3611 4787 sunt
3649 4734 3775 4799 viri,

2196 4819 2488 4890 spiritualis
2533 4819 2870 4888 agriculturae
2921 4821 3096 4888 periti,
3147 4828 3348 4875 norunt
3388 4835 3513 4877 vera
3562 4817 3701 4876 bona
3747 4833 3779 4878 a

2199 4907 2350 4963 malis
2371 4908 2716 4977 distinguere.
2745 4911 2856 4979 Age
2884 4909 3046 4980 igitur
3069 4911 3312 4980 exempla
3339 4911 3490 4967 vobis
3518 4926 3585 4967 ex
3618 4912 3780 4982 ipsis-

2198 5010 2308 5056 met
2331 5001 2624 5069 Scripturis
2648 5014 3026 5070 proponamus.
3055 5002 3193 5070 Quid
3217 5003 3428 5058 laudent
3462 5013 3545 5060 est
3584 5016 3779 5060 asseu-

2197 5094 2328 5148 tatio
2356 5103 2410 5148 et
2437 5092 2767 5147 illiberalitas
2801 5101 2854 5146 et
2885 5093 3064 5149 mollis
3095 5094 3394 5150 blanditia?
3421 5095 3547 5151 Siba
3578 5097 3779 5151 intem-

2203 5183 2405 5254 pestive
2450 5183 2632 5238 Davidi
2680 5193 2764 5239 est
2815 5194 3137 5251 asseutatus,
3189 5201 3452 5256 suumque
3501 5188 3782 5243 dominum

2201 5275 2510 5329 criminatus
2537 5284 2652 5341 est;
2681 5277 2850 5330 multo
2878 5288 3054 5333 autem
3078 5281 3244 5350 magis
3267 5280 3586 5351 Achitopbel
3615 5283 3784 5336 Absa-

2204 5365 2336 5420 loni.
2367 5366 2435 5419 At
2479 5382 2584 5421 non
2613 5367 2736 5423 talis
2765 5369 2952 5436 David,
2995 5370 3087 5425 sed
3131 5371 3349 5428 humilis
3381 5373 3453 5442 (‘2.
3489 5373 3617 5448 Reg.
3664 5374 3782 5444 16).

2203 5458 2302 5524 Qui
2350 5457 2491 5512 enim
2531 5459 2738 5514 subdoli
2785 5471 2928 5525 sunt,
2979 5471 3345 5520 assentatores
3383 5475 3545 5521 sunt:
3590 5482 3787 5536 queru-

2203 5545 2490 5603 admodum
2536 5565 2655 5605 cum
2699 5552 2844 5623 magi
2873 5553 3097 5610 dicunt:
3141 5555 3280 5623 Vive,
3332 5575 3443 5625 rex,
3495 5561 3546 5612 in
3595 5561 3790 5614 meum

2208 5637 2368 5711 (Dan.
2399 5639 2454 5694 2.
2486 5642 2562 5712 «1).
2599 5644 2676 5698 Ac
2711 5643 2776 5699 de
2805 5645 2971 5700 Paulo
2998 5648 3163 5701 multa
3205 5647 3508 5718 huiusmodi
3536 5648 3793 5706 invenie-

2211 5747 2331 5790 mus
2359 5733 2408 5789 in
2449 5735 2614 5805 Actis,
2643 5751 2763 5793 cum
2785 5737 2982 5795 Judaeis
3009 5739 3082 5794 ita
3111 5738 3430 5809 disserente,
3461 5749 3519 5797 ut
3551 5753 3659 5796 non
3696 5756 3792 5796 as-
