4044 6202
367 329 470 386 917

363 454 632 512 sentetur,
675 444 774 502 sed
802 443 1075 498 lmmiliter
1119 452 1243 513 agat
1275 461 1288 498 :
1321 445 1469 498 novit
1501 445 1644 498 enim
1689 451 1745 496 et
1785 442 1953 497 libere

363 555 429 594 ac
459 537 690 592 fidenter
712 549 903 606 agere;
935 542 992 588 ut
1029 548 1151 588 cum
1199 534 1404 602 inquit:
1442 531 1554 587 Viri
1579 533 1784 602 fratres,
1819 531 1950 585 nihil

363 629 607 684 adversus
635 628 827 698 plebem
853 626 1065 696 faciem,
1091 635 1177 678 aut
1205 642 1366 678 mores
1393 633 1647 695 paternos,
1670 624 1865 678 vinctus
1889 620 1950 674 ab

363 709 698 792 lerosofgmis
729 721 946 773 traditus
985 734 1095 771 sum
1131 718 1268 788 (Act.
1301 717 1392 782 ‘28,
1428 716 1539 787 l7).
1584 715 1650 770 Ut
1681 715 1823 769 enim
1867 715 1952 768 in-

364 814 574 883 telligas
596 811 917 866 humilitatis
939 809 1102 863 fuisse
1129 809 1243 862 hac
1269 809 1452 872 Verba,
1480 805 1602 860 audi
1624 821 1781 876 quam
1808 805 1952 874 ipsos

363 907 611 976 obiurget
655 905 708 958 in
751 903 1123 974 sequentibus,
1179 900 1249 954 ita
1293 901 1480 955 dicens
1508 900 1689 967 {Bene
1727 899 1953 966 Spiritus

365 1009 566 1053 sanctus
594 997 828 1066 loquutus
877 1004 972 1061 est,
1004 992 1140 1046 Aure
1169 992 1408 1056 audietis,
1437 1001 1484 1045 et
1515 1008 1613 1044 non
1638 991 1949 1062 intelligetis,

361 1101 408 1143 et
446 1088 664 1142 videntes
702 1086 952 1150 videbitis,
985 1095 1031 1139 et
1062 1101 1164 1138 non
1195 1083 1510 1155 perspicietis
1545 1082 1679 1147 (Act.
1707 1082 1796 1138 25.
1830 1080 1946 1152 26).

364 1181 528 1236 \‘idcs
579 1178 985 1234 fortitudinem?
1041 1176 1146 1232 Sed
1197 1175 1421 1231 Joannis
1479 1175 1641 1229 etiam
1699 1175 1950 1242 Baptista:

361 1271 728 1326 fortitudinem
755 1268 1054 1330 considera,
1082 1284 1184 1336 qua
1217 1283 1340 1337 erga
1383 1264 1646 1320 H«-rodem
1690 1279 1816 1319 usus
1842 1273 1946 1332 est,

359 1363 548 1419 dicens
576 1381 589 1417 :
620 1361 742 1415 Non
783 1361 898 1415 licet
928 1360 1016 1414 tibi
1052 1359 1237 1412 habere
1276 1374 1486 1412 uxorem
1513 1355 1748 1426 Philippi
1773 1356 1948 1426 fratris

360 1458 435 1510 tui
463 1455 658 1525 (Marc.
690 1456 743 1509 6.
777 1453 889 1524 18).
912 1453 1025 1508 Hoc
1053 1451 1284 1506 fidentia:
1310 1459 1413 1516 est,
1441 1450 1542 1505 hoc
1572 1449 1897 1504 fortitudinis
1928 1467 1942 1503 :

355 1560 414 1605 st
459 1549 776 1604 nonverba
831 1548 919 1602 illa
967 1547 1143 1600 Femci
1171 1565 1185 1600 :
1216 1543 1491 1616 Egredere,
1510 1545 1586 1599 vir
1638 1544 1947 1614 sanguinum

356 1643 436 1709 (2.
475 1643 604 1712 Reg.
636 1641 724 1695 16.
756 1640 844 1710 7);
877 1653 1195 1709 quamquam
1243 1645 1298 1691 et
1339 1636 1427 1691 ille
1471 1635 1699 1690 fidenter
1732 1634 1943 1704 agebat.

356 1739 430 1788 At
458 1749 564 1787 non
592 1735 692 1787 hoc
721 1730 980 1786 fortitudo
1009 1738 1112 1794 est,
1155 1728 1249 1782 sed
1278 1727 1498 1783 audacia
1538 1737 1591 1782 et
1618 1725 1943 1782 contumelia

354 1835 411 1879 et
453 1825 647 1895 lingua:
698 1822 1130 1892 intemperantia.
1172 1819 1388 1875 chahel
1431 1819 1593 1873 etiam
1638 1817 1942 1873 convicium

356 1917 492 1972 fecit
537 1915 692 1975 Jehu,
747 1915 931 1969 dicens
980 1930 993 1966 :
1041 1913 1143 1979 Qui
1189 1911 1437 1982 interfecit
1492 1911 1752 1964 deminuat
1791 1925 1942 1966 suum

361 2011 440 2077 μ.
481 2009 609 2079 Reg.
641 2008 693 2062 9.
721 2009 840 2075 3|);
867 2006 961 2061 sed
994 2006 1095 2060 hoc
1123 2003 1343 2059 audacia
1382 2013 1518 2069 erat,
1553 2019 1658 2058 non
1700 2003 1939 2059 fidentia.

361 2101 668 2156 Conviciqu
696 2110 747 2153 et
775 2101 949 2154 llelias
973 2098 1116 2163 fecit,
1146 2097 1241 2152 sed
1275 2097 1325 2151 id
1357 2096 1575 2152 fidentia
1607 2111 1668 2150 ac
1686 2095 1941 2152 fortitudo

352 2203 468 2247 erat
498 2212 512 2245 :
540 2191 657 2245 Non
687 2209 776 2262 ego
801 2192 944 2244 turbo
969 2190 1234 2260 populum,
1263 2188 1353 2241 scd
1384 2197 1456 2253 tu,
1487 2197 1533 2241 et
1569 2187 1751 2242 domus
1781 2190 1940 2258 patris

349 2291 423 2342 tui
459 2289 538 2358 (5.
578 2287 702 2358 Reg.
736 2288 825 2342 18.
862 2287 970 2357 18).
1017 2287 1224 2341 Rursus
1265 2301 1390 2355 erga
1422 2285 1730 2340 universum
1773 2302 1939 2357 popu-

347 2379 459 2433 lum
496 2379 728 2433 tideuter
755 2377 946 2448 agebat
977 2376 1156 2431 Helias
1186 2375 1370 2430 dicens
1398 2391 1412 2427 :
1446 2373 1716 2445 Usquequo
1739 2376 1931 2430 claudi-

341 2473 470 2526 catis
494 2473 722 2540 utrisque
747 2471 924 2526 vestris
946 2470 1224 2542 poplitibus
1256 2467 1360 2539 (Ib.
1390 2485 1440 2521 v.
1465 2467 1526 2521 21
1544 2469 1604 2537 )?
1637 2468 1748 2523 Hoc
1777 2469 1938 2540 igitur

341 2566 508 2622 modo
535 2575 766 2635 tangere
804 2563 1021 2619 fidentia
1059 2573 1176 2618 erat
1210 2571 1264 2616 ct
1293 2561 1551 2617 fortitudo
1583 2580 1596 2616 :
1629 2563 1789 2632 idque
1813 2577 1936 2632 pro-

337 2658 524 2726 pheta;
553 2655 850 2720 faciebant;
891 2653 1023 2709 illud
1049 2652 1478 2708 autemaudacia
1511 2662 1647 2708 erat.
1683 2654 1774 2710 \’is
1800 2670 1935 2725 prae-

337 2756 490 2801 terea
529 2745 874 2812 humilitatis,
920 2761 983 2799 ae
1031 2744 1294 2798 libertatis
1338 2742 1526 2797 audire
1567 2744 1765 2799 verba?
1809 2745 1934 2800 audi

337 2840 572 2894 Paulum
617 2838 930 2894 dicentem:
963 2837 1095 2891 Mihi
1132 2849 1301 2892 autent
1333 2852 1423 2912 pro
1462 2838 1668 2892 minimo
1701 2847 1795 2902 est,
1822 2847 1876 2891 ut
1903 2855 1936 2892 a

333 2933 479 2987 vobis
495 2931 718 3000 iudicer,
748 2940 836 3011 aut
869 2930 936 2983 ab
952 2931 1173 2984 humano
1199 2931 1281 2984 die
1311 2946 1332 2985 :
1353 2931 1440 2986 sed
1480 2947 1638 3001 neque
1663 2946 1741 2984 me
1766 2931 1932 2998 ipsum

323 3023 536 3092 judico.
569 3021 718 3075 Nihil
744 3022 878 3075 enim
905 3021 1287 3075 mihi‘conscius
1329 3037 1476 3085 sum;
1505 3022 1592 3075 sed
1621 3037 1720 3074 non
1758 3021 1810 3074 in
1838 3022 1933 3072 hoc

321 3115 648 3185 justiﬁeatus
673 3130 783 3167 sum
814 3114 888 3184 (1.
919 3112 1040 3169 Cor.
1073 3114 1125 3168 αι’.
1153 3114 1206 3168 5.
1243 3114 1322 3183 4).
1368 3111 1682 3182 llujusmodi
1713 3111 1931 3182 spiritus

327 3206 704 3260 Christianum
727 3205 941 3261 decent.
970 3207 1046 3259 Ac
1067 3221 1276 3272 rursus,
1298 3205 1463 3259 Audet
1484 3206 1666 3274 aliquis
1689 3215 1926 3271 vestrum,

327 3299 526 3359 habens
571 3298 827 3369 negotium
861 3297 1100 3350 adversus
1128 3297 1366 3360 alterum,
1399 3296 1629 3368 judicari
1662 3297 1802 3367 apud
1831 3297 1930 3350 ini-

323 3408 483 3460 quos,
514 3401 694 3445 et-non
717 3390 1079 3460 apudsanctos
1101 3392 1177 3462 (1.
1205 3391 1324 3446 Cor.
1348 3393 1401 3446 4.
1427 3394 1480 3448 5.
1502 3393 1597 3463 4)?
1629 3391 1718 3447 Vis
1743 3405 1928 3447 amen-

323 3484 465 3538 tium
525 3481 837 3536 Judarorum
893 3483 1309 3538 assentationem
1373 3486 1736 3554 cognoscere?
1799 3485 1923 3540 audi

320 3573 479 3644 ipsos
505 3573 772 3638 dicentes,
807 3571 915 3627 Nos
951 3591 1049 3626 non
1071 3574 1308 3630 habemus
1331 3592 1516 3647 regem,
1546 3578 1645 3632 nisi
1656 3575 1922 3632 Censor-em

316 3666 512 3735 (Joan.
545 3663 635 3719 l9.
676 3665 783 3734 l5).
847 3664 936 3720 Vis
981 3680 1302 3737 cognoscere
1356 3667 1747 3722 humilitatem?
1793 3667 1917 3723 audi

1249 325 1316 383 IN
1355 325 1568 384 EPIST.
1610 327 1701 382 AD
1740 325 2021 382 PillLll‘P.
2063 326 2216 386 CAP.
2260 331 2324 388 11.
2367 334 2595 392 1101111..
2640 335 2729 390 \‘l.
2815 323 2818 326 Α

3544 339 3650 397 218

2055 459 2244 502 rursus
2299 447 2520 503 Paulum
2573 450 2881 513 dicentem,
2943 447 3064 502 Non
3125 450 3258 503 enim
3321 453 3649 524 nosmetipsos

2057 540 2412 606 prwdicamus,
2452 541 2541 593 sed
2576 539 2752 594 Iesum
2787 541 3042 594 Christum
3084 539 3376 608 Dominum,
3424 559 3516 596 nos
3553 561 3650 596 au-

2056 640 2153 683 tent
2205 647 2372 684 servos
2422 643 2608 688 vestros
2653 650 2741 703 per
2787 632 2964 687 Iesum
3010 635 3101 702 (1.
3151 633 3268 687 Cor.
3321 635 3374 689 4.
3419 633 3506 708 5).
3560 635 3648 692 Vis

2055 732 2108 777 et
2155 725 2571 778 assentationem
2632 733 2687 779 et
2747 724 3023 779 audaciam
3079 724 3307 780 videre?
3357 725 3646 780 considera

2055 813 2332 869 audaciam
2381 815 2598 885 quidem
2648 815 2854 882 Nabal,
2907 817 3324 870 assentationem
3374 832 3503 872 vero
3551 816 3644 872 Zi-

2056 907 2328 977 phacorutn
2355 909 2435 978 (1.
2468 907 2596 980 Reg.
2627 908 2717 963 23.
2750 919 2796 964 et
2833 908 2930 978 25)
2961 926 2974 961 :
3000 891 3273 978 quomodo
3310 909 3400 964 ille
3425 909 3644 979 quidem

2055 999 2331 1055 maledicta
2353 1001 2612 1068 jaciebat;
2637 1000 2722 1056 isti
2747 1017 2895 1068 vero,
2920 1011 3175 1071 quantum
3199 999 3265 1055 ad
3290 1001 3527 1071 ipsorum
3550 1017 3646 1056 vo—

2055 1089 2311 1146 luntatem
2334 1100 2389 1146 et
2409 1091 2691 1147 consilium
2715 1092 2968 1162 pertinet,
2992 1091 3243 1147 Davidem
3268 1091 3639 1162 prodiderunt.

2056 1179 2145 1237 Vis
2168 1198 2270 1237 non
2293 1184 2730 1249 assentationem,
2753 1183 2848 1239 sed
2869 1183 3260 1254 philosophiam
3277 1184 3644 1255 cognoscere?

2052 1274 2331 1328 considera
2364 1275 2618 1330 Dat-idem
2651 1276 2952 1345 intercepto
2995 1275 3141 1330 Sauli
3185 1286 3514 1344 parcentem.
3545 1274 3641 1331 Vis

2050 1367 2464 1422 assentationem
2489 1368 2852 1438 cognoscere?
2889 1366 3168 1421 considera
3201 1380 3314 1430 eos,
3357 1367 3446 1436 qui
3476 1365 3642 1422 Mem-

2052 1457 2332 1528 phibosten
2363 1459 2436 1528 (a)
2461 1458 2846 1513 interfecerunt
2876 1475 2887 1511 :
2921 1473 3055 1528 quos
3102 1457 3224 1513 ideo
3265 1457 3425 1512 etiam
3473 1456 3640 1512 David

2049 1565 2080 1604 e
2112 1548 2288 1603 medio
2329 1550 2561 1603 sustulit.
2591 1550 2825 1604 Omnino
2868 1560 3069 1612 autem,
3115 1559 3170 1604 ut
3205 1550 3514 1604 summatim
3545 1549 3642 1608 de-

2051 1640 2368 1704 scribamus,
2402 1639 2626 1695 audacia
2673 1640 2890 1710 quidem
2925 1649 3028 1706 est,
3073 1640 3120 1694 si
3150 1641 3268 1710 quis
3300 1641 3658 1696 irascaturrct:

2048 1731 2346 1785 convicium
2377 1729 2533 1785 faciat
2574 1731 2772 1784 nullam
2818 1730 3102 1800 objustam
3132 1746 3456 1806 gravemque
3498 1746 3630 1785 can.

2047 1839 2184 1888 sam,
2207 1823 2299 1878 sed
2325 1833 2415 1876 aut
2439 1823 2674 1892 seipsum
2699 1821 2988 1888 ulciscens,
3017 1830 3105 1874 aut
3133 1822 3238 1875 alio
3266 1821 3458 1891 quovis
3478 1822 3645 1877 modo

2047 1914 2242 1983 injuste
2293 1913 2658 1969 effervescens
2689 1931 2704 1967 :
2733 1912 2952 1967 fidentia
2998 1922 3175 1965 autem
3233 1921 3287 1966 et
3337 1911 3634 1981 fortitudo,

2045 2022 2166 2063 cum
2198 2008 2318 2078 quis
2341 2006 2600 2061 adversus
2632 2006 2874 2077 pericula
2898 2014 2953 2060 et
2983 2013 3211 2060 mortem
3240 2004 3420 2072 audet,
3450 2006 3637 2063 amici-

2046 2101 2147 2154 tias
2196 2107 2250 2156 et
2292 2098 2605 2154 inimicitias
2647 2099 2878 2168 desliicit
2924 2114 3021 2168 pro
3067 2098 3132 2152 iis
3175 2098 3335 2152 rebus
3364 2114 3482 2168 qua:
3523 2099 3636 2155 Deo

2044 2193 2357 2263 probantur.
2392 2193 2598 2247 Rursus
2643 2191 2936 2250 assentatio
2969 2191 3182 2262 quidem
3216 2200 3271 2246 et
3299 2190 3635 2247 illiberalitas

2043 2294 2144 2350 est,
2178 2285 2346 2340 cuivis
2374 2286 2658 2351 inservire,
2692 2299 2798 2338 non
2827 2285 2894 2339 ob
2922 2299 3013 2338 eas
3043 2300 3127 2338 res
3171 2299 3290 2354 qum
3319 2298 3454 2353 opus
3484 2293 3632 2351 sunt,

2041 2377 2135 2433 sed
2179 2376 2378 2446 aliquid
2421 2376 2562 2446 quod
2608 2376 2673 2430 ad
2707 2376 2842 2431 hanc
2884 2376 3046 2428 vitam
3079 2374 3239 2429 hiciat
3282 2385 3630 2444 captantem:

2042 2469 2314 2523 humilitas
2343 2484 2494 2535 vero,
2537 2468 2580 2522 si
2621 2469 2742 2538 quis
2769 2467 3074 2529 ob‘cauSaS,
3110 2484 3229 2537 quae
3259 2467 3369 2521 Deo
3393 2465 3634 2538 proban-

2042 2571 2148 2626 tur,
2196 2561 2246 2616 id
2279 2561 2474 2626 faciat;
2519 2560 2746 2630 ideoque
2791 2576 2818 2614 a
2847 2560 3013 2630 gradu
3057 2558 3332 2630 dignitatis
3385 2575 3498 2614 sua:
3538 2557 3633 2614 de-

2039 2654 2281 2722 scendat,
2341 2664 2400 2708 ut
2453 2669 2700 2724 magnum
2749 2653 3044 2724 quippiam,
3104 2661 3264 2721 atque
3315 2649 3633 2706 admirabile

2039 2763 2176 2818 opus
2206 2747 2470 2818 perficiat.
2517 2745 2574 2801 Si
2618 2745 2734 2799 haec
2781 2744 3038 2809 sciamus,
3081 2757 3144 2796 ac
3185 2749 3444 2811 prrcterea
3477 2738 3630 2794 factis

2037 2841 2424 2910 exprimamus,
2447 2839 2587 2893 beati
2616 2839 2838 2893 erimus.
2862 2836 2976 2892 Non
3003 2836 3145 2891 enim
3179 2834 3309 2889 satis
3337 2843 3422 2888 est
3449 2834 3588 2888 scire
3612 2851 3627 2888 :

2040 2932 2162 2988 Non
2190 2935 2322 2986 enim
2352 2933 2607 2986 auditores
2631 2931 2774 3002 legis,
2807 2930 2998 3001 inquit,
3026 2931 3114 2984 sed
3142 2932 3360 3000 [actores
3384 2926 3510 2996 legis
3528 2927 3628 2997 ju-

2035 3026 2386 3094 sti/imbuatur
2433 3025 2608 3097 (Rom.
2637 3025 2692 3078 2.
2720 3022 2830 3092 15).
2885 3022 3188 3089 Quinetiam
3234 3018 3467 3089 cognitio
3514 3018 3629 3087 ipsa

2035 3121 2378 3182 condemnat,
2406 3119 2450 3172 si
2479 3118 2632 3172 factis
2666 3116 2983 3185 virtutisque
3013 3112 3206 3167 officiis
3234 3111 3486 3165 caruerit.
3524 3108 3630 3163 Ita-

2039 3229 2145 3284 que
2196 3223 2255 3268 ut
2307 3210 2813 3266 condemnationem
2869 3207 3134 3268 \itcmus,
3192 3202 3433 3257 actiones
3485 3200 3629 3270 ipsas

2040 3304 2299 3359 obeamus
2326 3317 2340 3355 :
2371 3311 2427 3356 ut
2458 3299 2719 3371 promissa
2751 3311 3144 3366 consequamur
3170 3293 3333 3359 bona,
3375 3291 3543 3364 gratia
3574 3300 3630 3346 et

2034 3394 2361 3467 benignitate
2384 3392 2591 3448 Domini
2625 3389 2792 3446 nostri
2819 3388 2948 3444 Jcsu
2973 3385 3192 3448 Christi,
3219 3395 3326 3440 etc.

2092 3613 2165 3676 (a)
2188 3613 2272 3661 Hic
2297 3608 2642 3677 Memphiboste
2681 3619 2769 3668 pro
2791 3603 3022 3677 lslnseth
3051 3607 3136 3651 aut
3167 3599 3305 3662 lapsu
3337 3597 3586 3649 memoria:
3605 3633 3620 3655 ,

2029 3672 2114 3726 aut.
2135 3672 2502 3724 amanuensium
2529 3681 2698 3720 errore
2722 3672 2928 3730 positum
2953 3672 3047 3715 est.

1794 3779 3619 3813 ________________________________.

1718 3877 2068 3942 HOMILIA
2113 3877 2221 3939 Vl.

311 4018 449 4073 ειν.
485 4016 546 4071 2.
574 4033 631 4071 v.
678 4018 730 4073 5.
771 4017 882 4073 Iloc
908 4020 1042 4072 eitint
1079 4019 1324 4074 sentiatur
1349 4021 1401 4074 in
1441 4021 1598 4086 vobis,
1630 4021 1765 4090 quod
1789 4030 1838 4075 et
1865 4022 1920 4075 in

387 4109 607 4164 Christo
632 4108 758 4162 Jesu
789 4125 807 4162 :
829 4110 880 4165 6.
924 4112 1009 4180 qui
1045 4128 1159 4164 cum
1203 4113 1254 4164 in
1281 4115 1446 4182 [arma
1475 4111 1573 4166 Dei
1614 4123 1763 4177 esset,
1816 4130 1918 4167 non

384 4201 640 4270 rapinam
671 4201 948 4256 arbitratus
981 4212 1054 4255 est
1084 4220 1190 4256 esse
1214 4221 1268 4256 se
1295 4204 1540 4268 (squalent
1567 4202 1714 4268 Deo;
1747 4205 1798 4256 7.
1826 4204 1918 4258 sed

381 4294 728 4361 semetipsum
759 4294 1032 4346 exinanivit
1055 4298 1270 4364 formam
1300 4296 1430 4349 servi
1458 4297 1728 4367 accipiens,
1760 4299 1820 4351 in.
1841 4297 1916 4350 si-

378 4383 686 4436 militudine
732 4384 992 4436 hominum
1037 4389 1223 4455 faetus,
1269 4396 1316 4439 et
1365 4387 1538 4440 habitu
1585 4388 1814 4442 inventus
1862 4398 1916 4442 ut

380 4476 549 4528 homo
577 4473 670 4526 :8.
722 4475 1006 4528 Iunuifiavit
1059 4478 1415 4545 semetipsum,
1465 4479 1632 4548 factus
1678 4479 1913 4534 obediens

379 4581 557 4634 usque
580 4565 648 4617 ad
674 4577 884 4619 mortem
905 4607 922 4631 ,
953 4577 1160 4621 mortem
1188 4578 1351 4622 autem
1373 4571 1560 4624 crucis.

377 4661 435 4714 1.
489 4658 751 4713 Dominus
781 4669 964 4714 noster
989 4660 1145 4714 Jcsns
1173 4661 1421 4718 Christus
1460 4663 1753 4733 discipulus
1788 4679 1915 4720 suos

303 4750 371 4804 ad
402 4765 610 4819 magna
632 4751 944 4817 cohortans,
965 4754 1200 4822 seipsum
1233 4764 1286 4809 et
1316 4755 1524 4810 Patrem
1549 4765 1602 4811 et
1625 4757 1914 4827 prophetas

301 4857 408 4910 pro
455 4845 715 4912 exemplo
744 4845 1022 4914 proposuit
1051 4863 1063 4899 :
1095 4847 1257 4900 veluti
1297 4865 1417 4902 cum
1456 4849 1606 4915 dicit,
1649 4849 1736 4902 Ita
1779 4851 1911 4903 enim

303 4949 359 4986 se
393 4944 669 5005 gesserunt
710 4936 949 4991 adversus
992 4938 1282 5006 pmphetus,
1320 4941 1406 5006 qui
1437 4942 1640 5010 fuerunt
1677 4951 1803 4996 ante
1825 4959 1915 4996 vos

313 5025 544 5093 (Matth.
578 5026 632 5080 5.
665 5027 787 5096 12);
833 5037 887 5081 et
914 5043 1120 5092 rursus,
1165 5029 1226 5083 Si
1255 5046 1334 5083 me
1375 5033 1660 5101 persequuti
1699 5043 1833 5098 sunt,
1867 5041 1914 5086 et

307 5133 399 5172 eos
429 5101 792 5187 persequentur
821 5118 998 5188 (Joan.
1026 5121 1111 5175 15.
1141 5120 1266 5192 20);
1296 5131 1371 5188 et,
1403 5122 1597 5177 Discite
1631 5142 1663 5176 α
1690 5141 1768 5177 me
1795 5125 1913 5194 quia

303 5227 429 5264 sunt
453 5211 588 5263 mitis
615 5211 830 5278 (Matth.
863 5213 948 5265 11.
976 5212 1072 5282 29)
1093 5229 1106 5276 ;
1128 5222 1182 5267 el
1203 5229 1408 5277 rursus,
1435 5213 1609 5266 Estote
1630 5216 1912 5269 miscricor-

307 5302 426 5360 des.
460 5301 588 5354 sicut
617 5313 662 5355 et
707 5302 862 5356 Pater
889 5314 1065 5367 vester,
1097 5305 1184 5373 qui
1214 5306 1263 5358 in
1285 5305 1421 5358 aclis
1444 5316 1514 5359 est
1547 5304 1694 5376 (Luc.
1717 5305 1767 5360 6.
1793 5307 1908 5376 56).

306 5393 365 5447 id
397 5395 594 5450 beatus
622 5397 783 5450 etiam
821 5396 1011 5450 Paulus
1039 5398 1161 5451 facit
1191 5416 1204 5451 :
1237 5398 1531 5452 adhortans
1553 5399 1695 5454 enim
1727 5415 1819 5455 eos
1840 5400 1906 5454 ad

304 5485 704 5550 humilitatem,
732 5487 1000 5542 Christum
1033 5488 1085 5543 in
1115 5489 1347 5545 medium
1373 5490 1711 5556 adducebat;
1737 5508 1909 5563 neque

304 5575 396 5630 hic
428 5577 735 5642 dumtaxat,
790 5578 886 5633 sed
931 5581 1094 5634 etiam
1125 5581 1340 5651 quando
1369 5581 1584 5638 disserit
1612 5583 1678 5638 de
1726 5600 1910 5640 amore

306 5683 440 5736 erga
495 5681 798 5738 pauperes.
843 5671 1003 5725 modo
1049 5672 1280 5740 quodam
1325 5674 1393 5727 ita
1435 5673 1670 5744 loquitur
1705 5693 1717 5726 :
1753 5674 1909 5730 Scitis

305 5765 446 5815 enim
478 5760 708 5832 gratiam.
723 5758 925 5818 Dotniui
951 5765 1108 5820 nostri
1136 5763 1169 5817 ,Ι
1177 5782 1262 5818 esu
1289 5763 1506 5832 Christi,
1522 5766 1760 5835 quoniam
1785 5784 1905 5838 pra-

2028 4028 2139 4089 pter
2169 4035 2259 4074 nos
2285 4035 2472 4090 egenus
2498 4022 2666 4090 factus
2693 4026 2786 4083 est,
2832 4032 2946 4070 cum
2987 4025 3113 4070 esset
3135 4017 3277 4072 dives
3300 4017 3380 4089 (2.
3411 4019 3544 4075 Car;
3565 4015 3618 4074 8‘.

2026 4111 2104 4181 9).
2154 4110 2294 4165 Nihil
2344 4110 2485 4165 enim
2533 4109 2807 4164 excelsum
2855 4121 2918 4160 ac
2947 4106 3327 4178 philosoiihum
3372 4111 3615 4164 animum

2023 4216 2177 4272 atque
2205 4201 2271 4255 ad
2303 4201 2436 4255 bona
2462 4215 2625 4269 Opera
2648 4196 2894 4253 obeunda
2924 4198 3145 4262 excitat,
3177 4213 3240 4253 ac
3267 4199 3311 4252 si
3336 4198 3616 4268 intelligat,

2025 4293 2126 4347 hac
2155 4309 2213 4348 re
2246 4293 2355 4347 Deo
2384 4308 2442 4346 se
2470 4291 2700 4346 similem
2734 4290 2868 4344 ﬁeri.
2899 4288 3035 4355 Quid
3067 4290 3211 4344 enim
3239 4307 3412 4360 mque,
3455 4301 3618 4361 atque

2023 4383 2148 4449 hoc,
2193 4383 2260 4438 ad
2291 4382 2717 4437 cohortationem
2749 4380 2960 4434 valeat?
3000 4380 3164 4435 Nihil:
3206 4383 3355 4450 Quod
3389 4399 3528 4438 sane
3562 4393 3620 4438 et

2024 4477 2222 4533 Paulus
2264 4476 2464 4541 sciens,
2495 4476 2628 4531 istos
2658 4475 2724 4529 ad
2755 4475 3110 4530 humilitatem
3157 4478 3476 4543 exhortans,
3508 4478 3618 4547 pri-

2024 4585 2169 4624 mntn
2199 4569 2416 4638 quidem
2449 4569 2752 4623 obsecravit
2798 4576 2852 4622 et
2897 4568 3250 4637 supplicavit;
3281 4569 3476 4626 deinde
3518 4586 3616 4626 co-

2022 4660 2285 4715 hortantis
2315 4674 2464 4714 more
2491 4659 2640 4721 dixit,
2667 4658 2799 4724 Quia
2824 4660 2968 4711 statis
2995 4659 3047 4710 in
3079 4675 3178 4712 uno
3203 4661 3420 4729 spiritu;
3447 4662 3606 4729 dixit,

2025 4753 2176 4819 Quod
2223 4753 2324 4807 illis
2369 4762 2441 4806 est
2487 4761 2838 4822 argumentum
2885 4751 3216 4818 perditionis,
3261 4753 3397 4808 vobis
3445 4765 3614 4808 autem

2020 4847 2202 4901 salutis
2235 4844 2493 4915 (Philipp.
2521 4845 2569 4898 1.
2600 4844 2690 4898 27.
2713 4843 2828 4911 28).
2860 4844 3009 4898 Nunc
3040 4860 3164 4896 vero
3197 4846 3410 4900 tandem
3437 4847 3616 4902 ethoc

2020 4937 2175 4992 affert
2205 4954 2218 4990 :
2255 4936 2368 4990 Hoc
2394 4940 2526 4990 enim
2554 4937 2806 4989 sentiatur
2830 4937 2882 4990 in
2911 4937 3068 5003 vobis,
3096 4939 3230 5008 quod
3260 4949 3307 4992 et
3333 4940 3385 4993 in
3415 4939 3616 4996 Christo

2019 5029 2164 5095 Iesu,
2197 5031 2282 5099 qui
2320 5047 2434 5084 cum
2477 5030 2532 5082 in
2557 5033 2723 5100 forma
2753 5029 2848 5083 Dei
2877 5040 3027 5099 esset,
3074 5048 3178 5086 non
3211 5033 3447 5102 rapinam
3477 5033 3615 5088 arbi-

2021 5133 2182 5178 tratus
2209 5133 2281 5176 est
2308 5140 2414 5177 esse
2451 5139 2504 5178 se
2529 5124 2774 5193 (aqualem
2807 5124 2937 5189 Deo,
2964 5125 3053 5177 sed
3079 5128 3402 5196 semetipsum
3431 5129 3614 5181 exina-

2020 5216 2162 5279 nivit,
2218 5219 2437 5286 formam
2482 5217 2612 5269 servi
2660 5217 2934 5286 accipiens.
2989 5217 3295 5282 Attendi‘le,
3342 5218 3616 5289 obsecro,

2019 5317 2180 5377 atque
2209 5307 2502 5377 exsurgite.
2533 5307 2746 5362 Etenim
2773 5307 3221 5378 quemadmodum
3251 5310 3460 5379 gladius
3489 5314 3612 5382 qui-

2018 5399 2140 5454 dam
2172 5398 2443 5467 utrimque
2482 5409 2696 5459 acutus,
2730 5414 3065 5468 quocuniqne
3094 5398 3363 5466 inciderit,
3395 5404 3610 5460 etiamsi

2019 5491 2072 5545 in
2119 5499 2402 5546 sescentas
2441 5488 2756 5558 phalangas,
2803 5488 2959 5542 facile
3009 5490 3149 5558 ipsas
3199 5494 3499 5562 perrumpit
3547 5509 3611 5550 ac

2019 5583 2196 5647 delet;
2244 5598 2311 5637 eo
2349 5581 2492 5652 quod
2547 5581 2781 5649 undique
2827 5590 2978 5634 acuta
3028 5591 3130 5644 est,
3183 5584 3422 5654 nihilque
3467 5586 3610 5642 illnis

2017 5675 2187 5731 aciem
2221 5674 2360 5730 ferre
2383 5682 2557 5744 potest
2588 5692 2600 5728 :
2635 5673 2706 5726 ita
2739 5672 2893 5741 plane
2921 5683 2973 5726 et
2999 5673 3228 5746 Spiritus
3256 5677 3438 5731 verba.
3472 5676 3607 5731 ham

2019 5767 2102 5824 his
2147 5767 2274 5838 ipsis
2315 5765 2492 5823 verbis
2539 5775 2593 5822 et
2637 5766 2750 5823 Arii
2799 5765 3139 5824 Alexandrini
3186 5778 3501 5839 sectatores,
3553 5780 3608 5826 et
