4044 6202
396 271 501 329 219

405 385 553 443 Pauli
603 381 963 459 Samosateui,
1016 393 1071 445 et
1117 384 1349 443 Marcelli
1402 384 1624 457 Galatzu,
1664 393 1718 447 et
1766 383 1984 447 Sabellii

406 477 611 555 Libyci,
644 486 698 532 et
741 477 1025 536 Marcionis
1050 477 1277 547 Pontici,
1318 484 1372 531 et
1404 476 1697 544 Valentini,
1724 486 1778 537 et
1806 475 1987 539 illane-

407 569 494 631 tis.
525 578 579 629 ct
598 569 943 631 Laodicensis
971 567 1305 638 Apollinarii,
1338 577 1391 623 et
1412 567 1646 634 Plt0tini,
1670 576 1724 629 et
1750 566 1987 637 ευριπ-ιι-

404 661 477 716 uii
509 661 605 732 (α),
648 676 942 731 omnesque
996 659 1214 716 omnino
1265 659 1497 721 hmreses
1550 660 1856 731 prostravit.
1920 657 1988 719 Ut

408 754 585 823 itaque
631 754 697 808 ad
747 750 1049 825 hujusmodi
1091 753 1450 821 spectaculum
1499 753 1725 814 invitati.
1779 760 1837 813 ut
1884 767 1985 812 una

406 847 555 923 plaga
588 856 666 907 tot
696 846 1013 923 phalaugum
1058 847 1264 907 ruinam
1304 846 1493 915 visuri,
1544 844 1873 916 excitamiui,
1920 860 1988 901 ne

404 937 692 1013 spectaculi
714 936 1019 1009 quttnditas
1050 951 1144 990 vos
1169 936 1525 1013 prmtcrvolet.
1556 936 1687 992 Nam
1712 936 1755 993 si
1786 936 1840 997 in
1867 951 1990 993 eur-

409 1045 562 1092 ruum
594 1038 755 1105 atque
797 1044 1058 1105 equorum
1106 1029 1487 1091 certaminibus
1530 1030 1658 1091 nihil
1686 1044 1837 1099 teque
1866 1043 1977 1099 spe-

402 1132 545 1176 ctatu
572 1122 867 1192 jucundum
913 1131 1015 1193 est,
1063 1137 1125 1181 ac
1166 1137 1286 1181 cum
1324 1122 1441 1191 quis
1472 1130 1612 1179 totos
1655 1137 1845 1181 currus
1885 1136 1985 1183 una

402 1231 524 1275 cum
573 1215 770 1287 aurigis
821 1215 1050 1289 impulsu
1110 1216 1225 1287 ipso
1272 1215 1638 1289 prostraverit,
1698 1214 1987 1289 multisque

405 1310 679 1391 quadrigis
710 1309 1034 1379 resupinatis
1064 1324 1165 1363 una
1197 1323 1319 1369 cutu
1364 1307 1735 1369 insistentibus
1761 1307 1982 1379 aurigis,

403 1405 550 1461 solus
589 1402 655 1458 ad
699 1412 895 1461 metam
926 1402 1236 1471 calcemque
1276 1401 1463 1473 agonis
1492 1400 1833 1471 pervenerit;
1875 1413 1988 1457 ma-

403 1510 646 1569 gnusque
674 1493 909 1564 undique
938 1494 1152 1563 plausus
1181 1502 1235 1549 et
1260 1493 1461 1553 clamor
1488 1491 1554 1551 ad
1577 1493 1766 1555 caelum
1793 1506 1986 1552 ascen-

404 1589 545 1649 derit
572 1605 586 1644 :
617 1588 705 1643 ille
734 1602 865 1643 vero
894 1604 957 1645 ex
986 1587 1168 1645 lmtitia
1196 1595 1249 1643 et
1277 1586 1549 1663 plausibus
1578 1586 1731 1657 quasi
1754 1584 1989 1648 volucris

410 1678 580 1737 factus
611 1686 779 1737 totum
808 1678 1037 1736 stadium
1064 1678 1216 1748 cquis
1236 1677 1528 1737 confecerit
1555 1694 1568 1731 :
1597 1686 1797 1753 quanto
1817 1675 1989 1749 major

406 1769 532 1831 hinc
558 1769 780 1827 exsistet
796 1768 1063 1839 voluptas,
1089 1783 1213 1831 cum
1237 1769 1476 1831 omnium
1498 1768 1760 1827 haeresum
1788 1780 1989 1829 cuneos

404 1875 459 1925 et
494 1863 755 1923 diabolica
795 1863 1222 1923 machinamenta
1268 1878 1373 1918 una
1412 1876 1535 1919 cum
1586 1860 1784 1935 aurigis
1835 1860 1985 1932 ipsis,

405 1955 501 2015 Dei
543 1956 736 2027 gratia,
768 1956 948 2015 omnia
980 1955 1137 2011 simul
1181 1952 1469 2013 confertim
1498 1953 1990 2029 prostravcrimus?

405 2049 487 2109 ΑΟ
514 2048 559 2106 si
597 2047 746 2117 libet,
777 2048 1005 2121 primum
1036 2046 1273 2105 haereses
1304 2049 1447 2123 ipsas
1492 2061 1561 2103 ex
1605 2046 1795 2107 ordino
1824 2046 1990 2103 collo-

404 2153 609 2197 CCIDUS-

480 2228 697 2287 Errores
724 2226 958 2294 Sabellii,
993 2227 1293 2292 Marcionis,
1337 2226 1596 2293 Marcelli,
1625 2226 1861 2294 Pltotini,
1888 2228 1992 2291 Sa-

409 2322 636 2393 pltrouii,
681 2320 829 2387 Arii,
871 2331 1225 2395 exponuntur;
1271 2325 1601 2397 confutantur
1641 2320 1899 2381 Sabeliius
1943 2332 1994 2385 et

408 2412 581 2471 Arius.
611 2438 681 2451 -η
711 2411 883 2471 Vultis
909 2411 1067 2482 igitur
1094 2410 1405 2483 impietatis,
1437 2428 1505 2473 au
1530 2423 1828 2485 temporum
1850 2413 1996 2475 ordiv

413 2519 534 2560 nem
557 2502 582 2557 ?
607 2502 712 2561 Sed
757 2511 1053 2574 temporum
1095 2518 1223 2561 sane
1263 2519 1588 2575 sequamur:
1621 2505 1820 2562 etenim
1850 2521 1994 2577 quae-

415 2610 536 2653 uatn
566 2594 836 2667 impietate
880 2595 1027 2667 prior
1052 2637 1066 2661 ,
1100 2595 1185 2653 vel
1219 2595 1486 2671 posterior
1514 2596 1606 2662 sit,
1648 2595 1869 2655 difﬁcile
1913 2606 1997 2659 est

408 2686 670 2756 judicatu.
707 2683 927 2746 'l‘rimus
963 2685 1127 2756 igitur
1168 2684 1392 2759 prodeat
1435 2685 1702 2749 Sabellitts
1739 2687 1993 2761 Libycus.

413 2778 548 2847 Quid
579 2778 703 2844 iste,
732 2776 1205 2848 iuquit?Patrem,
1253 2778 1450 2841 Filium
1488 2789 1544 2835 et
1577 2778 1837 2855 Spiritum
1869 2795 1997 2843 San-

414 2878 560 2931 ctnm
576 2868 713 2927 nuda
734 2883 854 2927 esse
875 2870 1088 2929 nomina
1110 2869 1199 2929 uni
1218 2884 1460 2939 persona:
1478 2869 1747 2942 imposita.
1762 2871 1997 2931 Marcion

414 2970 594 3023 autem
615 2960 868 3023 Ponticus
890 2969 1046 3030 negat
1072 2961 1260 3031 Deum,
1280 2963 1371 3033 qui
1391 2963 1571 3022 omnia
1591 2963 1852 3033 condidit,
1877 2979 1999 3029 esse

417 3054 616 3113 bonum
642 3093 659 3119 ,
691 3067 753 3111 ac
784 3052 995 3113 Patrem
1024 3051 1221 3108 Christi
1254 3052 1413 3119 boui;
1470 3054 1564 3110 sed
1611 3055 1778 3115 alium
1808 3071 1998 3127 quem~

418 3144 542 3205 dam
568 3159 689 3199 esse
718 3143 865 3215 lingit
887 3184 904 3209 ,
934 3143 1026 3215 qui
1048 3144 1225 3214 justus
1251 3145 1362 3213 sit,
1391 3145 1693 3219 Filiumque
1720 3162 1816 3217 pro
1847 3146 2001 3209 nobis

418 3234 714 3306 Slttltpsissc
744 3250 958 3290 carnem
985 3244 1161 3311 negat.
1181 3235 1462 3295 Marcellus
1478 3247 1532 3293 et
1552 3236 1813 3299 Photinus
1828 3247 1881 3297 et
1897 3238 2002 3297 So-

418 3326 680 3397 phronias
709 3324 939 3381 Verbum
968 3327 1139 3395 ipsum
1167 3326 1415 3403 inquiunt
1445 3329 1717 3400 euergiam
1743 3340 1796 3386 et
1822 3329 2003 3393 efﬁca.

421 3417 558 3471 ciam
585 3416 916 3486 operationis
942 3433 1097 3484 esse;
1139 3428 1298 3490 atque
1326 3421 1465 3476 hanc
1492 3423 1761 3494 encrgiam
1795 3423 2007 3480 inhabi-

422 3518 537 3566 tare
564 3511 614 3565 in
645 3512 733 3565 ilio
762 3511 852 3581 qui
896 3528 964 3567 ex
1001 3513 1208 3571 semine
1241 3514 1404 3570 David
1429 3557 1444 3581 ,
1476 3516 1695 3572 minime
1720 3532 1850 3573 vero
1872 3517 2003 3573 sub-

421 3603 671 3659 stantiam
703 3604 1108 3676 ltypostaticam.
1136 3607 1296 3662 Arius
1319 3606 1517 3669 Filium
1540 3610 1751 3680 quidem
1781 3609 2002 3681 fatetur,

421 3694 517 3749 sed
545 3703 747 3753 tantum
782 3699 996 3752 nomine
1025 3716 1039 3751 :
1069 3708 1370 3753 creaturam
1399 3701 1541 3754 enim
1570 3716 1691 3757 esse
1737 3702 1927 3777 inquit,
1952 3710 2009 3758 et

425 3785 587 3841 Patre
630 3786 789 3855 longe
820 3788 1104 3842 minorem.
1158 3788 1348 3845 Caeteri
1398 3806 1526 3846 vero
1566 3803 1762 3863 negant
1806 3794 2006 3857 habere

424 3876 678 3930 animam.
731 3877 889 3932 Vides
940 3886 1145 3937 stantes
1191 3880 1423 3934 currus?
1460 3882 1739 3938 considera
1768 3884 1926 3955 igitur
1952 3894 2008 3942 et

425 3968 638 4027 illorum
685 3967 866 4027 ruinas
893 4011 907 4036 ,
952 3970 1222 4043 quomodo
1264 3986 1457 4029 omnes
1499 3974 1659 4031 simul
1703 3976 2008 4046 propellens

428 4059 654 4126 sternit,
687 4074 895 4128 attines,
940 4060 1153 4131 inquam
1181 4103 1196 4128 ,
1226 4077 1329 4121 una
1376 4060 1538 4136 plaga
1576 4074 1738 4136 atque
1785 4069 2006 4138 impetu.

428 4149 706 4223 Quomodo
731 4152 892 4224 igitur
919 4153 1155 4215 sternit?
1191 4154 1302 4215 Hoc
1344 4157 1477 4214 enim
1500 4160 1746 4217 sentiatur
1767 4162 1822 4219 in
1849 4162 2008 4229 vobis,

428 4243 620 4313 inquit,
649 4243 785 4314 quod
804 4252 849 4300 et
875 4250 928 4299 lu
955 4245 1156 4303 Christo
1179 4245 1306 4307 Iesu
1325 4290 1342 4315 ,
1371 4249 1458 4319 qui
1488 4266 1603 4307 cum
1641 4252 1696 4310 in
1727 4256 1893 4325 forma
1919 4254 2011 4313 Dei

428 4346 577 4402 esset,
605 4353 705 4390 nou
748 4338 983 4407 rapinam
1008 4339 1283 4401 arbitratus
1306 4352 1380 4401 est
1405 4359 1512 4403 esse
1535 4360 1589 4403 se
1609 4347 1853 4416 aqualem
1878 4347 2008 4409 Deo.

431 4425 567 4485 llinc
606 4435 661 4481 et
691 4427 886 4489 Paulus
911 4428 1293 4487 Samosatenus
1318 4435 1542 4503 corruit,
1572 4436 1933 4499 etMarcellus
1957 4451 2013 4501 ct

430 4517 695 4579 Sztbellius
727 4538 741 4575 :
774 4522 942 4599 inquit
967 4522 1110 4582 enim
1137 4565 1153 4589 ,
1187 4524 1288 4591 Qui
1315 4542 1430 4581 cum
1453 4528 1506 4582 iu
1533 4527 1701 4597 [arma
1725 4529 1825 4589 Dei
1861 4544 2011 4593 esset.

428 4611 486 4669 Si
516 4612 571 4668 iu
598 4610 788 4680 forma,
814 4614 1083 4684 quomodo
1108 4616 1187 4672 ais
1214 4626 1291 4682 tu,
1319 4632 1353 4673 ο
1382 4619 1634 4688 sceleste,
1665 4637 1697 4679 a
1718 4622 1880 4680 Maria
1910 4625 2013 4680 ini-

430 4705 561 4765 tium
590 4703 883 4772 babuisse,
931 4716 1091 4781 atque
1134 4716 1293 4767 antea
1340 4725 1446 4766 non
1495 4711 1704 4772 fuisse?
1742 4716 2014 4785 quomodo

427 4809 563 4853 vero
587 4805 643 4859 tu
670 4812 855 4855 rursus
897 4798 1033 4856 dicis
1078 4801 1349 4872 energiam
1395 4802 1605 4861 fuisse?
1647 4804 1820 4875 inquit
1844 4806 2010 4874 enim,

428 4887 497 4951 ιιι
537 4889 706 4963 forma
733 4888 848 4956 Dei,
876 4898 921 4945 et
947 4893 1166 4961 formam
1207 4895 1339 4953 servi
1374 4897 1588 4967 accepit.
1618 4897 1810 4955 Forma
1847 4901 2011 4967 servi,

428 4980 517 5041 die
542 4980 691 5047 mihi,
725 4993 878 5039 estne
908 4983 1121 5055 energia
1153 4986 1292 5040 servi
1317 5026 1334 5054 ,
1361 5001 1428 5045 an
1458 4994 1643 5049 natura
1673 4989 1858 5049 servi?
1882 4991 2012 5051 0m-

430 5074 559 5133 nino
587 5084 775 5132 natura
817 5076 996 5142 servi,
1029 5078 1397 5147 respondebis.
1428 5080 1571 5151 Ergo
1611 5092 1669 5140 et
1708 5084 1876 5142 forma
1918 5086 2013 5142 Dei

430 5176 621 5227 natura
655 5167 747 5227 Dei
777 5178 859 5227 est
881 5209 898 5235 ,
929 5185 1036 5225 non
1068 5170 1228 5240 igitur
1255 5175 1490 5244 euergia.
1527 5176 1600 5236 Eu
1645 5187 1701 5233 et
1728 5177 2013 5237 Marcellus

430 5257 616 5317 Galata
643 5270 696 5318 et
724 5261 1058 5331 Sophronias
1082 5272 1135 5317 et
1162 5262 1418 5325 Photinus
1447 5279 1784 5327 corruerunt.

501 5347 554 5402 2.
600 5350 678 5406 Eu
719 5367 932 5425 quoque
973 5351 1255 5410 Sabellius.
1286 5353 1412 5411 Cum
1452 5356 1506 5413 in
1536 5359 1705 5429 forma
1735 5359 1830 5417 Dei
1862 5371 2010 5432 esset,

490 5461 975 5541 ἕωὲρειξιῐιρφιξιηίμω
995 5465 1429 5541 hausit-rellatum
1451 5483 1665 5541 errores
1681 5474 1853 5541 ιιιιειςε
1868 5476 2013 5541 Chry-

426 5526 839 5598 gostom‘t’ts'relyrt
849 5536 905 5598 et
926 5528 1221 5598 confugium
1244 5531 1466 5598 Diatriba
1490 5526 1721 5598 peculiari
1736 5526 2013 5591 referemus

428 5585 725 5664 399328":
750 5587 1050 5664 δοιιεξνοιξίυβ
1070 5585 1551 5664 Maecenatiana
1572 5585 2010 5664 Eumenius;

426 5644 665 5728 genuinus
695 5644 1116 5728 essg:t_licebatur.
1144 5644 1274 5728 ‘Iﬁus
1308 5644 1769 5728 ἱῃοηιίργιεὲᾀιῶἶῖἕ
1784 5644 2010 5728 {uirile

427 5672 665 5703 uuutisuua
695 5672 808 5700 cast:
839 5672 1116 5701 ulccuatur.
1155 5672 1274 5714 mus
1308 5672 1493 5706 menuo
1526 5672 1598 5707 ll‘e
1634 5672 1802 5711 uenat

427 5706 678 5761 Socratem
704 5720 754 5762 et
774 5711 1115 5771 Sozomeuuut.
1144 5714 1267 5771 Vide
1293 5718 1441 5773 etiam
1466 5672 1802 5784 Nicephorum.

1176 269 1232 325 S.
1272 268 1548 329 JOANNIS
1579 266 2052 333 CIIRYSOSTOMI
2090 268 2403 333 ARCIHEP.
2446 274 2970 341 CONSTANTINOP.

3574 284 3676 344 230

2095 401 2197 445 non
2223 389 2459 459 rapinam
2484 431 2500 463 ,
2534 392 2726 463 inquit,
2760 395 3038 457 arbitratus
3079 404 3154 458 est
3192 413 3301 458 esse
3338 415 3393 459 se
3432 404 3677 471 malm

2094 473 2224 537 Deo.
2287 477 2515 551 (Eun-de
2564 500 2693 547 Vero
2742 500 2849 547 non
2902 486 2957 547 in
3004 501 3106 547 uua
3165 487 3360 549 dicitur
3402 505 3674 560 persona:

2092 568 2296 642 aequale
2338 571 2481 633 enim
2526 574 2683 635 alicui
2712 585 2797 637 est
2838 576 3066 646 mquale.
3095 576 3259 639 Vides
3282 578 3511 642 duarum
3551 596 3676 652 per-

2093 674 2346 719 sonarum
2378 662 2734 735 hypostasim,
2765 682 2871 722 non
2903 676 3083 729 autem
3111 668 3251 730 nuda
3274 671 3491 733 nomina
3513 711 3528 737 ,
3555 672 3669 742 qui-

2092 752 2193 815 bus
2243 756 2402 814 nulla:
2442 773 2530 815 res
2576 757 2834 829 subjecta)
2875 759 3024 819 sint?
3075 760 3271 822 audiui
3311 762 3673 824 assistentiam

2092 843 2366 916 Unigeniti
2394 857 2518 903 ante
2543 850 2778 907 saecula?
2810 849 3008 911 Verum
3037 851 3152 915 luco
3183 851 3396 923 quidem
3421 854 3678 916 adversus

2092 933 2213 995 illos
2255 954 2271 995 :
2311 938 2406 996 sed
2432 939 2558 1009 quid
2579 941 2689 1010 jam
2728 941 2988 1005 adversus
3030 944 3213 1007 Arium
3257 944 3537 1009 dicemus.
3586 950 3678 1017 qui

2093 1027 2314 1088 alterius
2362 1036 2607 1093 essentia:
2635 1032 2831 1095 Filium
2877 1033 3040 1098 facit?
3079 1037 3175 1097 Die
3212 1036 3339 1099 mihi
3365 1078 3383 1105 ,
3411 1038 3541 1108 quid
3569 1039 3673 1101 hoc

2094 1129 2196 1186 est,
2225 1120 2479 1183 Formam
2500 1124 2643 1187 servi
2669 1126 2917 1195 accepit?
2949 1125 3120 1188 llomo
3146 1126 3317 1189 iactus
3345 1138 3448 1196 est,
3482 1130 3673 1201 inquit.

2094 1212 2238 1284 Ergo
2260 1223 2314 1275 et
2342 1215 2393 1270 in
2435 1214 2608 1277 forma
2658 1217 2753 1273 Dei
2779 1217 3044 1281 exsistens
3087 1219 3231 1281 Deus
3267 1230 3383 1281 erat
3411 1237 3427 1281 ξ
3455 1237 3578 1282 nam
3625 1231 3680 1283 et

2094 1305 2203 1372 hic,
2231 1317 2285 1366 et
2306 1307 2415 1369 illic
2435 1323 2629 1370 nomen
2652 1308 2839 1372 formai
2862 1312 3094 1381 ponitur.
3120 1312 3176 1371 Si
3209 1312 3313 1371 hoc
3332 1330 3536 1381 verum,
3560 1330 3678 1379 cer-

2096 1406 2148 1459 te
2164 1407 2227 1461 et
2251 1397 2381 1462 illud
2404 1418 2419 1456 :
2440 1399 2614 1462 forma
2638 1403 2779 1463 Servi
2801 1414 2886 1465 est
2909 1416 3099 1468 natura
3124 1405 3284 1466 [torno
3309 1425 3323 1469 :
3352 1422 3481 1479 ergo
3505 1408 3676 1469 forma

2093 1490 2255 1551 etiam
2303 1492 2394 1553 Dei
2442 1501 2629 1553 natura
2657 1506 2740 1555 est
2768 1496 2931 1555 Deus.
2963 1497 3150 1569 Neque
3181 1498 3285 1560 hoc
3324 1500 3536 1567 solum;
3581 1501 3679 1563 sed

2094 1581 2255 1641 etiam
2282 1582 2501 1654 perinde
2526 1599 2591 1641 ac
2617 1584 2873 1652 Joannes,
2900 1587 2969 1649 de
2999 1589 3166 1658 ipsius
3194 1591 3502 1660 mortalitate
3527 1593 3679 1655 testi-

2094 1673 2334 1734 monium
2363 1673 2454 1735 dat
2474 1715 2490 1740 .
2518 1677 2861 1748 ostenditque
2907 1678 3076 1741 nihilo
3115 1679 3295 1750 ipsum
3320 1682 3481 1745 lintre
3505 1684 3679 1744 miuo-

2094 1778 2210 1825 rem
2237 1779 2359 1828 esse
2386 1785 2400 1819 :
2434 1765 2555 1828 Non
2583 1769 2843 1839 rapinam,
2874 1769 3071 1842 inquit.
3101 1773 3377 1831 arbitratus
3401 1784 3606 1837 estesse
3626 1791 3681 1835 se

2094 1856 2339 1927 tt’qttalem
2362 1855 2489 1919 Deo.
2517 1859 2626 1920 Sed
2652 1876 2898 1930 quaenam
2924 1871 3006 1921 est
3026 1871 3215 1933 arguta
3240 1863 3455 1925 iilorutn
3480 1865 3679 1927 oratio!

2096 1949 2166 2003 At
2205 1948 2350 2010 enim
2396 1950 2727 2014 contrarium
2773 1952 2951 2022 potius
2991 1952 3110 2015 istis
3135 1954 3314 2018 verbis
3355 1955 3678 2022 ostenditur,

2096 2039 2342 2116 inquiunt
2371 2057 2386 2099 :
2413 2040 2550 2103 dixit
2572 2042 2748 2114 enim,
2779 2057 2902 2104 cum
2933 2043 2987 2100 in
3034 2046 3203 2107 forma
3234 2045 3330 2108 Dei
3356 2054 3503 2107 esset
3524 2087 3541 2113 .
3572 2062 3679 2109 nos

2098 2132 2204 2193 hoc
2227 2133 2492 2207 rapuisse,
2543 2143 2603 2197 ut
2627 2144 2771 2197 esset
2818 2137 3040 2208 mqualis
3072 2137 3202 2201 Deo.
3246 2139 3406 2210 Atqui
3447 2140 3494 2197 si
3540 2140 3683 2203 Deus

2098 2234 2234 2295 erat,
2278 2225 2547 2301 quomodo
2595 2236 2809 2298 poterat
2851 2229 3083 2298 rapere?
3130 2228 3240 2293 scd
3286 2230 3556 2298 quomodo
3579 2232 3683 2295 hoe

2099 2333 2205 2379 non
2237 2318 2628 2379 inconsiderate
2653 2319 2852 2381 dictum
2881 2319 3081 2381 fuerit?
3101 2320 3235 2392 Quis
3265 2322 3406 2379 enim
3429 2316 3680 2394 umquam

2098 2408 2317 2477 dixerit.
2339 2410 2594 2487 aliquem,
2623 2425 2744 2471 cum
2772 2411 2934 2473 homo
2960 2419 3125 2483 esset,
3155 2428 3263 2471 non
3290 2413 3392 2475 hoc
3416 2414 3681 2487 rapuisse,

2101 2508 2159 2559 ut
2186 2508 2331 2561 esset
2358 2500 2564 2564 homo?
2589 2503 2679 2577 qui
2720 2502 2865 2563 enim
2907 2502 3026 2567 fieri
3075 2513 3273 2576 potest,
3317 2512 3377 2562 ut.
3417 2505 3681 2579 quispiam

2101 2592 2274 2663 rapiat
2297 2591 2349 2653 id
2376 2592 2517 2669 quod
2542 2593 2666 2655 est?
2691 2591 2809 2654 Non
2834 2596 2927 2667 ita,
2960 2595 3225 2667 inquiunt,
3253 2597 3349 2657 sed
3371 2598 3449 2657 sic
3469 2598 3673 2661 iutelli.

2100 2699 2215 2761 gas,
2245 2683 2456 2751 Filium,
2487 2699 2609 2746 cum
2637 2685 2777 2745 Dens
2804 2686 2978 2745 minor
3004 2696 3171 2761 esset,
3205 2704 3312 2751 non
3343 2690 3443 2751 hoc
3475 2691 3683 2762 rapuis.

2101 2787 2183 2839 se,
2238 2784 2295 2833 ut
2337 2775 2557 2845 aequalis
2607 2784 2755 2837 esset
2796 2777 2909 2837 Deo
2956 2794 3153 2853 magno
3188 2789 3244 2841 et
3282 2780 3492 2853 majori.
3542 2781 3684 2853 Ergo

2105 2882 2300 2942 parvus
2329 2877 2384 2927 et
2408 2883 2635 2940 magnus
2664 2869 2806 2931 Deus
2835 2870 2963 2928 est?
2991 2880 3151 2946 atque
3196 2871 3269 2933 ita
3296 2871 3351 2932 iu
3390 2871 3683 2939 Ecclesia!!!

2103 2958 2346 3021 Grazcatn
2379 2959 2626 3033 dogmata
2653 2960 2907 3022 inducitis
2934 2964 2958 3015 ν
2982 2961 3119 3021 Nam
3143 2963 3284 3034 apud
3318 2962 3539 3025 Grtccos
3561 2963 3685 3037 qui.

2104 3050 2227 3109 dem
2254 3061 2335 3113 cst
2360 3068 2585 3124 magnus
2607 3053 2741 3113 deus
2767 3062 2820 3113 et
2842 3069 3039 3130 parvus
3065 3073 3078 3109 :
3108 3057 3251 3126 quod
3275 3073 3343 3118 au
3365 3059 3525 3123 etiam
3545 3061 3688 3132 apud

2105 3158 2223 3210 vos,
2256 3146 2458 3205 nescio.
2488 3144 2620 3206 Nam
2649 3145 2702 3200 iu
2729 3144 3021 3219 Scripturis
3051 3148 3265 3218 quidem
3309 3151 3494 3215 nullihi
3532 3153 3687 3213 iuves

2108 3234 2246 3311 nius,
2275 3234 2370 3295 sed
2398 3249 2647 3309 magnum
2670 3234 2886 3309 quidem
2916 3236 3137 3311 ubique.
3157 3254 3376 3310 parvum
3402 3257 3529 3305 vero
3555 3260 3689 3305 nus-

2107 3342 2289 3399 quam.
2320 3326 2537 3406 Etenim
2578 3327 2623 3385 si
2651 3343 2873 3403 parvus,
2915 3330 3187 3400 quomodo
3224 3333 3386 3393 etiam
3431 3334 3692 3399 Dous?Si

2109 3434 2217 3481 non
2242 3427 2325 3474 est
2350 3433 2544 3495 parvus
2571 3418 2734 3481 homo
2759 3430 2815 3481 et
2835 3437 3056 3492 magnus
3080 3464 3104 3489 ,
3129 3423 3224 3485 sed
3251 3441 3353 3486 una
3382 3437 3606 3494 natara;
3634 3436 3693 3489 et

2109 3511 2154 3574 si
2176 3508 2303 3581 quid
2326 3526 2429 3571 non
2448 3511 2518 3567 sit
2542 3511 2682 3569 illius
2708 3520 2935 3577 uatum.
2960 3513 3122 3573 homo
3147 3530 3253 3573 non
3278 3526 3362 3578 est
3385 3535 3399 3573 ι
3423 3519 3694 3590 quomodo

2111 3600 2270 3663 fuerit
2299 3617 2496 3672 parvus
2523 3611 2576 3661 et
2607 3617 2830 3674 magnus
2860 3605 3000 3663 Deus
3022 3647 3038 3675 ,
3067 3607 3155 3677 qui
3184 3607 3328 3667 illius
3356 3617 3560 3671 natura
3583 3625 3697 3671 non

2110 3695 2339 3762 sitiQui
2369 3710 2564 3766 parvus
2604 3705 2707 3764 est,
2742 3697 2878 3752 Deus
2916 3713 3022 3753 non
3067 3707 3149 3755 est
3176 3717 3190 3753 :
3219 3701 3415 3772 ubique
3455 3704 3597 3760 enim
3638 3705 3695 3766 iu

2111 3784 2383 3861 Scriptura
2429 3800 2651 3857 magnus
2678 3786 2873 3842 dicitur
2903 3804 2918 3845 :
2952 3788 3173 3861 Magnus
3212 3790 3461 3846 Dominus
3481 3834 3496 3860 ,
3522 3793 3699 3864 inquit

2115 3878 2301 3946 David,
2320 3889 2365 3934 et
2391 3879 2664 3934 laudabilis
2688 3880 2857 3934 nimis.
2900 3881 3039 3937 Ecce
3065 3883 3226 3938 etiam
3255 3882 3323 3938 de
3352 3884 3486 3939 Filio
3516 3905 3529 3940 :
3563 3884 3692 3941 Ubi-

2113 3986 2218 4043 que
2243 3971 2389 4031 euim
2426 3984 2548 4027 cum
2576 3980 2731 4029 vocat
2762 3971 3066 4028 Dominum.
3101 3973 3168 4033 Et
3207 3973 3400 4031 iterum
3424 4015 3441 4041 ,
3473 3973 3701 4046 Magnus

2114 4080 2167 4121 es
2193 4074 2266 4131 tu,
2299 4078 2345 4121 et
2372 4061 2565 4132 faciens
2588 4063 2864 4131 mirabilia,
2894 4074 2949 4123 tu
2973 4081 3026 4121 es
3050 4064 3187 4122 Deus
3218 4066 3359 4121 solus
3387 4066 3557 4136 (Psai.
3603 4068 3694 4123 47.

2117 4158 2169 4221 1.
2200 4166 2248 4215 et
2274 4156 2364 4212 85.
2399 4155 2488 4227 id)
2513 4171 2529 4221 ;
2556 4164 2612 4215 et
2640 4171 2845 4222 rursus,
2879 4155 3101 4228 Magnus
3138 4156 3386 4213 Dominus
3420 4167 3619 4226 noster,
3650 4168 3700 4213 ct

2115 4263 2301 4319 utagua
2329 4248 2485 4307 virtus
2507 4249 2635 4318 ejus,
2666 4257 2714 4307 et
2741 4248 3133 4318 magniﬁcentia:
3150 4249 3261 4316 eius
3288 4265 3391 4305 non
3415 4258 3488 4307 est
3519 4252 3699 4304 termi-

2116 4357 2212 4399 nus
2237 4339 2410 4413 (Psal.
2440 4341 2563 4401 M3.
2615 4339 2697 4413 5).
2744 4338 2850 4400 Sed
2898 4339 3014 4397 haec
3049 4340 3117 4397 de
3154 4342 3314 4396 Patre
3340 4381 3354 4407 ,
3401 4341 3647 4412 inquiunt
3680 4359 3696 4397 :

2119 4431 2287 4493 Filius
2313 4446 2441 4489 vero
2482 4446 2679 4502 parvus
2719 4440 2822 4491 est.
2868 4431 2973 4492 Sed
3022 4441 3074 4487 ttt
3120 4447 3180 4487 es
3207 4474 3222 4498 ,
3269 4434 3359 4504 qui
3388 4432 3490 4489 hoc
3513 4433 3696 4488 dicis:

2118 4522 2391 4593 Scriptura
2422 4538 2548 4578 vero
2578 4532 2781 4587 contra,
2812 4521 2956 4593 quod
2992 4521 3062 4579 de
3106 4523 3284 4588 Patre,
3327 4524 3380 4578 id
3420 4525 3581 4580 etiam
3630 4522 3702 4578 de

2119 4616 2255 4679 Filio
2302 4615 2454 4671 dicit.
2501 4614 2640 4675 Audi
2691 4615 2834 4673 enim
2885 4614 3108 4675 Paulum
3165 4615 3466 4678 dicentem,
3499 4615 3703 4686 Exspe—

2117 4716 2309 4767 ctantes
2353 4706 2548 4761 beatam
2585 4723 2746 4777 spem.
2789 4715 2837 4765 et
2877 4706 3147 4763 aduentum
3184 4707 3361 4780 gloria
3402 4707 3573 4779 magni
3604 4705 3705 4762 Dei

2123 4798 2248 4872 (Tit.
2291 4798 2346 4855 2.
2390 4799 2504 4868 15).
2555 4798 2820 4869 Numquid
2866 4806 3044 4857 autem
3087 4799 3155 4854 de
3208 4799 3363 4856 Patre
3413 4799 3707 4855 adventum

2118 4892 2295 4950 dixit?
2327 4891 2521 4949 Verum
2550 4900 2606 4949 ut
2628 4892 2794 4962 magis
2807 4891 2984 4948 adhuc
3002 4906 3099 4947 vos
3117 4902 3382 4964 argueret,
3413 4892 3706 4949 adventum

2119 4982 2325 5043 addidit
2351 4983 2528 5054 magni
2560 4983 2673 5041 Dei.
2717 4981 2851 5041 Num
2900 4982 3061 5053 igitur
3103 4983 3170 5039 de
3200 4984 3355 5043 Patre
3399 4984 3453 5039 id
3497 4984 3706 5045 dictum

2120 5076 2245 5133 est?
2272 5073 2590 5144 Neutiquam
2623 5087 2768 5129 :non
2795 5073 2939 5133 enim
2984 5073 3036 5128 id
3076 5074 3310 5131 admittit
3354 5074 3558 5131 additio
3590 5074 3705 5142 illa,

2120 5164 2191 5225 Et
2236 5165 2508 5225 aduentum
2560 5166 2731 5237 magni
2786 5165 2883 5223 Dei
2934 5176 2981 5229 et
3032 5168 3315 5225 Saluatoris
3366 5169 3529 5224 nostri
3579 5167 3709 5223 Jesss

2119 5256 2327 5317 Christi.
2373 5256 2452 5317 En
2485 5256 2644 5328 igitur
2688 5266 2743 5315 et
2789 5257 2957 5317 Filius
2998 5275 3223 5330 magnus
3267 5269 3373 5315 est.
3421 5259 3707 5329 Quomodo

2119 5348 2280 5421 igitur
2306 5347 2439 5405 dicis
2461 5364 2706 5419 parvum,
2736 5358 2792 5407 et
2816 5351 3104 5422 maguum?
3129 5352 3449 5409 Audi‘etiam
3473 5352 3709 5423 propheo

2119 5453 2229 5499 tam
2255 5483 2270 5510 ,
2314 5441 2404 5514 qui
2437 5441 2610 5511 ipsum
2652 5453 2806 5501 vocat
2845 5444 3024 5514 magni
3058 5444 3268 5500 consilii
3299 5445 3568 5516 angelum.
3601 5444 3705 5513 Qui

2117 5544 2201 5591 est
2237 5534 2413 5605 magni
2439 5533 2653 5592 consilii
2700 5535 2956 5606 angelus,
2984 5550 3162 5591 annon
3206 5551 3432 5607 magnus
3460 5535 3584 5592 est?
3610 5535 3705 5606 qui

2116 5636 2199 5683 est
2246 5626 2387 5683 Deus
2425 5625 2578 5682 fortis
2602 5668 2617 5693 ,
2661 5641 2728 5682 an
2771 5643 2875 5683 non
2905 5636 2988 5683 est
3017 5644 3244 5699 magnus
3272 5668 3289 5694 ,
3334 5628 3430 5686 sed
3471 5629 3708 5700 parvus?

2119 5716 2255 5786 Quid
2280 5717 2435 5789 igitur
2461 5718 2799 5790 impudentes
2826 5719 2912 5776 isti
2940 5727 2991 5777 et
3019 5718 3211 5777 nefarii
3239 5721 3396 5778 verba
3424 5721 3525 5779 ista
3547 5735 3705 5777 usur-
