4014 6200
486 287 591 349 991

487 401 631 461 εῖναι
654 404 765 470 ἴσος
786 404 1058 478 ἀνθρώπῳ
1077 405 1217 459 κατά
1240 405 1341 476 τὴν
1356 403 1538 474 φύσιν.
1557 404 1741 476 Χωρὶς
1765 404 1825 459 δὲ
1846 404 2060 471 τούτου,

484 504 709 561 κάκεῖνο
736 502 868 573 ἐρῶ·
892 505 957 558 Τί
980 503 1230 575 βούλεται
1252 503 1662 558 κατασκευάσαι
1695 502 1724 556 6
1745 503 1956 569 Παῦλος
1974 504 2063 560 διὰ

487 603 681 663 τούτου
699 603 793 659 τοῦ
811 603 1205 675 ὑποδείγματος
1224 620 1239 670 ;
1268 603 1362 666 Είς
1378 601 1900 674 ταπεινοφροσύνην,
1922 603 2064 659 πάν-

485 720 594 768 τως
615 704 782 774 ἐρεῖς,
808 703 1095 770 ἐναγαγεῖν
1123 699 1250 764 τοὺς
1268 697 1685 771 ⁴ιιιλιππησίους.
1703 699 1769 754 Τί
1793 695 1906 766 οὖν,
1940 700 2064 754 είπέ

489 816 603 872 μοι,
624 798 784 852 τοῦτο
807 797 874 851 ἂν
900 797 1245 867 παρήνεγκεν
1263 796 1344 858 είς
1368 795 1568 865 μέσον;
1597 795 1787 860 Οὐδεὶς
1811 795 1920 868 γὰρ
1942 795 2064 868 βου-

486 900 709 973 λόμενος
733 897 1036 970 προτρέψαι
1051 897 1513 968 ταπεινοφρονεῖν,
1533 896 1692 951 τοῦτό
1722 913 1908 969 φησιν’
1930 898 2066 952 Ἕσο
2100 896 2107 900 ⁷

483 999 758 1064 ταπεινὸς,
791 999 884 1052 καὶ
912 998 1133 1052 ἔλαττον
1155 996 1343 1068 φρόνει
1370 995 1479 1051 τῶν
1504 997 1807 1069 ὁμοτίμων·
1837 997 1933 1052 xu}.
1956 1000 2065 1070 γὰρ

484 1102 514 1155 6
536 1100 684 1155 δεῖνα
713 1100 743 1154 6
764 1097 949 1166 δοῦλος
989 1098 1090 1153 οὑκ
1127 1095 1399 1169 ἐπανέστη
1442 1096 1521 1169 τῷ
1556 1097 1835 1181 Δεσπόττγ
1891 1098 2063 1171 μιμοῦ

485 1199 665 1259 τοίνυν
693 1201 920 1259 ἐκεῖνον.
957 1201 1067 1265 Καὶ
1098 1200 1205 1273 μὴν
1229 1198 1387 1256 τοῦτο
1415 1201 1516 1263 οὑκ
1555 1199 1672 1256 ἐστι
1703 1217 2066 1274 ταπεινοφρο-

491 1297 675 1370 σύνης,
714 1298 858 1352 εἴποι
899 1316 982 1362 τις
1014 1298 1102 1363 ἂν,
1138 1276 1253 1355 ἀλλ’
1291 1298 1571 1363 ἀπονοίας.
1611 1297 1828 1357 Μάθετε
1859 1298 1913 1352 τί
1947 1300 2065 1364 ἐστι

486 1395 956 1468 ταπεινοφροσύνη
994 1396 1151 1466 ὑμεῖς
1188 1396 1239 1448 οἱ
1269 1395 1438 1466 τῦφον
1476 1394 1692 1467 ἔχοντες
1736 1395 2060 1460 διαβολικόν.

487 1496 553 1551 Τί
592 1491 686 1550 οὖν
732 1495 848 1549 ἐστι
897 1496 1366 1568 ταπεινοφροσύνη
1394 1513 1409 1563 ;
1443 1496 1517 1552 Τὸ
1544 1496 1775 1551 ταπεινά
1809 1500 2062 1569 φρονεῖν’

484 1594 720 1650 ταπεινά
748 1594 807 1649 δὲ
835 1598 1043 1666 φρονεῖ,
1074 1597 1174 1666 οὑχ
1196 1598 1226 1650 6
1250 1595 1360 1650 ἀπὸ
1395 1595 1640 1668 ἀνάγκης
1675 1595 1752 1650 ὢν
1782 1597 2063 1666 ταπεινὸς,

486 1693 604 1752 ἀλλ’
628 1696 657 1749 ό
685 1694 877 1748 ἐαυτὸν
905 1693 1198 1750 ταπεινῶν.
1229 1688 1354 1748 Οἷόν
1374 1711 1427 1747 τι
1448 1693 1590 1763 λέγω
1611 1693 1933 1766 (προσέχετε
1958 1695 2060 1766 δέν

414 1833 425 1841 .
489 1796 660 1850 ὐταν
693 1812 779 1858 τις
804 1794 987 1868 ὑψηλά
1011 1794 1310 1866 δυνάμενος
1341 1795 1609 1867 φρονῆσαι
1640 1797 2061 1867 ταπεινοφρονῇν

482 1888 640 1958 οὗτος
666 1895 1049 1965 ταπεινόφρων
1072 1893 1221 1950 ἐστίν
1242 1909 1257 1923 ’
1290 1894 1418 1947 ὅταν
1445 1893 1505 1947 δὲ
1527 1894 1677 1965 παρὰ
1703 1894 1764 1947 τὸ
1797 1893 1872 1966 μὴ
1900 1894 2063 1950 δυναί-

484 1992 611 2047 σθαι
641 1996 1060 2063 ταπεινοφρονῇ,
1093 1993 1276 2046 οὐκέτι
1317 1994 1695 2064 ταπεινόφρων
1738 1995 1888 2049 ἐστίν
1910 2011 1924 2024 ’
1951 1993 2063 2059 οἷον

482 2095 512 2147 6
535 2092 789 2163 βασιλεὺς
815 2091 893 2163 τῷ
912 2091 1142 2163 ὑπάρχῳ
1167 2092 1234 2147 ἂν
1263 2070 1655 2166 ὑποτάττηται,
1679 2098 2060 2169 ταπεινόφρων

481 2193 653 2258 ἐστὶν,
682 2191 765 2245 ὅτι
792 2190 902 2246 ἀπὸ
922 2190 1018 2243 τοῦ
1048 2189 1214 2261 ὕψους
1248 2189 1485 2262 κατέδη·
1517 2193 1545 2246 6
1593 2193 1777 2263 μέντοι
1822 2193 2064 2267 ὕπαρχος

481 2288 579 2342 ἐὰν
608 2287 769 2341 τοῦτο
800 2289 952 2359 ποιῇ,
978 2288 1038 2342 οὑ
1062 2293 1506 2361 ταπεινοφρονεῖ·
1532 2292 1648 2356 πῶς
1680 2293 1824 2365 γάρ;
1860 2266 2062 2370 οὐγὰρ

481 2388 591 2445 ἀπὸ
619 2387 712 2441 τοῦ
740 2386 908 2466 ὕψους
936 2388 1301 2452 ἐταπείνωσεν
1324 2388 1537 2454 ἑαυτόν.
1579 2392 1694 2446 Οὑκ
1731 2391 1845 2447 ἐστι
1873 2393 1931 2446 δὲ
1965 2395 2062 2450 ἀλ-

481 2485 590 2551 λως
605 2488 1124 2560 ταπεινοφρονήσαι,
1143 2490 1193 2542 εί
1212 2489 1288 2562 μὴ
1304 2490 1362 2543 ἐν
1377 2490 1600 2564 ἐξουσίᾳ
1619 2491 1849 2562 γένοιτο.
1875 2495 1937 2547 Εἰ
1953 2496 2063 2568 γάρ

483 2586 703 2659 ἀνάγκη
743 2588 862 2642 ἐστὶ
890 2589 1319 2655 τεταπεινῶσθαι
1361 2593 1457 2654 καὶ
1502 2592 1726 2660 ἄκοντα,
1751 2595 1940 2649 οὐκέτι
1963 2596 2064 2668 τῆς

483 2691 802 2765 φρονήσεώς
830 2695 948 2752 ἐστι
969 2693 1032 2749 τὸ
1064 2693 1402 2767 κατόρθωμα
1424 2695 1549 2749 οὑδέ
1573 2695 1670 2750 τοῦ
1699 2696 2061 2769 βουλήματος,

482 2792 620 2849 ἀλλά
653 2793 752 2865 τῆς
784 2793 1031 2865 ἀνάγκης
1048 2810 1064 2826 ο
1098 2795 1571 2868 ταπεινοφροσύνη
1596 2796 1652 2851 δέ
1678 2797 1767 2852 διά
1789 2797 1952 2853 τοῦτο
1977 2798 2064 2866 λέ-

481 2910 661 2964 γεται,
686 2895 771 2950 ὅτι
793 2893 888 2949 τοῦ
919 2895 1266 2978 φρονήματός
1296 2877 1413 2961 ἐστι
1442 2898 1794 2964 ταπείνωσις.

553 3103 624 3167 γ’.
648 3096 784 3151 Εἰπέ
816 3113 929 3167 μοι,
960 3097 1014 3151 εῖ
1033 3113 1119 3162 τις
1158 3097 1234 3177 μὴ
1262 3096 1402 3178 ἔχων
1431 3098 1679 3164 ἐξουσίαν
1699 3099 2061 3169 πλεονεκτεῖν,

486 3200 640 3272 μένοι
686 3196 755 3252 τά
805 3196 999 3253 ἑαυτοῦ
1042 3199 1400 3270 κεκτημένος,
1432 3200 1620 3255 τοῦτον
1664 3202 2065 3274 ἐπαινεσόμεθα

482 3301 578 3358 ἐπὶ
600 3296 948 3377 δικαιοσύνης
996 3296 1285 3369 Οὑδαμῶς.
1317 3298 1417 3353 Διά
1446 3300 1498 3354 τί
1517 3317 1533 3368 ;
1582 3301 1661 3374 Τῇ
1708 3302 1819 3373 γὰρ
1851 3302 2066 3377 ἀνάγκῃ

481 3402 546 3462 τὸ
574 3401 675 3476 τῆς
704 3398 1080 3471 προαιρέσεως
1108 3399 1386 3470 ἐγκώμιον
1414 3400 1718 3473 ἀφῄρηται.
1758 3403 1894 3459 Εἰπέ
1931 3422 2061 3476 μοι,

483 3502 539 3565 εί
556 3518 639 3566 τις
670 3499 748 3572 μὴ
773 3498 1072 3570 δυνάμενος
1095 3501 1383 3570 τυραννεῖν
1411 3504 1505 3561 καὶ
1552 3501 1879 3573 βασιλεύειν,
1912 3506 2064 3576 μένοι

486 3600 800 3667 ίδιωτεύων,
851 3600 1042 3663 τοῦτον
1100 3600 1520 3672 ἐπαινεσόμεθα,
1572 3603 1649 3669 ὡς
1696 3605 2062 3676 ἀπράγμονα;

485 3704 642 3779 [257]
671 3703 955 3775 Οὐδαμῶς.
984 3703 1196 3759 υὺκοῦν
1223 3703 1347 3757 οὑδὲ
1374 3703 1625 3760 ἐνταῦθα.
1670 3706 1729 3759 '0
1763 3706 1873 3777 γὰρ
1903 3705 2063 3761 ἔπαι-

484 3821 595 3872 νος,
625 3799 676 3859 ὧ
699 3805 916 3861 πάντων
943 3806 1103 3875 ὑμεῖς
1128 3802 1518 3873 ἀμαθέστατοι,
1541 3803 1643 3857 οὑκ
1677 3804 1737 3857 ἐν
1759 3808 1827 3876 τῇ
1859 3808 2064 3860 τούτων

486 3909 694 3978 ἀποχῇ,
745 3905 863 3960 ἀλλ’
908 3907 967 3960 ἐν
1010 3907 1078 3976 τῇ
1121 3904 1234 3958 τῶν
1267 3903 1489 3973 ἀγαθῶν
1540 3904 1777 3977 ἐργασίᾳ
1827 3907 2060 3976 γίνεται.

498 4009 711 4062 Ἐκεῖνο
769 4005 868 4076 μὲν
900 4004 1010 4083 γὰρ
1054 4003 1223 4074 ψόγου
1253 4003 1622 4074 ἀπήλλακται,
1679 4004 1834 4061 οὕπω
1865 4006 1923 4072 δὲ
1969 4006 2065 4071 καὶ

486 4108 710 4165 ἐπαίνου
743 4105 995 4177 μετέχει·
1023 4102 1084 4169 τδ
1111 4101 1190 4169 δὲ,
1228 4101 1518 4183 ἐγκωμίων
1550 4103 1701 4171 ἄξιόν
1725 4105 1895 4160 ἐστιν.
1920 4106 2067 4179 Ὅρα

483 4209 620 4281 γοῦν
641 4207 734 4263 καὶ
757 4206 847 4271 τὸν
878 4203 1114 4275 Χριστὸν
1142 4202 1316 4278 οὕτως
1345 4203 1690 4273 ἐπαινοῦντα,
1739 4205 1866 4261 ὅταν
1891 4205 2061 4283 λέγῃ·

485 4312 684 4376 Δεῦτε,
714 4311 769 4364 οί
787 4305 1180 4378 εὐλογημένοι
1201 4304 1307 4369 τοῦ
1337 4306 1567 4374 Πατρός
1599 4324 1742 4389 μου,
1772 4310 2066 4377 κληρονοο

478 4411 720 4486 μήσατε
750 4408 864 4477 τὴν
891 4404 1346 4477 ἡτοιμασμένην
1381 4405 1526 4477 ὑμῖν
1567 4406 1900 4472 ,βασιλείαν
1943 4409 2065 4472 ἀπὸ

485 4505 818 4576 καταϐολῆς
856 4506 1125 4576 κόσμου·
1168 4503 1462 4558 ὲπείνασα
1494 4503 1635 4573 γὰρ,
1679 4504 1781 4558 καί
1807 4503 2066 4569 ἐδώκατέ

480 4630 587 4684 μοι
607 4608 821 4681 φαγεῖν
840 4625 856 4640 ο
880 4606 1174 4676 ἐδίψησα,
1189 4603 1291 4663 καί
1308 4603 1622 4661 ἐποτίσατέ
1629 4622 1728 4674 με.
1753 4606 1869 4660 Οὐκ
1890 4601 2063 4674 εἶπεν,

501 4709 721 4780 Ἐπειδὴ
746 4709 847 4762 οὑκ
864 4708 1350 4778 ἐπλεονεκτήσατε,
1370 4705 1512 4772 οὑδὲ,
1531 4704 1750 4778 Ἐπειδὴ
1769 4707 1868 4780 οὐχ
1888 4709 2067 4781 ήρπάε-

489 4832 619 4871 σατε
654 4811 857 4888 [μικρά
893 4811 1003 4885 γὰρ
1034 4809 1235 4882 ταῦτα]
1282 4809 1398 4864 ἀλλ’
1446 4808 1661 4881 Ἐπειδὴ
1693 4811 1968 4866 πεινῶντά
1997 4830 2066 4885 με

488 4915 684 4979 εἴδετε,
713 4911 810 4965 καὶ
855 4909 1143 4981 ἐθρέψατε.
1177 4909 1289 4963 Καὶ
1318 4908 1403 4973 τίς
1434 4907 1500 4963 ἂν
1528 4908 1700 4973 οὕτως
1736 4910 2001 4983 ἐπῄνεσεν
2029 4912 2064 4985 ἢ

488 5016 618 5079 τοὺς
651 5014 861 5083 φίλους,
893 5010 927 5082 ἦ
958 5010 1088 5073 τοὺς
1131 5008 1392 5081 ἐχθρούς;
1422 5008 1525 5074 οὑκ
1576 5010 1642 5073 ἂν
1675 5011 1796 5065 οὑδέ
1831 4990 2063 5073 Παῦλον.

491 5116 561 5170 Τί
587 5114 733 5184 λέγω
765 5110 1011 5175 Παῦλονς
1041 5109 1160 5162 οὑδέ
1191 5109 1281 5162 τὸν
1314 5110 1544 5181 τυχόντα
1572 5127 1655 5174 τις
1679 5110 1870 5184 ἀνδρα,
1893 5113 1969 5178 ὡς
1999 5115 2065 5170 σὺ

489 5219 582 5277 τδν
612 5215 845 5289 Χριστὸν
867 5214 1132 5279 ἐπαινεῖς,
1154 5210 1437 5282 ἐπῄνεσεν,
1468 5212 1550 5266 ὅτι
1583 5213 1658 5284 μὴ
1682 5215 2067 5288 προσήκουσαν

494 5318 668 5392 ἀρχὴν
698 5319 799 5373 οὑκ
840 5316 1024 5372 ἔλαϐε.
1066 5313 1142 5368 Τὸ
1178 5311 1289 5387 γὰρ
1335 5312 1427 5369 ἐπὶ
1479 5311 1691 5377 τούτοις
1742 5313 2064 5388 θαυμάζειν,

493 5421 698 5493 πολλήν
718 5423 833 5475 ἐστι
865 5420 1066 5475 κακίαν
1121 5416 1560 5491 μαρτυρούντων.
1612 5415 1771 5483 Πῶς;
1827 5419 1953 5483 Ὅτι,
1980 5421 2067 5484 ἐπ’

494 5520 719 5579 ἐκείνων
744 5520 807 5574 τὸ
836 5520 1077 5575 τοιοῦτον
1102 5518 1321 5583 ἔπαινός
1350 5519 1528 5585 ἐστιν,
1569 5514 1681 5574 οἷον
1717 5520 1747 5575 6
1784 5518 2064 5586 κλέπτων,

499 5617 594 5671 ὲάν
621 5617 823 5689 μηκέτι
854 5616 1061 5688 κλέπτῃ
1083 5633 1095 5645 ·
1128 5617 1223 5670 ἐπὶ
1251 5617 1310 5671 δὲ
1336 5617 1444 5672 τῶν
1485 5617 1710 5686 ἀγαθῶν
1738 5618 1923 5674 οὑκέτι
1943 5636 1959 5653 °
2004 5622 2063 5675 ού

502 5717 631 5790 γὰρ,
651 5719 733 5773 ὃτι
751 5718 849 5792 οὑχ
871 5717 1085 5793 ἥρπασε
1122 5720 1200 5792 μὴ
1232 5721 1613 5793 προσήκουσαν
1643 5721 1817 5796 ἀρχὴν
1858 5722 1951 5779 καὶ
1984 5740 2064 5777 τι·

1202 288 1259 342 S.
1299 286 1585 344 .IOANNIS
1617 284 2109 345 CHRYSOS'IORI
2144 284 2464 343 ARCIIIEP.
2505 283 3048 346 CONSTANTINOP.

3651 291 3767 355 222

2178 404 2309 477 μὴν,
2334 404 2640 470 ἐπαινετός.
2680 405 2789 459 Καὶ
2815 406 2975 470 ποίας
2996 405 3168 462 ταῦτα
3207 409 3421 475 ἀνοίαςί
3462 410 3673 475 Ἄλλως
3695 411 3758 466 δέ

2174 501 2331 578 (ἀλλά
2366 503 2682 575 προσέχετε,
2725 498 3055 576 παρακαλῶσ
3094 507 3306 580 μακρὸς
3326 509 3437 582 γάρ
3464 512 3493 564 6
3528 508 3749 583 λόγος),

2171 599 2257 663 τίς
2294 599 2361 654 ἂν
2388 600 2498 654 ἀπὸ
2519 600 2726 656 τούτων
2762 603 2843 666 είς
2881 605 3383 679 ταπεινοφροσύνην
3407 607 3752 680 προέτρεψες

2176 697 2260 752 Τὰ
2285 697 2394 770 γάρ
2425 700 2799 771 ὑποδείγματα
2849 702 3030 776 πολλῷ
3057 702 3300 775 μείζονα
3347 705 3430 759 δεῖ
3460 702 3606 761 εἷναι
3646 708 3753 778 τῆς

2174 802 2503 869 ὑποθέσεως,
2530 805 2611 869 είς
2639 806 2706 878 ἣν
2737 806 3163 878 παρακαλοῦμεν
3187 825 3203 841 ο
3232 809 3293 862 οὑ
3323 808 3433 880 γὰρ
3476 808 3546 863 ἄν
3576 827 3665 873 τις
3694 813 3754 880 ἐξ

2176 903 2475 975 ἀλλοτρίων
2498 904 2841 976 προτραπείη
2861 920 2877 936 ⁸
2906 898 3041 971 οἷον,
3067 905 3407 977 προέτρεψεν
3438 908 3466 960 6
3515 907 3561 960 Χ
3571 908 3755 976 ριατὲς

2178 998 2240 1057 εὗ
2275 1006 2450 1057 ποιεῖν
2477 1005 2602 1069 τοὺς
2631 1004 2893 1076 ἐχθροὺςι
2934 1006 3133 1077 ήνεγκε
3182 1006 3536 1078 παράδειγμα
3582 1009 3750 1078 μέγα,

2178 1104 2239 1159 τὸ
2266 1104 2360 1158 τοῦ
2386 1104 2620 1177 Πατρδς,
2652 1107 2774 1162 Ὅτι
2802 1107 3121 1163 ἀνατέλλει
3150 1109 3258 1163 τὸν
3290 1109 3471 1177 ἥλιον
3499 1108 3602 1165 ἐπὶ
3641 1123 3752 1164 που

2174 1206 2401 1272 νηροὺς
2426 1207 2527 1261 καί
2556 1205 2839 1276 ἀγαθοὺς,
2866 1209 2963 1262 καὶ
2988 1205 3197 1278 ,βρέχει
3222 1207 3322 1262 ἐπὶ
3350 1208 3624 1275 δικαίους
3649 1210 3747 1270 καί
3784 1199 3803 1265 γ’

2173 1302 2422 1371 ἀδίκους
2445 1318 2459 1333 ·
2488 1295 2822 1376 προέτρεψὲν
2855 1307 2935 1370 εἰς
2971 1305 3325 1371 ἀνεξικακίαν
3348 1323 3365 1341 -
3412 1308 3615 1378 ὴνεγκε
3644 1325 3751 1360 πα,

2175 1401 2444 1472 ράδειγμα
2484 1402 2709 1457 ἑαυτόν·
2754 1403 2983 1459 Μάθετε
3027 1403 3130 1459 ἀπ’
3177 1403 3325 1475 ἐμοῦ
3352 1446 3368 1468 ,
3410 1405 3501 1459 ὅτι
3560 1404 3752 1474 πρᾶός

2171 1504 2290 1572 εἰμι
2321 1501 2420 1555 καί
2452 1503 2735 1570 ταπεινὸς
2764 1502 2839 1573 τῇ
2868 1503 3082 1572 καρδίᾳ
3106 1521 3121 1536 ·
3151 1505 3249 1558 καὶ
3277 1505 3458 1571 πάλιν,
3486 1506 3557 1559 Εἰ
3585 1506 3753 1576 ἐνὼό

2173 1603 2391 1670 Κύριος
2414 1601 2514 1665 καί
2544 1605 2577 1657 ό
2594 1602 2965 1670 διδάσκαλος
2991 1604 3179 1659 ταῦτα
3209 1605 3379 1672 ποιῶ,
3411 1609 3587 1671 πόσῳ
3606 1607 3757 1675 μᾶλ-

2171 1704 2288 1759 λον
2308 1702 2508 1771 ὑμεῖς;
2553 1703 2715 1775 Ὁρᾷς
2757 1702 2880 1767 πῶς
2919 1704 3022 1758 οὑκ
3069 1704 3343 1777 ἀφέστηκε
3388 1706 3461 1759 τά
3497 1709 3757 1780 παραδεί-

2172 1819 2393 1874 γματα;
2426 1804 2546 1859 οὐδὲ
2588 1804 2696 1875 γάρ
2721 1804 2977 1859 τοσοῦτον
3002 1805 3303 1874 ἀφεστάναι
3343 1805 3461 1859 δεῖο
3503 1807 3599 1860 καὶ
3645 1806 3758 1879 γὰρ

2175 1905 2270 1959 καὶ
2289 1905 2451 1975 ἡμεῖς
2475 1904 2620 1959 οὕτω
2644 1904 2928 1977 ποιοῦμεν.
2958 1905 3167 1970 Ἄλλως
3187 1905 3244 1960 δὲ
3264 1906 3360 1960 καὶ
3375 1907 3614 1961 ἐνταῦθα
3634 1909 3757 1963 οὑδὲ

2173 2004 2341 2074 ἐγγύς
2367 2006 2483 2059 ἐστι
2511 2005 2572 2059 τὸ
2596 2006 2970 2080 παράδειγμα.
2996 2004 3157 2072 Πῶς;
3186 2006 3310 2068 Ὅτι
3331 2008 3381 2060 εί
3408 2006 3596 2071 δοῦλός
3617 2010 3757 2075 ἐστι,

2173 2105 2267 2160 καὶ
2294 2104 2535 2161 ἐλάττων
2571 2106 2688 2160 ἐστὶ
2720 2107 2816 2161 καὶ
2842 2107 3083 2179 ὑπήκοος
3117 2106 3198 2178 τῷ
3231 2106 3463 2178 μείζονι.
3492 2107 3670 2161 Τοῦτο
3699 2108 3759 2162 δὲ

2171 2210 2232 2262 οὑ
2262 2209 2732 2282 ταπεινοφροσύνη
2768 2210 2885 2264 ἐστί
2949 2210 3262 2264 τούναντίον
3299 2210 3408 2282 γὰρ
3438 2209 3548 2264 ἔδει
3593 2209 3757 2281 ποιῆ-

2174 2324 2285 2376 σαι,
2323 2309 2551 2380 μείζονά
2592 2326 2714 2364 τινα
2757 2309 2836 2381 τῷ
2865 2310 3108 2365 ἐλάττονι
3134 2310 3523 2365 ὑπακούσαντα
3547 2310 3754 2378 δεῖξαι·

2172 2409 2291 2464 ἀλλ’
2319 2410 2510 2482 ἐπειδὴ
2537 2410 2695 2464 τοῦτο
2722 2409 2820 2481 οὑχ
2842 2403 3004 2480 εὕρεν
3035 2409 3129 2462 ἐπὶ
3156 2408 3318 2475 Θεοῦ,
3359 2408 3585 2485 μείζονα
3610 2408 3759 2476 λέγω

2172 2508 2271 2564 καὶ
2297 2508 2580 2575 ἐλάττονα,
2607 2508 2670 2562 τὸ
2697 2507 2829 2576 γοῦν
2860 2506 2972 2562 ἴσον
3006 2506 3284 2578 ἐποίησεν,
3333 2506 3397 2561 El
3426 2506 3484 2569 δὲ
3514 2506 3757 2561 ἐλάττων

2170 2602 2240 2680 ἦν
2264 2609 2293 2663 6
2319 2606 2469 2672 Υἱὸς,
2503 2607 2601 2678 οὑχ
2634 2607 2818 2662 ἱκανὸν
2856 2608 2938 2671 είς
2976 2606 3479 2679 ταπεινοφροσύνην
3518 2606 3759 2678 προτρέ-

2170 2710 2293 2782 ψαι.
2344 2707 2445 2763 Διά
2472 2709 2528 2763 τί
2553 2725 2569 2774 ;
2595 2708 2716 2764 Ὅτι
2759 2709 2861 2763 οὑκ
2909 2707 3024 2763 ἐστι
3054 2706 3529 2779 ταπεινοφροσύνη
3571 2707 3635 2760 τὸ
3664 2706 3759 2767 τὴν

2172 2814 2433 2872 ἐλάττονα
2455 2809 2532 2884 μὴ
2558 2809 2937 2882 ἐπαναστῆναι
2960 2809 3039 2881 τῷ
3067 2807 3298 2881 μείζονι,
3323 2807 3384 2861 τὸ
3408 2809 3484 2878 μὴ
3506 2807 3756 2879 ἁρπάσαι

2169 2911 2271 2984 τὴν
2296 2912 2491 2985 ἀρχὴν,
2528 2912 2590 2965 τὸ
2621 2910 2931 2965 ὑπακοῦσαι
2960 2908 3122 2981 μέχρι
3156 2906 3413 2963 θανάτου.
3440 2906 3652 2971 Ἄλλως
3672 2905 3757 2973 δὲ,

2171 3011 2273 3086 δρα
2309 3013 2403 3068 καὶ
2432 3013 2575 3084 μετά
2608 3014 2668 3067 τὺ
2713 3011 3019 3084 ὑπόδειγμα
3056 3011 3110 3065 τί
3157 3026 3327 3083 φησιν
3360 3009 3441 3079 Τῇ
3479 3026 3755 3065 ταπεινοη

2171 3116 2453 3184 φροσύνῃ
2486 3114 2802 3183 ἀλλήλους
2829 3113 3153 3184 ἡγούμενοι
3175 3109 3590 3181 ὑπερέχοντας
3617 3108 3756 3164 ἑαυο

2171 3211 2311 3268 τῶν.
2353 3214 2716 3284 Ἠγυύμενοι,
2751 3211 2938 3291 φησίν.
2976 3211 3195 3284 Ἐπειδὴ
3225 3211 3335 3284 γὰρ
3361 3212 3455 3264 καὶ
3492 3209 3637 3264 κατὰ
3656 3210 3757 3282 τὴν

2171 3311 2359 3366 οὐσίαν
2382 3311 2440 3365 ἐν
2474 3310 2621 3375 ἐστε,
2668 3311 2763 3365 καὶ
2792 3308 2942 3384 [258]
2970 3309 3114 3365 κατά
3143 3310 3243 3381 τὴν
3271 3310 3439 3382 τιμὴν
3466 3307 3570 3382 τὴν
3606 3310 3757 3381 παρὰ

2171 3411 2268 3477 τοῦ
2293 3412 2452 3478 Θεοῦ,
2477 3412 2557 3466 δεῖ
2577 3409 2762 3468 λοιπὸν
2781 3409 2885 3481 τῆς
2910 3408 3233 3482 ὑπολήψεως
3255 3403 3476 3464 εἶναιτὸ
3499 3410 3753 3479 πρᾶγμα.

2185 3512 2310 3569 Ἐπὶ
2337 3512 2396 3569 δὲ
2430 3510 2542 3565 τῶν
2569 3508 2833 3580 μειζόνων
2878 3508 2975 3563 καὶ
3013 3507 3313 3563 ἐλαττόνων
3343 3507 3446 3561 οὑκ
3493 3507 3562 3562 ἀν
3598 3506 3759 3568 τοῦτο

2172 3609 2348 3678 εἶπεν,
2372 3611 2455 3665 ὅτι
2486 3608 2851 3681 Ἦγούμενοι,
2886 3606 3044 3672 ἀλλὰ,
3076 3608 3285 3678 Τιμᾶτε
3309 3608 3436 3669 τοὺς
3456 3607 3758 3679 ὑπερέχον-

2172 3727 2272 3791 τας
2299 3708 2452 3782 ὑμῶν
2473 3725 2488 3740 ο
2524 3706 2705 3771 καθὼς
2729 3707 2824 3763 καὶ
2846 3704 3083 3777 ἀλλαχοῦ
3109 3721 3242 3776 φησι
3265 3745 3281 3771 ,
3307 3705 3598 3760 Πείθεσθε
3633 3704 3759 3772 τοῖς

2173 3811 2527 3883 ἡγουμένοις
2563 3809 2731 3880 ὑμῶν
2763 3809 2861 3863 καί
2890 3808 3187 3863 ὑπείκετε.
3233 3808 3381 3861 Ἐκεῖ
3407 3808 3508 3879 τῆς
3539 3808 3758 3877 φύσεως

2172 3912 2265 3966 τοῦ
2298 3910 2621 3983 πράγματός
2645 3911 2848 3987 ἐστινὴ
2881 3908 3130 3979 ὑποταγή
3150 3923 3164 3939 ·
3211 3906 3447 3961 ἐνταῦθα
3490 3909 3593 3971 τῆς
3635 3908 3759 3980 κρί-

2174 4026 2310 4077 σεως
2342 4010 2426 4067 δεῖ
2468 4007 2723 4085 γενέσθαι
2764 4006 2867 4088 τῆς
2900 4005 3194 4077 ἡμετέρας.
3252 4004 3333 4075 Τῇ
3363 4018 3759 4075 ταπεινοφροο

2173 4109 2356 4182 quin],
2388 4109 2573 4180 φησὶν,
2632 4106 2950 4177 ἀλλήλους
2998 4106 3321 4183 ἡγούμενοι
3344 4105 3758 4175 ὑπερέχοντας

2172 4207 2424 4276 ἑαυτῶν,
2450 4207 2639 4278 ὥσπερ
2661 4207 2756 4263 καὶ
2789 4207 2818 4260 ό
2856 4205 3090 4283 Χριστὸς
3129 4205 3379 4277 ἐποίησε.
3411 4205 3525 4258 Καὶ
3552 4206 3623 4260 τά
3655 4205 3756 4277 μὲν

2174 4307 2397 4373 ἐκείνων
2419 4305 2593 4371 οὕτως
2614 4303 3016 4376 ἀνατέτραπται
3035 4323 3050 4337 ·
3081 4303 3153 4359 τὰ
3184 4305 3242 4359 δέ
3279 4304 3530 4377 ἡμέτερα
3568 4305 3757 4359 λοιπὸν

2173 4412 2349 4465 εἰπεῖν
2379 4409 2508 4481 χρὴ,
2545 4407 2811 4480 πρότερον
2841 4406 2900 4459 ὲν
2923 4404 3203 4477 κεφαλαίῳ
3221 4405 3292 4460 τά
3315 4404 3542 4460 ἐκείνων
3569 4406 3757 4461 εἰπόνο

2172 4527 2263 4578 τα,
2296 4511 2380 4564 ὃτι
2407 4510 2487 4573 εἰς
2521 4506 3021 4586 ταπεινοφροσύνην
3066 4508 3399 4579 παρακαλῶν
3428 4508 3530 4562 οὑκ
3557 4507 3626 4563 ἀν
3661 4508 3755 4562 τὸν

2174 4614 2434 4680 ἐλάττονα
2461 4611 2591 4666 ὄντα
2621 4609 2714 4664 καὶ
2732 4607 2812 4685 τῷ
2840 4607 3047 4680 μείζονι
3077 4606 3467 4662 ὑπακούσαντα
3500 4609 3757 4681 παρήγα-

2173 4732 2291 4786 γεν.
2328 4717 2390 4769 El
2435 4714 2534 4785 μὲν
2578 4712 2687 4785 γὰρ
2724 4710 2942 4775 δούλους
2981 4709 3271 4775 δεσπόταις
3311 4710 3613 4782 παρεκάλει
3648 4711 3754 4764 ὑπ-

2175 4816 2395 4871 ακούειν
2418 4855 2434 4882 ,
2469 4812 2729 4876 εἰκότως·
2780 4813 2830 4866 εἰ
2876 4810 2936 4865 δέ
2972 4808 3293 4882 ἐλευθέρους
3343 4810 3672 4882 ἐλευθέροις,
3701 4809 3755 4864 τί

2175 4917 2270 4971 τοῦ
2295 4914 2482 4970 δούλου
2503 4912 2638 4988 πρὸς
2659 4913 2749 4971 τὸν
2769 4911 3034 4981 δεσπότην
3055 4911 3337 4984 ὑποταγὴν
3360 4909 3557 4981 ἔφερε;
3584 4909 3637 4964 τί
3658 4911 3753 4965 τοῦ

2175 5016 2456 5080 ἐλάττονος
2487 5014 2624 5087 πρὸς
2649 5013 2740 5067 τὸν
2759 5012 2981 5084 μείζονα
3005 5028 3021 5079 ;
3050 5010 3143 5084 Μὴ
3163 5010 3273 5084 γὰρ
3299 5007 3472 5078 εἶπεν,
3507 5012 3572 5065 Οἱ
3600 5011 3755 5066 ὲλάτ·

2173 5133 2324 5180 τονες
2350 5117 2463 5178 τοῖς
2490 5113 2728 5186 μείζοσιν
2752 5113 3197 5179 ὑπακουέτωσαν,
3218 5112 3335 5166 ἀλλ’
3365 5113 3621 5184 Ἰσότιμοι
3657 5112 3753 5175 ἀλ·

2174 5218 2352 5291 λήλων
2399 5216 2572 5282 ὄντες,
2634 5215 2960 5280 ὑπακούετε,
3032 5212 3373 5282 ’.ἀλλήλους
3430 5214 3754 5283 ἡγούμενοι

2176 5316 2582 5387 ὑπερέχοντας
2600 5313 2848 5370 ἑαυτῶν.
2878 5313 2979 5369 Διά
3015 5312 3066 5367 τί
3106 5313 3162 5367 δὲ
3193 5314 3270 5385 μὴ
3308 5314 3603 5386 παρήγαγε
3654 5311 3753 5367 κᾶν

2175 5418 2237 5472 τὸ
2254 5417 2352 5488 τῆς
2382 5415 2671 5486 γυναικὸς,
2702 5414 2784 5469 ὅτι
2808 5414 3018 5485 Ὠσπερ
3041 5415 3074 5485 ή
3105 5413 3241 5484 γυνὴ
3262 5412 3529 5467 ὑπακούει
3561 5412 3641 5485 τῷ
3663 5413 3755 5466 ἀν-

2176 5518 2286 5590 δρὶ,
2337 5516 2479 5571 οὕτω
2510 5516 2605 5570 καὶ
2654 5516 2813 5587 ὑμεῖς
2861 5513 3207 5582 ὑπακούετε;
3260 5512 3405 5568 Είδέ
3450 5514 3589 5584 ὅπερ
3642 5512 3753 5565 ἴσον

2122 5666 2142 5695 ,ι
2177 5619 2294 5674 ἐστὶ
2324 5619 2416 5674 καὶ
2441 5617 2747 5692 ἐλευθέριον
2774 5618 2835 5672 οὑ
2872 5618 3218 5691 παρήγαγεν,
3262 5615 3455 5687 ἐπειδὴ
3492 5615 3630 5678 ὅλως
3661 5630 3751 5683 μι-

2179 5720 2287 5796 κρά
2313 5738 2395 5787 τις
2417 5717 2485 5795 ἦν
2511 5721 2782 5793 ὑποταγὴ,
2814 5719 2968 5792 πόσῳ
2996 5719 3196 5791 μᾶλλον
3228 5720 3289 5775 τὺ
3309 5718 3405 5774 τοῦ
3436 5718 3624 5774 δούλου
3654 5716 3750 5770 οὐκ
