4044 6202
326 293 426 356 291

326 417 478 482 pant,
505 406 652 480 quod
684 414 828 463 esset
854 420 1048 476 parvus
1078 405 1259 460 Deus?
1287 406 1443 476 Smpe
1486 406 1696 462 illorum
1746 404 1908 461 verba

323 503 516 567 aﬂ'ero,
552 515 608 556 ut
638 501 804 570 magis
833 500 902 553 ab
931 501 1036 554 illis
1065 499 1339 570 refugiatis
1368 517 1380 554 :
1414 498 1546 554 Cum
1576 514 1796 569 parvus,
1828 498 1910 554 in-

323 593 538 663 quiunt,
571 603 716 649 esset
749 591 910 656 Deus,
944 605 1048 664 non
1079 589 1179 645 hoc
1207 591 1401 660 rapuit,
1436 600 1494 644 ut
1521 591 1767 646 eumdem
1787 606 1910 661 gra-

251 707 292 744 ’ς
322 688 452 740 dum
495 699 620 738 cum
664 697 858 752 magno
897 681 1184 736 obtineret.
1235 681 1371 748 Quid
1420 682 1562 736 enim
1590 723 1605 747 ,
1649 680 1735 735 dic
1778 680 1907 736 mihi

322 775 608 847 (verumne
647 773 841 842 putetis
873 772 985 826 haec
1013 781 1192 826 nostra
1218 785 1339 826 eSse
1365 770 1549 842 verba)
1574 813 1589 838 ,
1615 774 1658 826 si
1688 771 1756 826 de
1787 772 1907 827 illo-

322 881 446 920 rum
473 864 736 920 sententia
768 877 962 932 parvus
987 871 1123 927 erat,
1153 873 1207 916 et
1236 872 1452 932 paterna
1485 863 1722 932 potentia
1750 862 1908 933 longe

319 959 579 1022 inferior;
610 955 880 1026 quomodo
911 955 1012 1012 hoc
1039 971 1289 1025 umquam
1321 971 1512 1025 rapere
1543 957 1824 1025 potuisset,
1851 967 1908 1012 ut

321 1051 437 1113 Deo
455 1049 674 1121 :equalis
697 1047 877 1103 esset?
917 1058 1106 1108 natura
1135 1047 1278 1102 enim
1320 1047 1496 1101 minor
1538 1063 1646 1102 non
1679 1048 1780 1104 hoc
1815 1064 1904 1103 ra-
1941 1072 1945 1076 ~

319 1157 455 1214 pere
483 1148 678 1211 queat,
723 1148 780 1194 ut
817 1138 1009 1193 evadat
1037 1138 1089 1196 in
1134 1152 1378 1208 magnam
1413 1138 1904 1208 :quemadmodum

322 1235 488 1295 homo
518 1247 808 1302 numquam
832 1232 934 1286 hoc
961 1245 1148 1301 rapere
1173 1241 1355 1300 queat,
1389 1241 1443 1285 ut
1471 1232 1662 1301 angelo
1685 1233 1905 1303 aequalis

318 1328 393 1382 sit
441 1323 734 1379 secundum
779 1332 1067 1387 naturam;
1117 1336 1293 1390 neque
1344 1337 1513 1390 equus
1562 1323 1662 1377 hoc
1715 1338 1905 1392 rapere

315 1428 516 1489 queat,
538 1417 748 1473 etiamsi
780 1417 926 1482 velit,
959 1425 1015 1470 ut
1042 1415 1244 1470 homini
1269 1417 1492 1486 :equalis
1516 1417 1586 1472 sit
1608 1417 1900 1472 secundum

313 1521 583 1568 naturam.
615 1509 723 1564 Sed
767 1509 870 1564 hoc
907 1509 1129 1574 omisso,
1164 1509 1291 1564 illud
1320 1512 1480 1566 etiam
1522 1511 1716 1566 dicam.
1764 1511 1902 1578 Quid

311 1599 421 1657 hoc
446 1601 693 1670 exemplo
738 1600 956 1654 molitur
985 1600 1217 1656 Paulus?
1245 1600 1495 1668 Omnino,
1529 1603 1900 1672 respondebis,

313 1701 379 1748 ut
398 1691 768 1760 Philippenses
795 1690 861 1744 ad
887 1691 1245 1746 humilitatem
1290 1692 1540 1747 adducat.
1585 1693 1692 1749 Cur
1719 1695 1899 1765 igitur,

309 1784 406 1843 die
429 1783 578 1849 mihi,
612 1782 716 1838 hoc
761 1783 814 1837 in
857 1783 1092 1838 medium
1123 1785 1380 1853 protulit?
1411 1801 1569 1841 nemo
1599 1789 1740 1842 enim
1764 1829 1779 1852 ,
1811 1789 1900 1858 qui

307 1875 387 1930 ad
411 1875 765 1929 humilitatem
785 1875 1054 1928 cohortari
1086 1876 1233 1940 velit,
1263 1876 1334 1929 ita
1365 1877 1619 1946 loquitur.
1645 1879 1774 1933 Esto
1803 1880 1902 1933 itu-

309 1965 488 2027 milis,
518 1979 582 2019 ac
611 1965 783 2019 minus
827 1964 1106 2034 magnifice
1156 1964 1223 2020 de
1270 1975 1322 2021 te
1361 1968 1598 2032 sentias,
1642 1984 1803 2038 quam
1833 1969 1901 2025 de

311 2057 616 2124 aequalibus
643 2056 739 2109 tuis
768 2069 783 2110 :
813 2072 934 2114 nam
978 2065 1032 2111 et
1073 2057 1163 2112 ille
1191 2072 1311 2111 cum
1341 2073 1531 2113 servus
1574 2070 1755 2126 esset,
1791 2076 1897 2115 non

311 2147 608 2206 insurrexit
635 2147 888 2201 adversus
919 2147 1198 2201 Dominum
1224 2165 1240 2212 ;
1283 2148 1432 2206 illum
1465 2149 1624 2219 igitur
1664 2151 1896 2206 imitare.

303 2240 478 2310 Atqui
517 2239 616 2294 hoc
646 2255 752 2293 non
783 2239 1098 2294 humilitatis
1143 2250 1258 2304 est,
1291 2240 1386 2297 sed
1429 2243 1769 2312 arrogantite.
1812 2243 1899 2297 Di-

303 2333 450 2394 scite
472 2331 595 2402 quid
623 2333 688 2386 sit
713 2332 983 2386 humilitas
1011 2348 1126 2398 vos,
1144 2333 1234 2403 qui
1265 2342 1526 2388 tumorem
1559 2333 1762 2388 habetis
1786 2334 1899 2388 dia-

304 2424 565 2480 bolicum.
597 2423 732 2492 Quid
766 2425 924 2493 igitur
950 2422 1224 2478 humilitas
1253 2425 1373 2479 est?
1397 2424 1627 2478 llumilia
1655 2426 1855 2480 sentire
1879 2443 1892 2480 :

305 2515 534 2578 humilia
557 2527 735 2569 autem
763 2515 922 2572 sentit
954 2556 968 2578 ,
997 2531 1100 2568 non
1129 2516 1217 2586 qui
1244 2532 1308 2571 ex
1341 2517 1658 2571 necessitate
1683 2527 1764 2571 est
1793 2515 1895 2570 hu-

301 2608 474 2674 milis,
506 2607 599 2661 sed
630 2607 717 2676 qui
743 2607 976 2676 seipsum
997 2607 1260 2664 humiliat.
1286 2608 1509 2664 Planius
1537 2608 1586 2664 id
1609 2624 1894 2679 exponam,

300 2716 409 2757 vos
434 2712 611 2754 autem
633 2700 912 2755 attendite.
936 2700 1035 2767 Qui
1057 2716 1179 2755 eum
1197 2700 1444 2756 sublimia
1471 2703 1669 2758 sentire
1692 2711 1893 2772 posset,

303 2790 589 2846 humiliter
618 2800 794 2844 tamen
821 2793 1018 2856 sentit,
1053 2791 1142 2845 hic
1170 2792 1350 2846 animo
1375 2791 1590 2846 humilis
1617 2803 1701 2848 est
1730 2810 1744 2846 :
1774 2793 1891 2862 qui-

300 2897 538 2954 cumque
569 2898 696 2937 vero
726 2882 924 2937 idcirco
952 2882 1226 2938 humiliter
1254 2883 1453 2950 sentit,
1486 2885 1736 2955 quoniam
1778 2899 1896 2938 ma-

300 2975 503 3046 gniﬁce
531 2991 635 3030 non
664 2984 879 3045 potest,
913 2976 957 3031 is
986 2976 1227 3046 proiecto
1253 2973 1472 3033 humilis
1499 2994 1606 3032 non
1644 2987 1746 3033 est.
1794 2978 1891 3032 lm-

301 3077 547 3138 perator,
580 3069 810 3138 exempli
830 3083 1011 3133 causa,
1041 3073 1084 3125 si
1105 3069 1279 3141 legato
1308 3086 1367 3125 se
1386 3071 1655 3141 subjiciat,
1681 3071 1896 3127 humilis

239 3163 248 3169 “
304 3161 490 3215 animo
514 3172 619 3226 est,
637 3161 888 3231 quoniam
922 3162 987 3217 de
1013 3163 1226 3218 sublimi
1259 3163 1352 3218 illo
1377 3164 1544 3234 gradu
1569 3163 1851 3223 descendit
1877 3183 1891 3219 :

304 3253 451 3324 quod
479 3253 524 3306 si
568 3253 708 3308 idem
741 3254 948 3323 legatus
976 3253 1136 3309 faciat
1159 3296 1175 3321 ,
1215 3271 1321 3312 non
1360 3255 1482 3310 ideo
1513 3255 1728 3310 lmmilis
1774 3265 1891 3324 est;

305 3344 578 3418 quomodo
609 3344 789 3399 enim?
819 3361 940 3399 nam
962 3362 1068 3400 non
1095 3361 1156 3402 se
1181 3345 1295 3416 ipse
1315 3347 1382 3402 de
1403 3346 1698 3402 snhlimiori
1727 3347 1895 3416 gradu

304 3436 546 3496 demisit.
571 3435 803 3490 Omnino
829 3437 1014 3491 humili
1046 3437 1131 3492 isti
1159 3439 1340 3492 sensui
1370 3439 1518 3492 locus
1546 3453 1653 3492 non
1680 3448 1780 3504 est,
1806 3437 1893 3494 ubi

303 3538 548 3598 potestis
571 3544 676 3582 non
703 3528 876 3584 adest.
909 3529 1038 3585 Nam
1069 3531 1112 3584 si
1141 3532 1260 3600 quis
1294 3531 1454 3584 etiam
1485 3532 1683 3586 invitus
1709 3547 1894 3587 neces-

301 3619 452 3681 sario
483 3618 815 3686 bumiliatur,
841 3620 950 3690 jam
982 3622 1082 3677 hoc
1106 3630 1310 3677 rectum
1344 3622 1539 3680 factum
1567 3639 1672 3679 non
1701 3624 1894 3680 interni

302 3710 477 3778 ipsius
524 3725 718 3766 sensus
761 3727 824 3766 ac
868 3713 1154 3770 Volttttlalis
1205 3722 1316 3779 est,
1365 3714 1460 3770 sed
1509 3716 1892 3772 necessitatis:

302 3808 701 3872 ταπεινοφροσὼη
749 3813 949 3866 autem,
976 3806 1090 3860 sive
1138 3804 1448 3871 humilitas,
1502 3808 1624 3863 inde
1674 3809 1892 3879 dicitur,

300 3894 451 3969 quod
491 3897 563 3949 sit
590 3896 782 3950 interni
808 3912 1000 3952 sensus
1027 3898 1324 3953 humiliatio
1349 3915 1412 3954 ac
1441 3899 1713 3956 demissio.

375 3987 432 4040 5.
469 3986 566 4040 Dic
594 3986 758 4054 mihi,
803 3988 848 4042 si
897 3988 1016 4058 quis
1059 3989 1144 4043 cui
1198 3999 1438 4059 potestas
1476 3991 1616 4046 desit
1655 3990 1894 4062 rapiendi

303 4077 503 4142 aliena,
530 4091 650 4132 sese
677 4079 814 4132 intra
844 4094 1060 4133 suarmn
1091 4096 1270 4135 rerum
1303 4082 1696 4151 possessionem
1724 4082 1897 4139 conti—

307 4180 452 4235 neat,
477 4169 618 4224 hunc
634 4169 854 4238 justitiae
873 4175 1091 4228 nomine
1112 4174 1480 4230 laudabimus?
1497 4174 1744 4233 Minime:
1769 4176 1894 4246 quid

307 4261 425 4322 ita?
467 4262 732 4329 Quoniam
761 4266 1076 4329 necessitas.
1104 4283 1170 4322 ne
1197 4267 1400 4324 laudari
1431 4270 1676 4324 voluntas
1705 4279 1892 4340 queat,

306 4353 699 4423 impedimento
721 4365 823 4412 est.
860 4357 953 4412 Dic
976 4358 1194 4420 mihi.si
1208 4361 1347 4430 quis,
1371 4375 1492 4415 eum
1527 4364 1806 4433 tyrannide
1833 4379 1898 4419 ac

305 4460 476 4514 regno
499 4446 656 4515 potiri
682 4457 926 4517 nequeat,
951 4449 1186 4520 privatus
1208 4451 1482 4518 manserit,
1514 4452 1725 4510 huncne
1765 4465 1897 4509 tam.

305 4553 468 4608 quam
492 4540 584 4593 otii
607 4539 899 4594 studiosum
920 4541 1286 4597 laudabimus?
1303 4543 1538 4600 Minime.
1560 4545 1700 4616 Ergo
1725 4562 1898 4616 neque

306 4627 412 4684 hoc
441 4631 602 4683 etiam
629 4630 768 4685 loco.
795 4630 935 4686 Laus
961 4634 1126 4698 enim,
1155 4648 1188 4688 ο
1216 4634 1489 4690 hominum
1521 4637 1894 4706 indoctissimi,

308 4735 414 4774 non
444 4721 495 4774 in
527 4736 594 4777 eo
624 4733 870 4778 versatur
889 4764 904 4788 ,
936 4724 1077 4795 quod
1105 4726 1311 4781 abistis
1337 4728 1497 4783 rebus
1526 4729 1860 4785 abstineatur
1879 4770 1896 4797 ,

309 4814 402 4869 sed
429 4816 478 4868 in
509 4815 666 4870 bonis
693 4816 884 4871 ollieiis
908 4817 1187 4873 obeundis.
1207 4819 1338 4874 Nam
1371 4821 1499 4876 illud
1517 4822 1729 4892 quidem
1761 4825 1898 4880 vitu-

310 4906 602 4974 pcrationis
632 4923 826 4978 expers
853 4918 956 4977 est,
986 4911 1079 4967 sed
1104 4928 1209 4966 non
1239 4929 1305 4968 eo
1335 4917 1578 4984 pervenit
1606 4926 1664 4970 ut
1684 4918 1895 4974 laudem

258 5069 267 5074 ξ
308 5008 666 5068 aSsequatur;
701 5001 802 5055 hoc
843 5011 1023 5058 autem
1067 5005 1328 5060 encomiis
1366 5007 1582 5077 dignum
1631 5020 1735 5065 est.
1763 5009 1897 5065 Vide

308 5103 440 5157 ergo
477 5089 749 5145 Christum
806 5092 908 5148 hoc
953 5095 1111 5150 modo
1159 5096 1502 5160 laudantem.
1562 5101 1893 5158 cumdieit:

317 5180 519 5245 Venite,
552 5184 798 5239 benedicti
829 5185 1004 5241 Patris
1031 5189 1129 5242 mei
1152 5229 1167 5253 ,
1214 5191 1463 5259 possidete
1491 5202 1724 5260 paratum
1763 5195 1899 5248 vobis

305 5290 524 5344 regnum
562 5295 592 5329 a
634 5280 994 5334 constitutione
1021 5283 1200 5336 mundi
1234 5298 1253 5338 :
1293 5285 1477 5338 esui-ivi
1507 5286 1638 5338 enim
1661 5328 1674 5351 ,
1711 5296 1757 5340 et
1803 5290 1896 5341 de-

305 5369 458 5423 distis
487 5371 608 5424 tnilti
649 5373 1002 5440 manducare;
1042 5376 1176 5430 sitiui
1194 5416 1210 5443 ,
1241 5386 1290 5430 et
1318 5377 1528 5431 dedistis
1568 5379 1691 5431 mihi
1736 5380 1899 5434 bibere

304 5460 526 5527 (Matth.
549 5462 639 5518 25.
671 5465 760 5518 '54.
789 5465 905 5533 55).
934 5465 1050 5520 Non
1077 5466 1232 5531 dixit,
1266 5469 1517 5538 quoniam
1544 5470 1704 5525 alieni
1729 5486 1898 5541 appe-

304 5564 485 5610 tentes
513 5571 620 5611 non
647 5555 856 5626 fuistis,
889 5574 1062 5630 neque
1085 5599 1102 5625 ,
1134 5558 1400 5626 Quoniam
1451 5577 1557 5615 non
1601 5563 1853 5633 rapuistis
1881 5581 1896 5629 ;

300 5647 441 5704 levia
469 5649 619 5704 enim
651 5648 766 5705 ha‘c
791 5667 806 5716 ;
836 5649 954 5719 sed,
983 5650 1247 5716 Quoniam
1285 5653 1611 5708 esurientem
1643 5669 1730 5709 me
1759 5655 1897 5708 vidi-

298 5743 433 5814 stis,
466 5752 523 5799 et
548 5741 777 5800 aluistis.
808 5745 886 5803 Ac
914 5762 1042 5803 sane
1069 5745 1190 5825 quis
1217 5761 1468 5817 umquam
1497 5747 1601 5806 hoc
1627 5751 1786 5808 modo
1815 5751 1896 5807 vel

1217 291 1283 348 IN
1322 291 1537 350 EPIST.
1579 293 1672 349 AD
1708 289 1996 351 PHILIPP.
2035 293 2190 354 CAP.
2231 298 2298 356 ll.
2337 301 2569 362 HOMIL.
2609 306 2698 363 Vl.

3495 317 3601 374 2‘22

2026 409 2252 500 amicos.
2277 415 2362 470 vel
2384 416 2630 475 inimicos
2658 419 2894 479 laudavit
2911 424 2936 480 ?
2952 441 3124 496 neque
3147 429 3320 500 ipsum
3348 433 3594 492 Paulum.

2018 499 2158 568 Quid
2200 504 2322 562 dico
2364 508 2632 566 Paulum?
2663 530 2732 570 ne
2770 517 3045 588 vulgarem
3075 499 3292 591 quidem
3324 526 3598 587 hominem

2019 595 2305 690 quisquam
2338 599 2409 654 ita
2440 601 2702 672 laudavit,
2733 617 2788 662 ut
2822 617 2876 664 tu
2898 610 3169 671 Christum
3204 618 3422 685 laudas,
3454 623 3595 690 quod

2016 683 2118 739 sibi
2145 703 2253 742 non
2278 695 2687 752 convenientem
2713 701 3073 772 principatum
3095 721 3201 761 non
3231 713 3590 780 usurpaverit.

2016 775 2161 832 Talia
2205 782 2348 837 enim
2375 785 2628 844 admirari
2677 791 2807 847 nihil
2857 794 2999 850 aliud
3050 806 3170 861 est,
3203 775 3598 875 quam-magnae
3663 785 3671 789 ~

2015 867 2374 960 improbitatis
2398 878 2760 937 testimonium
2791 884 2938 940 dare.
2971 867 3298 955 Quomodo?
3326 867 3590 960 Quoniam

2015 956 2274 1029 improbis
2303 964 2609 1025 hominibus
2659 972 2710 1027 id
2740 974 2880 1030 laudi
2909 978 3048 1032 solet
3077 979 3194 1034 dari
3219 1022 3235 1046 ,
3265 956 3422 1052 quale
3462 985 3595 1041 illud

2013 1061 2116 1118 est,
2149 1052 2248 1117 Qui
2298 1059 2565 1128 iurabatur
2591 1064 2707 1132 jam
2749 1083 2851 1122 non
2891 1072 3132 1141 μανείην(
3169 1072 3302 1143 Eph.
3337 1076 3391 1130 ι.
3423 1076 3493 1132 28
3525 1079 3546 1149 )
3577 1098 3593 1134 :

2012 1154 2168 1199 secus
2197 1156 2375 1202 autem
2411 1151 2461 1205 in
2495 1153 2648 1209 bonis
2676 1153 2808 1213 viris
2837 1176 2850 1214 :
2884 1175 2990 1214 non
3016 1162 3158 1217 enim
3201 1167 3290 1235 qui
3322 1168 3592 1238 principa-

2013 1243 2125 1291 tum
2155 1239 2222 1294 ad
2252 1254 2312 1295 se
2341 1244 2562 1301 minime
2592 1251 2948 1317 pertinentem
2982 1269 3089 1309 non
3144 1258 3355 1327 rapuit,
3385 1260 3430 1313 is
3475 1261 3594 1316 lau-

2015 1327 2223 1386 dandus
2262 1344 2366 1390 est.
2390 1337 2599 1404 Quanta
2631 1341 2747 1399 haec
2790 1343 3056 1400 dementia
3103 1351 3290 1404 esset?
3339 1352 3592 1423 Alioquin

2009 1431 2190 1477 autem
2238 1425 2366 1496 (sed
2421 1431 2716 1498 attendite,
2773 1436 3039 1502 obsecro;
3071 1438 3226 1509 longa
3285 1442 3429 1496 enim
3478 1442 3594 1498 ha-c

2009 1515 2243 1585 oratio),
2291 1519 2412 1589 quis
2440 1521 2542 1578 hoc
2587 1526 2750 1580 modo
2790 1530 3096 1598 quempiam
3139 1531 3204 1586 ad
3236 1531 3590 1590 humilitatem

2009 1602 2300 1662 hortetur?
2327 1610 2585 1682 Exempla
2611 1615 2755 1670 enim
2808 1617 2965 1690 longe
3007 1619 3212 1690 majora
3257 1632 3418 1694 atque
3471 1626 3593 1679 illu-

2011 1698 2208 1764 striora
2239 1700 2347 1755 sint
2391 1713 2624 1774 oportet,
2674 1723 2834 1775 quam
2882 1724 2972 1764 res
3010 1715 3303 1781 proposita,
3334 1715 3402 1768 ad
3425 1731 3588 1783 quam

2007 1791 2353 1850 cohortamur
2380 1815 2393 1849 :
2430 1813 2588 1852 nemo
2614 1799 2757 1854 enim
2785 1802 2893 1865 sit,
2947 1803 3039 1872 qui
3069 1820 3135 1860 ex
3161 1805 3352 1861 alienis
3393 1808 3590 1863 cohor-

2009 1889 2167 1938 tetur.
2202 1885 2442 1956 Exempli
2471 1904 2632 1943 causa
2656 1932 2672 1956 ,
2716 1891 2961 1947 Christus
3002 1894 3246 1950 homines
3275 1899 3590 1954 cohortatus

2005 1982 2120 2036 est,
2152 1982 2211 2028 ut
2257 1976 2484 2048 benigne
2530 1979 2771 2036 facerent
2815 1984 3362 2057 inimicisnuagnum
3405 2005 3590 2044 exem-

2006 2065 2152 2133 plmn
2196 2069 2409 2134 attulit,
2443 2071 2694 2126 nimirum
2728 2073 2900 2128 Patris
2921 2116 2936 2140 ,
2982 2076 3083 2140 Qui
3112 2079 3270 2132 solem
3309 2079 3433 2133 oriri
3463 2082 3590 2150 facit

2004 2173 2157 2226 super
2185 2159 2346 2213 malos
2371 2170 2419 2214 et
2447 2161 2604 2217 bonos
2625 2203 2643 2229 ,
2687 2174 2733 2217 et
2765 2164 2896 2234 pluit
2921 2183 3074 2236 super
3093 2169 3268 2234 justas
3293 2181 3338 2224 et
3363 2171 3582 2242 injustas

2006 2247 2218 2318 (Matth.
2249 2250 2303 2307 5.
2326 2252 2443 2324 45).
2493 2253 2816 2312 Cobortatus
2839 2269 2923 2313 est
2947 2259 3013 2312 ad
3042 2261 3337 2329 lenitatem,
3383 2278 3448 2318 ac
3474 2279 3590 2319 ma-

2007 2338 2177 2394 lorum
2203 2343 2540 2399 tolerantiam
2567 2362 2582 2411 ;
2610 2349 2846 2418 seipsum
2866 2349 2931 2405 ad
2947 2353 3251 2421 exemplum
3275 2356 3582 2424 proposuit:

2006 2431 2196 2489 Discite
2221 2451 2252 2488 ιι
2278 2453 2358 2490 me
2395 2437 2514 2506 quia
2542 2440 2678 2494 utilis
2703 2458 2814 2494 sum
2836 2481 2851 2505 ,
2882 2452 2929 2496 et
2976 2443 3182 2498 Immitis
3215 2447 3368 2500 corde
3402 2445 3588 2516 (Joan.

2007 2526 2094 2582 15.
2127 2529 2214 2596 Η)
2245 2544 2259 2592 ;
2291 2544 2353 2583 ac
2379 2546 2562 2585 rursus
2585 2573 2600 2596 ,
2633 2533 2696 2588 Si
2725 2551 2814 2604 ego
2840 2535 3091 2591 Dominus
3121 2549 3166 2592 et
3196 2540 3442 2612 Magister
3480 2543 3590 2597 hac

2003 2617 2167 2686 facio,
2194 2630 2383 2688 quanto
2410 2623 2569 2692 magis
2593 2639 2680 2677 vos
2706 2624 2920 2696 (Matth.
2955 2629 3040 2682 11.
3064 2629 3204 2698 29)?
3241 2630 3398 2687 Vides
3424 2649 3586 2702 quam

2003 2725 2111 2763 non
2141 2709 2248 2764 sint
2273 2711 2521 2766 inferiora
2555 2713 2665 2782 ipsa
2684 2718 2974 2786 exempla?
3004 2734 3112 2772 non
3143 2722 3409 2776 tantillum
3435 2725 3578 2778 enim

2002 2801 2257 2857 inferiora
2287 2818 2411 2859 esse
2439 2815 2651 2872 oportet
2683 2823 2697 2860 :
2730 2822 2851 2860 nam
2879 2818 2934 2863 et
2979 2823 3075 2863 nos
3106 2809 3206 2879 ipsi
3236 2811 3287 2865 id
3328 2811 3585 2867 observa-

2002 2908 2144 2948 mus.
2170 2895 2240 2948 At
2289 2895 2342 2949 in
2391 2911 2448 2951 re
2490 2907 2670 2951 nostra
2711 2899 3018 2968 exetuplum
3071 2901 3245 2970 ipsum
3304 2917 3370 2958 ne
3417 2919 3585 2974 prope

2002 2984 2216 3053 quidem
2263 2985 2490 3042 accedit.
2518 2987 2834 3056 Quomodo?
2859 2992 3118 3057 Quoniam
3164 2994 3209 3047 si
3260 3008 3450 3050 servus
3478 3008 3583 3061 est,

2001 3075 2178 3131 minor
2220 3077 2378 3131 etiam
2431 3088 2532 3145 est,
2563 3089 2616 3135 et
2664 3081 2851 3151 majori
2905 3083 3195 3154 subjectus.
3233 3085 3357 3140 Hinc
3405 3097 3583 3142 autem

2001 3181 2106 3221 non
2153 3177 2238 3223 est
2283 3168 2560 3224 humilitas
2593 3189 2608 3225 :
2639 3182 2826 3226 contra
2875 3175 3018 3229 enim
3059 3177 3235 3245 potius
3282 3177 3583 3234 faciendum

2000 3268 2150 3324 erat,
2185 3269 2239 3313 ut
2269 3261 2440 3330 major
2484 3262 2746 3332 quispiam
2795 3264 2989 3320 minori
3036 3267 3414 3338 obtemperans
3461 3287 3586 3341 pro-

2001 3349 2268 3417 ferretur;
2314 3368 2498 3408 verum
2525 3357 2778 3424 quoniam
2809 3358 2862 3412 id
2894 3359 2948 3413 in
2980 3359 3089 3415 Deo
3121 3377 3226 3416 non
3247 3363 3574 3431 inveniebat,

2003 3441 2261 3512 majorem
2288 3484 2302 3506 ,
2329 3444 2543 3514 inquam
2570 3487 2586 3512 ,
2633 3457 2687 3502 et
2719 3450 3016 3517 minorem;
3041 3455 3400 3523 aequalitatem
3425 3459 3588 3529 igitur

1999 3535 2205 3588 statuit.
2229 3535 2379 3602 Quod
2407 3537 2452 3590 si
2486 3539 2661 3592 minor
2693 3540 2877 3595 fuisset
2906 3542 3094 3607 Filius,
3125 3561 3232 3600 non
3261 3558 3442 3618 aptum
3466 3561 3585 3606 erat

2000 3627 2304 3696 exemplum
2325 3669 2340 3692 ,
2370 3630 2514 3685 unde
2544 3631 2741 3688 Paulus
2772 3633 2839 3687 ad
2872 3636 3233 3693 humilitatem
3262 3643 3580 3699 cohortare-

2002 3726 2106 3773 tur.
2137 3718 2358 3785 Quare?
2386 3721 2653 3787 Quoniam
2696 3740 2801 3779 non
2852 3726 2954 3782 hoc
2998 3729 3267 3786 lmmilitas
3314 3743 3434 3799 est,
3477 3751 3586 3791 non

1999 3810 2257 3880 impetum
2291 3813 2468 3869 facere
2493 3814 2752 3872 adversus
2779 3819 3058 3889 majorem,
3089 3837 3195 3877 non
3229 3841 3419 3896 rapere
3441 3829 3586 3896 prin-

1999 3902 2256 3970 cipatum,
2277 3905 2496 3960 obedire
2524 3923 2691 3977 nsqtte
2719 3909 2784 3962 ad
2816 3921 3062 3966 tnortem.
3090 3914 3343 3986 Alioquin
3374 3929 3427 3972 et
3449 3919 3582 3976 illud

1998 3995 2276 4050 considera
2303 4038 2319 4062 ,
2352 3997 2476 4066 quid
2523 3999 2683 4054 allato
2707 4004 2956 4073 exetnplo
3000 4005 3286 4078 subjuugat
3317 4026 3330 4062 :
3361 4009 3586 4066 Humili.

2000 4097 2101 4142 tate
2152 4090 2437 4158 superiores
2485 4091 2580 4145 sibi
2619 4093 2829 4148 invicem
2871 4095 3194 4154 arbitrantes.
3222 4100 3578 4172 Arbitruntes,

2002 4177 2171 4248 inquit
2229 4197 2242 4232 :
2296 4196 2418 4234 nam
2467 4183 2682 4252 quando
2731 4194 2781 4238 et
2854 4189 3148 4243 secundum
3224 4192 3577 4249 substantiam

1999 4285 2164 4324 unum
2191 4272 2355 4334 estis,
2410 4283 2465 4326 et
2517 4274 2813 4329 secundum
2868 4276 3126 4333 honorem
3181 4297 3210 4334 a
3265 4283 3374 4336 Deo
3425 4299 3582 4341 acce-

2003 4372 2190 4430 ptum;
2243 4363 2509 4431 reliquum
2557 4374 2659 4431 est,
2713 4375 2768 4420 ut
2818 4367 2932 4437 ipsa
2990 4378 3192 4424 tantum
3256 4375 3582 4431 existimatio

1999 4452 2175 4507 locmu
2220 4452 2290 4507 ibi
2339 4454 2536 4510 habere
2592 4458 2776 4525 possit.
2801 4459 2870 4512 At
2898 4460 2950 4514 in
2983 4461 3274 4530 majoribus
3321 4475 3375 4518 et
3407 4469 3579 4521 mino-

2003 4545 2186 4613 ribus,
2234 4561 2339 4600 non
2389 4546 2459 4600 ita
2502 4548 2667 4612 dixit,
2701 4550 3013 4606 Arbitrantes
3043 4569 3069 4617 ,ο
3121 4553 3214 4609 sed
3245 4595 3262 4622 ,
3312 4555 3584 4614 Honorate

2002 4650 2132 4702 eos,
2187 4637 2277 4707 qui
2343 4636 2495 4692 vobis
2563 4643 2964 4708 pra'stantiores
3014 4655 3177 4710 sunt;
3237 4649 3586 4718 quemadmo-

2002 4726 2127 4782 dum
2155 4737 2209 4781 et
2231 4728 2358 4783 alibi
2388 4728 2575 4799 inquit,
2603 4729 2812 4786 Obedite
2839 4735 3124 4802 prapositis
3150 4740 3346 4804 vestris,
3386 4751 3432 4794 et
3458 4743 3580 4795 sub-

1993 4815 2162 4890 jacéte
2181 4819 2455 4889 eis(llebr.
2481 4823 2566 4876 15.
2597 4823 2707 4891 17).
2743 4823 2854 4878 lllie
2874 4825 3014 4879 enim
3037 4826 3149 4895 ipsa
3180 4828 3257 4883 rei
3281 4839 3466 4884 natura
3494 4848 3588 4901 po-

2001 4914 2166 4968 stulat
2189 4915 2614 4985 subjectionem;
2649 4914 2736 4970 hic
2764 4933 2892 4972 vero
2926 4933 2990 4972 ex
3019 4929 3204 4974 nostro
3225 4920 3427 4990 judicio
3459 4938 3585 4992 pro-

2003 5007 2294 5074 ﬁciscatur,
2323 5019 2554 5078 oportet.
2585 5007 2900 5076 Ilnmilitute,
2933 5012 3121 5082 inquit,
3155 5017 3439 5083 superiores
3469 5016 3586 5084 sibi,

2004 5100 2212 5153 invicem
2240 5101 2542 5155 arbitrantes
2571 5116 2590 5154 .'
2614 5102 3062 5169 quemadmodum
3095 5114 3148 5158 et
3170 5105 3415 5159 Christus
3439 5105 3581 5164 fecit.

2004 5192 2072 5246 Et
2097 5193 2346 5248 hieretica
2373 5195 2588 5265 quidem
2621 5195 2724 5250 hoc
2753 5196 2910 5250 modo
2941 5213 3126 5252 eversa
3154 5207 3298 5252 sunt.
3324 5198 3590 5270 Deinceps

2005 5300 2130 5339 vero
2161 5297 2343 5340 nostra
2389 5286 2660 5342 aﬂ‘erenda
2711 5296 2870 5351 sunt,
2928 5287 2972 5341 si
3001 5297 3156 5342 antea
3213 5288 3279 5342 ad
3323 5305 3587 5346 suunnam

2003 5378 2284 5447 quamdam
2304 5394 2386 5440 ea,
2406 5396 2525 5449 qum
2541 5381 2799 5435 adversus
2822 5380 2942 5434 illos
2961 5379 3181 5447 faciunt,
3205 5383 3568 5452 redegerimus
3583 5431 3598 5448 .

2002 5470 2136 5524 Cutn
2178 5471 2318 5525 enim
2358 5470 2550 5526 Paulus
2590 5472 2657 5526 ad
2697 5471 2862 5525 animi
2910 5471 3260 5528 humilitatem
3304 5474 3588 5545 invitaret,

2006 5576 2109 5616 non
2133 5577 2254 5615 cum
2277 5562 2365 5630 qui
2393 5561 2568 5615 minor
2591 5562 2677 5625 sit,
2709 5576 2771 5615 ac
2791 5560 2978 5626 majori
3001 5563 3235 5626 obediat,
3257 5565 3592 5635 protulisset,

1957 5641 1978 5656 ¹
2007 5654 2136 5708 Nam
2165 5654 2208 5708 si
2236 5653 2427 5718 servis,
2457 5662 2516 5708 ιιι
2542 5652 2776 5708 dominis
2805 5652 3106 5718 obedireut,
3137 5655 3414 5718 suasisset.
3442 5669 3587 5714 recte

2010 5745 2063 5802 id
2090 5745 2304 5818 quidem
2339 5763 2352 5802 :
2385 5745 2481 5803 sed
2525 5747 2603 5817 si,
2634 5756 2692 5804 ut
2736 5747 2893 5806 liberi
2924 5746 3141 5816 liberis;
3175 5750 3300 5822 quid
3348 5749 3413 5807 ad
3458 5750 3594 5810 hanc
