4044 6202
455 289 565 346 29.3

457 421 574 464 rem
604 403 727 462 facit
752 401 891 465 servi
926 415 1049 472 erga
1079 399 1359 455 dominum
1385 394 1689 465 subiectio?
1715 393 1843 464 quid
1870 393 2043 447 miuo-

462 500 540 558 ris
566 512 692 567 ergo
709 496 983 566 majorem
1010 495 1034 548 ‘i
1063 493 1180 548 Non
1207 491 1352 546 enim
1375 488 1530 550 dixit,
1562 486 1796 541 Minores
1826 483 2045 553 majori—

461 592 609 650 rihus
625 589 898 652 ohediant,
917 586 1033 652 sed,
1048 584 1148 651 Qui
1166 581 1424 650 mqualem
1441 579 1756 648 dignitatem
1767 576 2043 642 obtinelis,

461 681 697 738 vicissim
729 680 882 734 vobis
907 675 1123 731 obrdite
1154 692 1172 735 :
1204 672 1526 740 Superiores,
1559 669 1748 738 inquit,
1776 668 1872 721 sibi
1900 667 2036 720 invio

460 788 568 830 rem
589 772 910 827 arbitrantes.
933 765 1134 836 Ecquid
1159 778 1290 818 vero
1309 777 1485 816 causa:
1505 759 1602 814 fuit
1618 774 1716 814 cur
1732 756 2045 812 muliebrem

461 861 820 924 obedientiam
845 874 949 914 non
973 856 1277 920 adduxerit,
1305 868 1478 924 neque
1505 852 1577 906 ita
1597 851 1822 905 dixerit:
1844 849 2044 916 Quom-

459 953 747 1012 admodum
772 951 963 1006 mulier
981 951 1098 1003 viro
1121 946 1323 1012 ohedit,
1348 945 1419 999 ita
1440 953 1493 998 et
1513 959 1606 998 vos
1620 941 1834 997 obedite
1849 942 1874 994 ?
1893 938 2047 1006 Quod

460 1046 505 1105 si
531 1044 680 1107 illud,
701 1045 750 1100 in
769 1059 874 1113 quo
897 1043 1071 1097 inerat
1088 1039 1365 1110 aequalitas
1383 1046 1436 1090 et
1457 1034 1697 1098 libertas,
1719 1047 1824 1087 non
1846 1031 2044 1094 attulit,

461 1135 714 1205 quoniam
771 1132 1028 1190 nonnulla
1078 1140 1256 1185 tamen
1303 1132 1354 1182 in
1411 1140 1475 1181 eo
1516 1127 1689 1180 inerat
1743 1123 2046 1192 subjectio;

460 1237 660 1296 quanto
693 1226 864 1281 minus
893 1223 1142 1278 servilem
1165 1219 1678 1288 obtemperationem
1707 1215 2049 1286 protulisset!

460 1317 660 1378 Verum
690 1326 744 1372 et
783 1315 917 1371 illud
942 1315 1092 1369 initio
1121 1313 1253 1378 dixi,
1288 1312 1556 1366 neminem
1584 1309 1706 1367 ideo
1731 1308 1908 1362 solere
1930 1306 2051 1360 lauo

460 1409 603 1472 dari,
630 1423 693 1464 ac
721 1423 786 1464 ne
814 1404 1228 1462 commemorari
1248 1402 1492 1474 quidem,
1522 1399 1662 1471 quod
1690 1393 1912 1454 crimina
1943 1411 2048 1450 non

462 1500 725 1559 admittat.
740 1497 921 1568 Neque
943 1497 1084 1553 enim
1104 1496 1147 1550 si
1176 1495 1294 1561 quis
1315 1495 1546 1562 aliquem
1573 1489 1940 1560 temperantia
1956 1503 2053 1542 no-

463 1591 606 1648 mine
637 1589 854 1646 landare
882 1589 1029 1656 velit,
1055 1588 1125 1641 ita
1153 1587 1315 1649 dicet,
1348 1585 1498 1639 illum
1529 1598 1634 1643 non
1664 1596 1784 1636 esse
1813 1579 2052 1636 macha-

463 1689 597 1745 tuin,
629 1682 723 1738 sed
756 1681 856 1740 hoc
877 1679 1083 1744 afferet,
1113 1692 1141 1732 a
1170 1678 1384 1747 propria
1413 1676 1575 1729 etiam
1598 1686 1766 1734 uxore
1795 1688 1853 1727 se
1875 1673 2050 1727 conti-

463 1773 666 1830 nuisse.
698 1770 828 1829 Nam
877 1769 1148 1828 abstinere
1195 1776 1400 1821 tantum
1438 1781 1468 1820 a
1516 1766 1692 1835 pravis
1749 1764 2051 1819 actionibus

463 1878 752 1934 numquam
779 1863 830 1921 in
854 1861 1011 1918 laude
1038 1862 1318 1930 ponimus;
1343 1859 1395 1914 id
1412 1859 1554 1913 enim
1578 1857 1860 1912 ridiculum
1881 1865 2046 1912 esset.

461 1955 593 2012 illud
616 1954 818 2019 addidi,
837 1969 1020 2010 veram
1040 1967 1162 2008 esse
1184 1951 1326 2006 servi
1349 1949 1596 2015 formam,
1618 1948 1855 2018 nihilque
1874 1948 2052 2002 minus

461 2045 692 2108 habere:
709 2061 874 2117 quare
895 2057 948 2100 et
977 2044 1202 2100 formam
1227 2043 1320 2098 Dei
1345 2042 1632 2112 perfectam
1651 2055 1791 2105 esse,
1811 2040 2052 2110 nihilque

463 2136 639 2195 minus
658 2136 875 2193 habere.
898 2135 1009 2192 Cur
1035 2151 1140 2190 non
1161 2134 1313 2197 dixit,
1336 2134 1387 2187 in
1410 2132 1578 2188 ferina
1598 2132 1693 2186 Dei
1721 2130 1914 2197 factus,
1932 2131 2047 2198 sed,

466 2228 565 2294 Qui
598 2245 712 2285 cum
742 2228 795 2284 in
840 2230 1007 2299 [arma
1039 2227 1132 2281 Dei
1159 2226 1333 2281 esset?
1363 2225 1505 2279 idem
1535 2231 1618 2279 ost
1639 2238 1702 2278 ac
1726 2223 1772 2277 si
1801 2223 2005 2278 diceret
2031 2239 2048 2283 ;

461 2319 574 2388 Ego
616 2335 726 2374 sum
769 2319 856 2390 qui
907 2334 1020 2372 eum
1076 2316 1274 2385 (Exod.
1307 2317 1360 2371 5.
1399 2315 1509 2385 14).
1537 2314 1733 2369 Forma
1786 2322 2051 2384 quatenus

462 2413 633 2470 forma
661 2421 764 2476 est,
795 2410 1039 2466 eamdem
1064 2409 1256 2465 adesse
1287 2418 1533 2463 naturam
1559 2405 1926 2472 demonstrat;
1951 2421 2050 2461 nec

465 2503 580 2564 tieri
608 2511 784 2572 potest
828 2501 1053 2572 utquod
1101 2500 1323 2557 alterius
1349 2499 1598 2555 essentia:
1638 2507 1753 2565 est,
1801 2498 2048 2554 eamdem

463 2594 692 2655 formam
723 2596 956 2658 habent;
990 2603 1045 2648 ut
1093 2607 1253 2649 nemo
1279 2592 1554 2647 hominum
1585 2601 1669 2646 est
1692 2631 1707 2657 ,
1735 2589 1826 2660 qui
1872 2587 2049 2658 angeli

464 2687 690 2746 fortnam
723 2687 918 2742 habeat
943 2726 960 2750 ,
991 2699 1091 2740 nec
1119 2685 1332 2742 brutum
1377 2683 1578 2744 animal
1621 2683 1764 2753 quod
1816 2681 2054 2736 hominis

465 2778 655 2834 habeat
700 2776 929 2834 formam
959 2794 972 2830 :
1003 2776 1277 2846 quomodo
1303 2775 1463 2845 igitur
1490 2775 1655 2832 Filius
1681 2774 1705 2828 I

536 2871 588 2924 tl.
620 2868 821 2927 Deinde
866 2869 919 2923 iu
966 2867 1122 2922 nobis
1150 2866 1366 2937 quidem
1387 2907 1402 2932 ,
1436 2867 1691 2936 quoniam
1716 2882 1780 2922 ex
1809 2867 2050 2938 pluribus

464 2961 670 3020 naturis
687 2959 968 3029 compositi
994 2973 1199 3022 sumus,
1217 2956 1386 3012 forma
1405 2958 1468 3011 ad
1487 2958 1659 3027 ipsum
1676 2974 1871 3029 corpus
1885 2962 2052 3030 pet-liv

465 3061 554 3111 net
583 3069 597 3108 :
624 3059 676 3106 at
706 3052 758 3106 in
789 3065 878 3116 eo,
904 3050 1046 3120 quod
1069 3050 1289 3104 omnino
1315 3050 1541 3118 simplex
1589 3051 1847 3121 nulloque
1891 3053 2051 3108 unedo

465 3151 892 3211 Coagmeutatum
922 3151 1034 3206 est,
1066 3140 1134 3196 ad
1161 3140 1330 3211 ipsam
1375 3141 1492 3196 sine
1531 3141 1696 3198 dubio
1737 3145 2048 3199 essentiam.

465 3235 616 3300 Quod
646 3235 689 3289 si
711 3249 777 3292 ex
803 3249 889 3300 eo,
919 3234 1058 3304 quod
1088 3233 1207 3288 sine
1235 3234 1461 3290 articulo
1489 3234 1690 3293 dictum
1714 3247 1796 3292 est
1827 3243 1878 3292 ἐν
1897 3255 2050 3310 μορφῇ

465 3333 590 3389 θεοῦ,
617 3326 897 3382 centendis
923 3342 1028 3382 non
1060 3327 1282 3382 indicari
1329 3327 1542 3387 Patrem
1571 3327 1646 3399 (α)
1675 3345 1690 3392 ;
1723 3329 1907 3384 multis
1933 3333 2052 3386 aliis

467 3431 597 3486 ergo
648 3416 780 3475 locis
824 3418 1102 3476 ostendam
1135 3419 1230 3473 tibi
1261 3417 1377 3474 sine
1417 3419 1644 3476 articulo
1672 3420 1871 3476 dictum
1909 3436 2048 3476 esse.

471 3510 536 3564 Et
581 3509 707 3580 quid
743 3509 867 3566 dico
902 3512 1085 3568 multis
1106 3512 1227 3568 aliis
1257 3512 1430 3568 locis?
1461 3513 1512 3567 in
1564 3513 1665 3568 hoc
1713 3515 1832 3584 ipso
1871 3515 2051 3569 statim

469 3603 608 3666 loco,
643 3602 760 3662 Non
785 3604 1043 3672 rapinam,
1077 3604 1268 3674 inquit,
1289 3605 1565 3659 arbitratus
1582 3616 1655 3660 est
1676 3623 1784 3660 esse
1811 3623 1864 3660 se
1882 3623 2054 3671 atqua-

467 3696 566 3752 lcm
595 3695 700 3750 Deo
727 3736 742 3761 ,
769 3705 857 3765 οιῷ
881 3714 894 3749 :
921 3712 1094 3766 neque
1121 3697 1254 3751 dixit
1275 3737 1292 3762 ,
1339 3709 1405 3766 τῷ
1447 3706 1568 3766 θεῷ,
1601 3713 1722 3753 cum
1765 3707 1943 3754 tamen
1985 3699 2054 3754 de

469 3783 629 3840 Patre
670 3784 1008 3854 loqueretur.
1043 3785 1251 3840 Vellem
1302 3795 1483 3839 nostra
1513 3788 1673 3840 etiam
1717 3788 2010 3858 adjungere
2034 3829 2050 3855 ,

467 3871 562 3932 sed
589 3888 778 3929 vereor
807 3889 874 3930 ne
896 3883 1104 3932 mentes
1126 3883 1334 3928 vestras
1350 3875 1660 3931 obruamus.
1689 3877 1896 3933 Interea
1927 3895 2055 3936 vero

468 3980 588 4033 quae
613 3964 757 4022 dicta
781 3976 906 4023 sunt
934 3965 1000 4022 ad
1029 3967 1154 4022 illos
1179 3968 1524 4033 evertendos,
1556 3972 1809 4025 memoria
1840 3981 2051 4029 tenete:

469 4057 674 4114 interea
727 4057 909 4127 spinas
953 4057 1282 4122 evellamus,
1342 4069 1397 4112 et
1439 4073 1562 4114 cum
1601 4061 1801 4116 evulsa:
1849 4063 2054 4120 fuerint

467 4151 660 4219 spiam,
682 4164 745 4204 ac
773 4149 1047 4219 paululum
1080 4149 1335 4219 requietis
1365 4165 1679 4208 concessum
1723 4162 1899 4222 terrm,
1932 4166 2056 4212 tunc

470 4243 663 4303 bonam
699 4255 999 4300 sementem
1039 4245 1323 4313 iaciemus,
1354 4256 1411 4300 ut
1436 4248 1580 4302 omni
1604 4249 1746 4318 quod
1783 4251 1906 4306 inde
1926 4267 2057 4308 con-

472 4335 632 4394 traxit
661 4336 791 4390 vitio
814 4335 1085 4406 deposito,
1121 4352 1311 4407 magna
1331 4353 1452 4392 eum
1483 4341 1680 4396 virtute
1702 4344 1955 4412 suscipiat
1975 4345 2058 4400 di-

469 4427 593 4486 vina
637 4428 866 4486 semina.
905 4429 1118 4484 Gratias
1147 4445 1366 4511 agam_us
1398 4447 1494 4501 pro
1525 4432 1590 4488 iis
1617 4450 1736 4504 qua:
1767 4436 1905 4490 dicta
1932 4448 2058 4495 sunt

471 4519 618 4579 Deo:
650 4519 982 4590 postulemus
1011 4521 1080 4576 ab
1109 4522 1223 4590 ipso
1247 4521 1341 4576 det
1365 4524 1522 4578 nobis
1535 4539 1596 4579 ea
1611 4527 1883 4583 custodire
1897 4543 1958 4584 ac
1971 4545 2058 4585 re-

473 4612 664 4675 tinere,
695 4620 750 4668 ut
775 4618 830 4668 et
849 4611 1006 4666 nobis
1034 4620 1087 4667 et
1113 4612 1266 4667 vobis
1304 4613 1554 4683 gaudium
1587 4614 1846 4687 obtingat,
1877 4617 2054 4676 luere-

477 4701 562 4760 tici
590 4717 716 4756 vero
755 4702 964 4772 pudore
985 4703 1377 4760 suﬂundantur.
1406 4707 1556 4761 Illum
1581 4710 1927 4765 Obsecremus
1947 4755 1962 4779 ,
1995 4721 2056 4767 ut

471 4792 537 4848 ad
558 4807 621 4850 ea
643 4793 804 4850 etiam
822 4810 940 4863 qnte
969 4805 1265 4864 sequuntur
1285 4812 1347 4852 os
1368 4798 1521 4853 nobis
1548 4801 1772 4868 aperiat,
1797 4812 1851 4855 ut
1873 4811 2052 4858 nostra

470 4885 630 4943 etiam
659 4885 772 4954 pari
803 4885 1072 4956 diligentia
1119 4896 1432 4943 statuamus.
1465 4889 1545 4944 Ab
1574 4905 1639 4945 eo
1665 4907 1963 4960 precemur,
1998 4906 2055 4950 ut

471 4977 634 5031 vitam
661 4991 873 5045 quoque
895 4977 1007 5046 ipsa
1035 4976 1140 5032 fide
1160 4979 1370 5049 dignam
1402 4982 1554 5036 nobis
1578 4984 1832 5050 praebeat,
1857 5002 1962 5055 quo
1985 4987 2053 5042 ad

470 5067 638 5134 ipsius
659 5067 886 5137 gloriam
903 5068 1164 5134 vivamus,
1191 5087 1257 5125 nc
1282 5072 1448 5141 ipsius
1466 5089 1658 5129 nomen
1690 5087 1868 5132 nostra
1894 5095 2052 5135 causa

478 5159 821 5229 blasphemiis
843 5170 1147 5230 appetatur.
1165 5161 1251 5216 Va!
1280 5165 1414 5218 vobis
1443 5168 1605 5228 enim,
1633 5167 1822 5238 inquit,
1852 5183 2056 5241 propter

471 5269 598 5320 quos
627 5269 808 5309 nomen
833 5251 948 5308 'Dei
993 5254 1392 5324 blasphematur.
1422 5256 1632 5311 Etenim
1680 5261 1724 5313 si
1758 5276 1854 5316 nos
1889 5261 2054 5319 filium

476 5341 771 5410 habentes;
825 5361 1144 5417 quamquam
1184 5347 1310 5417 quid
1355 5348 1464 5403 filio
1509 5349 1786 5408 nobiscum
1827 5355 2054 5425 conjun-

537 5512 612 5586 (ᾳ)
633 5522 730 5564 Non
753 5517 1146 5586 semelvidimtts
1161 5520 1368 5586 Mimos
1411 5537 1586 5577 vocem
1622 5537 1699 5586 tua;
1721 5541 1832 5580 cum
1854 5530 2056 5581 articulo

480 5579 701 5649 positam,
712 5579 1012 5630 contendere
1025 5583 1297 5672 siqnilicare
1306 5585 1499 5635 Patrem
1510 5588 1666 5638 solum
1681 5579 1849 5639 verum
1863 5579 2052 5643 Deum}

480 5649 579 5672 uisas
602 5639 804 5672 artu-"In
826 5647 990 5672 ιιηιιιηι
1018 5643 1068 5672 Li
1093 5645 1189 5672 in.“
1235 5655 1354 5672 ηαηη.
1380 5651 1586 5672 Λ,.....,-;,.
1615 5651 1819 5672 ---η-...μ
1848 5652 1969 5672 ριωη
1988 5671 1991 5672 ,
2008 5670 2019 5672 -

469 5639 804 5756 ἒιῶἒιῧὲιιιτιιιυ
825 5647 990 5691 autem
1018 5639 1209 5706 Filium,
1234 5655 1356 5709 (pios
1379 5651 1587 5714 egregie
1613 5651 1825 5702 conl'utat
1848 5639 2053 5718 (21ιῆῑᾷὸὲ

1129 283 1188 339 8.
1227 279 1502 340 JOANNIS
1543 275 2020 335 CIIRYSOSTOMI
2059 275 2372 332 AllCﬂlEP.
2411 271 2946 337 CONSTANTINOP.

3635 277 3746 333 22.5

2156 392 2294 445 ctius
2317 392 2340 445 ?
2367 391 2412 445 si
2440 390 2638 455 illium,
2671 390 2910 460 inquam,
2940 387 3236 456 habentes,
3269 389 3408 446 illius
3436 405 3594 446 causa
3627 392 3740 448 bla-

2158 482 2417 550 sphemiis
2433 481 2678 551 appetiti,
2699 481 2872 551 ipsum
2895 480 3262 550 repudiamus,
3286 496 3615 546 aversamur,
3639 498 3740 539 nec

2154 582 2397 626 nostrum
2431 572 2536 628 dicl
2567 573 2814 628 volumus
2845 588 2860 627 :
2887 582 3087 642 quanto
3118 575 3287 644 magis
3316 575 3457 629 Deus
3504 590 3693 630 servos
3717 619 3734 643 ,

2153 679 2291 734 quos
2318 665 2555 736 ingratos
2583 666 2812 730 viderit,
2841 675 2897 720 et
2924 681 2952 719 a
2984 666 3176 736 quibus
3219 682 3278 722 se
3305 667 3654 736 blasphemiis
3681 680 3737 724 ct

2153 757 2494 813 contumeliis
2520 757 2659 812 affici
2690 759 3019 827 cognoverit,
3056 759 3392 814 aversahitur
3421 771 3581 830 atque
3612 761 3757 813 odio.

2154 850 2548 918 prosequetur?
2577 850 2745 917 Quem
2777 866 2903 904 vero
2927 851 3066 905 Deus
3107 851 3281 905 oderit
3323 862 3482 921 atque
3524 867 3735 907 aversa-

2156 947 2242 994 tus
2287 939 2479 1004 fuerit,
2509 941 2629 1010 quis
2673 941 2936 1010 suscipiet
2988 957 3050 995 ac
3096 943 3531 1012 complectetur?
3569 944 3756 998 Nemo.

2154 1041 2354 1102 pra-ter
2390 1031 2659 1086 diabolum
2689 1048 2752 1086 ac
2779 1032 3071 1088 daemones.
3096 1034 3263 1102 Quem
3312 1051 3438 1089 vero
3463 1035 3738 1093 daemones

2153 1123 2419 1189 ceperint,
2449 1138 2605 1191 quam
2635 1124 2823 1178 salutis
2856 1139 3005 1193 spem
3037 1125 3296 1180 habebit?
3322 1126 3462 1196 quod
3503 1128 3624 1182 vita:
3647 1144 3739 1182 so-

2155 1211 2382 1267 latium?
2405 1212 2669 1280 Quamdiu
2699 1214 2750 1267 in
2790 1229 2949 1271 manu
2981 1216 3074 1270 Dei
3097 1231 3304 1283 sumus,
3344 1233 3501 1272 nemo
3545 1235 3738 1289 rapere

2155 1317 2253 1357 nos
2282 1311 2496 1372 potest;
2537 1305 2753 1359 robusta
2781 1306 2924 1360 enim
2953 1314 3036 1360 cst
3064 1323 3077 1358 :
3102 1321 3222 1360 cum
3254 1307 3481 1374 primum
3520 1325 3646 1363 vero
3670 1310 3740 1366 de

2155 1412 2315 1450 manu
2343 1396 2431 1451 illa
2463 1397 2822 1452 deciderimus
2845 1439 2861 1464 ,
2891 1406 3052 1468 atque
3081 1398 3336 1452 auxilium
3369 1399 3498 1454 illud
3539 1403 3740 1456 amise-

2154 1489 2354 1554 rimus;-
2375 1489 2652 1558 pcriimus,
2672 1490 2920 1543 omnibus
2937 1490 3164 1559 expositi
3183 1489 3250 1544 ad
3274 1490 3510 1560 rapinam
3529 1507 3739 1566 sumus,

2157 1581 2407 1636 omnibus
2432 1581 2498 1636 ad
2525 1583 2976 1648 concuteandum,
3001 1593 3269 1653 tamquam
3298 1599 3485 1638 murus
3513 1585 3741 1639 inclina-

2156 1679 2264 1739 tus,
2291 1680 2347 1728 et
2370 1687 2526 1742 scpes
2545 1674 2854 1730 concidens.
2873 1674 3082 1728 Etenim
3111 1689 3234 1730 cum
3262 1691 3448 1730 murus
3471 1686 3555 1730 est
3577 1678 3743 1734 imbe-

2155 1763 2313 1828 cillis,
2338 1764 2492 1820 facile
2508 1766 2679 1820 cuivis
2700 1774 2845 1835 patet
2859 1765 2925 1820 ad
2943 1766 3367 1836 irrumpendum.
3395 1767 3578 1839 Neque
3593 1770 3739 1825 enim

2155 1858 2297 1928 quod
2326 1859 2566 1914 dicturus
2591 1873 2731 1924 sum,
2762 1858 2828 1912 ad
2857 1859 3026 1913 solam
3053 1858 3354 1916 Jerusalem
3384 1861 3584 1933 putetis
3614 1878 3738 1931 pcr-

2158 1951 2353 2014 tinere,
2382 1950 2476 2006 sed
2502 1951 2662 2006 etiam
2681 1951 2746 2006 ad
2771 1950 3009 2020 singulos
3038 1965 3281 2021 quosque
3311 1952 3574 2007 homines.
3598 1951 3740 2019 Quid

2161 2061 2290 2100 vero
2315 2045 2384 2100 de
2412 2045 2706 2100 Jerusalem
2729 2044 2928 2100 dictum
2965 2045 3084 2100 est?
3113 2044 3339 2098 Cantabo
3363 2046 3548 2101 dilecto
3577 2048 3748 2100 cautio.

2155 2152 2270 2190 cum
2301 2137 2471 2190 dilecti
2499 2137 2616 2202 inci,
2649 2137 2806 2190 vinea:
2831 2152 2976 2190 uicae.
3013 2135 3173 2189 Vinea
3198 2140 3338 2207 facta
3363 2145 3433 2188 est
3451 2137 3656 2191 dilectio
3683 2137 3751 2190 in

2154 2243 2334 2292 cornu,
2359 2230 2410 2281 in
2440 2229 2551 2282 loco
2581 2228 2780 2298 pingui.
2809 2226 2878 2281 Et
2910 2228 3067 2299 sepivi
3093 2243 3203 2282 eam
3233 2244 3294 2281 ac
3337 2228 3470 2281 uallo
3514 2228 3739 2282 circum-

2155 2318 2272 2373 dedi
2295 2360 2309 2385 ,
2353 2327 2400 2372 et
2428 2318 2658 2389 plantavi
2682 2319 2830 2372 vitem
2865 2318 3058 2374 Sorecli
3077 2361 3091 2384 ,
3121 2330 3168 2372 et
3194 2319 3440 2388 ludiﬁcari
3469 2320 3646 2373 turrim
3676 2320 3730 2373 in

2156 2410 2322 2464 medio
2353 2411 2486 2483 ejus,
2519 2420 2567 2465 et
2597 2412 2822 2464 torcular
2861 2413 3090 2465 exstruxi
3115 2412 3166 2466 in
3195 2428 3273 2476 ea,
3306 2422 3355 2465 et
3379 2413 3656 2482 exspectari
3684 2423 3741 2467 ut

2156 2503 2340 2571 faceret
2367 2517 2535 2568 uvam,
2566 2511 2612 2554 et
2641 2501 2758 2571 fecit
2785 2503 2981 2571 spinas.
3015 2501 3169 2556 Nunc
3197 2504 3370 2573 igitur,
3401 2505 3496 2556 viri
3514 2503 3663 2559 ,Juda
3691 2513 3740 2559 et

2155 2594 2461 2648 habitatores
2479 2593 3027 2665 Jerusalem,judicate
3043 2596 3175 2650 inter
3186 2612 3263 2650 me
3283 2606 3329 2651 et
3345 2597 3538 2650 vineam
3553 2615 3734 2652 meum.

2158 2684 2296 2748 Quid
2322 2695 2393 2739 est
2412 2726 2427 2751 ,
2457 2685 2594 2756 quod
2631 2686 2768 2739 ultra
2793 2687 2944 2740 debui
2986 2687 3154 2756 facere
3181 2686 3345 2741 vinea
3369 2703 3494 2741 mea:
3511 2730 3524 2751 ,
3565 2698 3609 2740 et
3635 2706 3744 2742 non

2155 2777 2253 2846 [cci
2280 2777 2368 2831 ei?
2395 2777 2647 2843 Quoniam
2687 2779 3014 2848 exspectavi,
3058 2787 3112 2830 ut
3159 2781 3347 2848 faceret
3391 2795 3580 2844 uvam;
3620 2779 3748 2848 fecit

2154 2876 2321 2921 autem
2349 2868 2545 2938 spinas.
2576 2867 2732 2923 Nunc
2773 2884 2895 2939 ergo
2923 2869 3184 2922 ostrndam
3211 2870 3347 2924 vobis
3389 2870 3512 2938 quid
3536 2887 3625 2940 rgo
3654 2872 3749 2940 [ιμ’

2155 2958 2284 3011 ciam
2307 2959 2466 3014 uineta
2494 2975 2654 3014 mete:
2696 2963 2927 3031 auferam
2956 2976 3125 3030 sepem
3151 2962 3260 3030 ejus
3284 3002 3299 3027 ,
3332 2972 3379 3014 et
3403 2962 3496 3014 erit
3519 2962 3570 3014 in
3606 2963 3744 3016 dire-

2156 3053 2378 3121 ptionem
2403 3066 2422 3114 ;
2451 3060 2496 3105 et
2525 3051 2728 3106 diruam
2749 3052 3018 3106 maceriam
3043 3053 3172 3123 ejus,
3201 3063 3246 3106 et
3270 3052 3364 3106 erit
3392 3053 3446 3107 in
3471 3054 3744 3106 conculca-

2157 3145 2378 3207 tionem;
2401 3153 2444 3197 ct
2471 3144 2815 3212 derelinquam
2845 3145 3042 3198 vineam
3072 3161 3232 3198 meam
3254 3187 3268 3210 ,
3289 3157 3335 3200 et
3360 3164 3460 3199 non
3483 3146 3741 3220 potabitur

2156 3243 2200 3288 et
2246 3253 2348 3288 non
2381 3235 2640 3304 fodietur;
2664 3227 2938 3290 ascendant
2979 3237 3032 3288 in
3079 3253 3190 3290 eam
3216 3277 3230 3300 ,
3261 3237 3468 3306 perinde
3513 3241 3742 3307 atquein

2157 3333 2342 3380 terram
2368 3325 2631 3390 incultam,
2650 3331 2812 3396 δριηιτ
2834 3342 2851 3390 ;
2870 3335 2915 3379 et
2941 3327 3153 3380 nubibus
3181 3330 3451 3393 mandabo,
3478 3347 3538 3383 ne
3563 3329 3743 3400 pluunt

2157 3432 2310 3485 super
2353 3432 2464 3469 eam
2509 3416 2742 3471 imbrem.
2784 3416 2942 3470 Vinea
2987 3418 3120 3471 enim
3171 3417 3383 3471 Domini
3428 3421 3738 3473 exercituum

2159 3509 2339 3562 domus
2365 3508 2532 3562 Israel
2559 3517 2650 3574 est,
2687 3519 2733 3562 et
2755 3509 2832 3562 vir
2861 3507 3003 3561 Juda
3029 3526 3231 3580 germen
3259 3509 3517 3563 dilectum.
3544 3510 3744 3579 Exspe-

2159 3601 2291 3653 ctari
2312 3609 2366 3652 ut
2385 3599 2572 3668 faceret
2587 3599 2839 3670 judicium
2863 3617 2882 3666 ;
2907 3601 3025 3671 fecit
3048 3610 3215 3653 autem
3233 3601 3547 3670 iniquitatem
3573 3612 3620 3655 et
3642 3621 3744 3656 non

2159 3690 2404 3754 iustitiam
2425 3731 2441 3757 ,
2473 3690 2562 3744 sed
2588 3690 2859 3744 clamorem
2911 3689 3064 3758 (Isai.
3093 3691 3147 3748 5.
3173 3692 3196 3746 Ι
3223 3722 3242 3732 ο
3276 3691 3349 3763 7).
3385 3693 3438 3746 ιιι
3465 3694 3625 3747 etiam
3674 3695 3743 3749 de

2159 3782 2397 3851 qualibet
2425 3783 2602 3836 anima
2645 3781 2861 3836 dicitur.
2887 3781 3018 3836 Nam
3049 3799 3170 3838 cum
3210 3786 3387 3837 omnia
3433 3801 3551 3853 quze
3577 3801 3738 3855 oper.

2162 3883 2339 3928 tucrat
2365 3874 2665 3942 impleverit
2694 3874 2954 3944 benignus
2985 3874 3149 3940 Deus,
3185 3875 3274 3929 illa
3302 3891 3428 3929 vero
3462 3890 3556 3944 pro
3599 3892 3696 3930 uva
3724 3917 3742 3941 ,

2160 3964 2346 4034 spinas
2373 3965 2598 4029 fecerit;
2643 3980 2826 4034 sepem
2855 3965 3061 4021 auferet
3112 3977 3166 4020 et
3195 3983 3404 4020 murum
3427 3967 3604 4022 diruet
3630 4011 3645 4034 ,
3680 3984 3744 4022 ac

2163 4058 2466 4128 patebimus
2491 4056 2800 4127 direptioni.
2829 4060 2963 4113 Audi
2994 4077 3122 4115 vero
3149 4070 3203 4116 et
3239 4070 3438 4131 quanto
3465 4077 3584 4115 cum
3615 4062 3744 4116 fletu

2161 4149 2300 4203 alius
2328 4150 2585 4219 propheta
2629 4150 2743 4204 haac
2771 4151 2915 4205 dicat
2947 4169 2959 4206 :
2990 4150 3058 4206 Ut
3087 4153 3208 4222 quid
3237 4153 3531 4206 ἀεξιγυπὶςεὶ
3573 4171 3744 4207 mace-

2161 4240 2290 4293 riam
2329 4241 2439 4310 ejus
2462 4257 2480 4304 ;
2504 4251 2550 4294 et
2582 4243 2886 4296 vindemiant
2924 4260 3035 4298 eam
3080 4260 3254 4298 omnes
3277 4285 3291 4310 ,
3323 4247 3406 4312 qui
3437 4255 3744 4316 prwtergrc-

2163 4332 2372 4385 diuntur
2419 4333 2595 4386 aiam?
2638 4332 3006 4390 Exterminauit
3035 4351 3146 4388 eam
3196 4352 3321 4404 aper
3366 4336 3429 4389 de
3481 4337 3622 4406 sylva
3649 4378 3662 4402 ,
3697 4347 3746 4389 et

2161 4424 2438 4515 singularis
2486 4427 2623 4494 ferus
2650 4424 2888 4495 depastus
2929 4435 3004 4480 est
3033 4443 3144 4480 eain
3188 4426 3363 4494 (Psal.
3388 4428 3474 4483 79.
3499 4429 3583 4482 l3.
3610 4428 3698 4499 Η)
3721 4431 3746 4483 ?
3789 4487 3808 4515 β

2162 4514 2238 4569 lbi
2263 4517 2478 4585 quidem
2505 4516 2574 4570 de
2614 4515 2769 4571 Medo
2807 4531 2869 4571 ac
2898 4516 2967 4571 de
3014 4518 3308 4590 Babylonio
3355 4520 3620 4591 loquitur;
3655 4521 3743 4577 hic

2161 4620 2292 4668 vero
2323 4605 2455 4660 nihil
2481 4614 2583 4672 est,
2611 4607 2754 4676 quod
2780 4606 2848 4662 de
2874 4607 2965 4663 illo
2994 4607 3240 4672 dicatur;
3275 4611 3368 4665 sed
3396 4627 3528 4680 aper
3553 4621 3608 4667 et
3633 4614 3747 4668 sin-

2161 4699 2360 4768 gularis
2388 4699 2504 4770 ipse
2526 4699 2772 4756 diabolus
2799 4711 2881 4757 est
2901 4745 2914 4769 ,
2953 4712 3170 4775 totaque
3198 4705 3342 4761 illius
3373 4722 3582 4762 manus.
3615 4709 3744 4764 Sin-

2159 4791 2400 4861 gularem
2431 4807 2558 4848 vero
2605 4793 2753 4848 illum
2799 4795 3120 4865 appellavit,
3173 4807 3227 4850 ut
3273 4797 3442 4864 ipsius
3487 4799 3743 4856 ferociam

2160 4896 2321 4958 atque
2366 4889 2728 4958 impuritatem
2777 4891 2847 4944 oh
2891 4891 3076 4944 oculos
3123 4901 3367 4960 poneret.
3426 4894 3555 4948 Nam
3595 4897 3746 4951 Scri-

2162 4988 2314 5048 ptura
2338 5021 2352 5046 ,
2383 4994 2504 5034 cmn
2537 4980 2682 5035 illius
2722 4981 3066 5048 rapacitatem
3093 4982 3465 5040 demonstrare
3493 4987 3607 5041 volt
3626 5029 3640 5052 ,
3669 4985 3742 5041 ita

2163 5071 2370 5140 inquit,
2404 5070 2682 5140 Tamquam
2729 5070 2806 5124 leo
2833 5073 3038 5142 rugiens
3063 5073 3280 5139 circuit,
3326 5093 3555 5146 quaerens
3599 5094 3750 5149 quem

2161 5161 2360 5216 devoret
2388 5162 2466 5231 (l.
2501 5159 2615 5214 Pet.
2643 5161 2696 5217 5.
2729 5161 2819 5231 8);
2863 5177 2985 5217 cum
3027 5180 3156 5218 vero
3203 5166 3350 5220 virus
3399 5168 3526 5222 illud
3558 5172 3742 5239 perni-

2161 5254 2364 5309 ciosum
2390 5269 2452 5308 ac
2481 5253 2638 5309 letale
2664 5255 2950 5324 significat,
2975 5269 3280 5326 serpentem
3310 5271 3465 5315 vocat
3513 5271 3566 5316 et
3594 5278 3741 5318 scor-

2164 5344 2374 5416 pionem
2401 5343 2657 5413 :Calcatc,
2686 5347 2878 5416 inquit,
2905 5364 3056 5418 super
3077 5361 3334 5417 serpentes
3353 5360 3403 5405 et
3428 5355 3740 5423 scorpiones,

2161 5445 2206 5490 et
2235 5451 2390 5505 super
2419 5452 2616 5490 onmem
2658 5438 2886 5492 uirtutem
2927 5439 3120 5492 inimici
3157 5439 3311 5510 (Luc.
3349 5443 3433 5498 l0.
3462 5443 3549 5515 19)
3578 5463 3590 5497 :
3617 5461 3740 5500 cum

2161 5525 2320 5580 simul
2349 5543 2610 5584 venenum
2641 5527 2839 5582 indicat
2863 5537 2920 5586 et
2941 5529 3122 5596 robur,
3158 5530 3447 5589 draconem
3479 5537 3740 5602 nominat,

2163 5621 2608 5689 quemadmodum
2632 5637 2698 5676 eo
2727 5622 2844 5675 loco
2871 5640 2882 5676 :
2916 5622 3083 5677 Draco
3110 5625 3221 5688 iste,
3249 5643 3398 5694 quem
3423 5631 3657 5698 formasti
3675 5629 3744 5683 ad

2165 5713 2480 5768 “ludendum
2510 5716 2554 5768 ci
2575 5713 2746 5784 (l’sal.
2779 5714 3022 5787 l05.‘26).
3051 5716 3116 5770 Et
3140 5717 3425 5776 draconem
3447 5730 3502 5776 et
3525 5738 3745 5794 serpen-
