4014 6200
533 311 641 366 εει

601 432 663 481 ε’.
698 426 838 499 Ὅρα
893 428 1072 483 τοίνυν
1126 429 1291 493 πόσος
1342 429 1537 500 γέλως,
1564 430 1707 503 πόση
1739 433 2013 505 ἀθλιότης.
2044 434 2104 488 6v

535 513 805 586 ἐλάϐομεν
835 519 1048 583 πατεῖν,
1073 515 1263 571 τοῦτον
1298 518 1432 589 όρᾷν
1465 518 1604 589 ὑπὲρ
1625 520 1872 590 κεφαλῆς
1898 521 2109 574 ἑστῶτα

530 600 631 669 τῆς
659 601 950 672 ήμετέρας.
990 603 1115 666 Πῶς
1142 602 1199 656 δὲ
1227 602 1387 656 τοῦτο
1433 604 1678 673 γίνεται;
1742 607 1880 679 Παρ’
1909 607 2068 678 ἡμῶν
2090 619 2106 636 ·

530 686 599 741 ἂν
626 688 787 758 ἡμεῖς
825 689 1164 761 βουλώμεθα,
1200 692 1374 761 μέγας
1401 692 1580 745 ἐστίν·
1617 692 1684 747 ἂν
1707 694 1870 764 ἡμεῖς
1904 694 2109 764 βουλώ-

532 773 694 845 μεθα,
724 776 931 844 γίνεται
957 778 1174 848 μικρός.
1216 778 1346 832 Ἐἀν
1369 780 1727 851 προσέχωμεν
1750 782 1982 848 ἑαυτοῖς,
2013 782 2109 837 καὶ

532 862 671 931 μετά
697 861 793 915 τοῦ
827 862 1095 933 βασιλέως
1124 858 1279 935 ὦμεν
1303 864 1400 918 τοῦ
1432 867 1725 937 ἡμετέρου,
1757 867 2107 922 συστέλλεται

529 946 625 999 καὶ
652 945 863 1000 παιδίου
911 949 1112 1021 μικροῦ
1144 950 1295 1004 οὐδὲν
1344 950 1567 1021 ἄμεινον
1592 952 1925 1007 διακείσεται
1953 956 2013 1007 έν
2040 956 2106 1025 τῇ

528 1030 669 1102 πρὸς
701 1034 849 1102 ἡμᾶς
885 1035 1036 1107 μάχῃ
1062 1051 1076 1065 ·
1127 1036 1258 1089 ὅταν
1292 1036 1621 1108 ἀποστῶμεν
1666 1038 1858 1105 αὑτοῦ,
1895 1040 2108 1110 μεγάλα

527 1119 693 1190 φυσᾷ,
721 1119 1010 1190 βρυχᾶται,
1042 1120 1216 1192 τρίζει
1263 1123 1391 1185 τοὺς
1442 1122 1684 1190 ὀδόντας,
1728 1126 1825 1180 ac:
1865 1127 2108 1197 ἐρήμους

525 1205 676 1276 ἡμᾶς
698 1206 797 1276 τῆς
827 1206 1072 1278 μεγάλης
1106 1209 1425 1280 συμμαχίας
1462 1210 1641 1264 λαϐών
1660 1229 1675 1244 ·
1710 1212 1770 1265 οὐ
1799 1213 1915 1284 γὰρ,
1938 1214 2109 1283 πρόσ-

526 1307 687 1357 εισιν,
721 1292 817 1346 ἐὰν
868 1292 946 1363 μὴ
997 1296 1329 1367 συγχωρήσῃ
1370 1298 1400 1350 6
1449 1296 1604 1362 Θεός.
1660 1297 1724 1352 El
1765 1300 1875 1371 γὰρ
1907 1299 2107 1370 χοίρων

524 1377 750 1446 ἀγέλαις
778 1379 838 1431 οὐ
890 1380 1296 1452 κατετόλμησεν
1340 1383 1671 1455 ἐπεμϐῆναι,
1710 1384 1786 1457 μὴ
1825 1385 1919 1441 τοῦ
1970 1385 2105 1440 Θεοῦ

528 1465 1006 1537 συγχωρήσαντος,
1064 1466 1244 1538 πολλῷ
1281 1469 1484 1539 μᾶλλον
1529 1470 1732 1541 ψυχαῖς
1775 1470 2105 1543 ἀνθρώπων.

514 1550 807 1623 ’Συγχωρεῖ
841 1551 898 1605 δὲ
934 1552 1088 1617 Θεὸς,
1121 1553 1154 1624 ἢ
1204 1555 1495 1621 παιδεύων,
1527 1556 1560 1627 ἢ
1591 1556 1745 1628 δίκην
1769 1557 2037 1621 ἀπαιτῶν,
2068 1557 2102 1630 ἢ

523 1638 930 1712 δοκιμωτέρους
963 1642 1154 1707 ποιῶν,
1204 1643 1279 1705 ὡς
1315 1641 1408 1696 τὸν
1451 1643 1591 1698 Ἱώϐ.
1636 1644 1801 1716 Ὁρᾷς
1832 1646 1997 1700 αὐτὸν
2028 1645 2104 1718 μὴ

525 1726 981 1795 προσερχόμενον,
1011 1728 1147 1798 μηδὲ
1167 1728 1451 1800 τολμῶντα
1478 1730 1729 1798 γενέσθαι
1759 1733 1946 1802 ἐγγὺς,
1969 1733 2105 1787 ἀλλά

522 1811 798 1866 δεδοικότα
824 1815 918 1867 καὶ
949 1818 1254 1887 τρέμοντα;
1295 1819 1406 1873 Καὶ
1435 1819 1489 1872 τί
1514 1819 1657 1889 λέγω
1686 1819 1925 1892 περὶτοῦ
1960 1819 2100 1887 Ἶὼϐς

521 1897 601 1968 τῷ
635 1898 744 1970 γὰρ
773 1899 945 1973 Ἰούδᾳ
981 1902 1364 1975 ἐφαλλόμενος,
1394 1906 1494 1958 οὐκ
1520 1907 1841 1977 ἐτόλμησεν.
1868 1907 1974 1971 ἕως
2008 1906 2105 1960 αύ-

521 1985 613 2040 τδν
653 1985 749 2039 τοῦ
802 1988 948 2059 ἱεροῦ
1000 1988 1161 2061 χοροῦ
1207 1991 1506 2062 ἀπέσχισεν
1540 1992 1569 2045 6
1615 1994 1871 2065 Χριστὸς,
1915 1993 2103 2050 λαϐεῖν

520 2071 832 2146 ὁλόκληρον,
888 2078 981 2129 καὶ
1031 2077 1294 2130 εἰσελθεῖν
1331 2081 1412 2141 είς
1460 2080 1645 2136 αὐτόν.
1690 2081 1824 2133 Τότε
1861 2081 1962 2151 μὲν
2008 2077 2102 2137 οὖν

522 2159 722 2229 ἐξωθεν
753 2163 1143 2233 προσέϐαλλεν,
1176 2165 1324 2219 ένδον
1349 2166 1405 2220 δὲ
1453 2168 1718 2222 εἰσελθεῖν
1740 2169 1840 2223 οὐκ
1866 2170 2066 2242 ἐτόλμα
2085 2187 2100 2203 ⁸

524 2248 714 2320 ἐπειδὴ
739 2249 795 2302 δὲ
817 2244 959 2303 εἶδεν
981 2251 1381 2322 ἀποσχισθέντα
1412 2254 1513 2325 τῆς
1542 2256 1696 2326 ἱερᾶς
1725 2255 1948 2326 ἀγέλης,
1973 2273 2101 2310 πανο

520 2335 613 2398 τὸς
641 2334 791 2408 [241]
820 2336 985 2392 λύκου
1021 2339 1377 2410 σφοδρότερον
1408 2341 1663 2412 ἐφήλατο,
1687 2343 1781 2396 καὶ
1811 2342 1875 2396 οὐ
1908 2345 2101 2415 πρότε-

522 2438 616 2493 ρον
631 2423 864 2494 ἀπέστη,
892 2424 996 2488 ἕως
1019 2425 1182 2478 αὑτὸν
1208 2427 1387 2481 ἀνεῖλε
1407 2427 1637 2483 θάνατον
1652 2429 1893 2497 διπλοῦν.
1909 2431 2099 2486 Ταῦτα

521 2507 661 2580 πρὸς
690 2511 971 2564 νουθεσίαν
998 2512 1153 2583 ήμῶν
1191 2514 1519 2585 γέγραπται.
1551 2516 1705 2570 Ἐπεὶ
1733 2521 1886 2572 ποῖον
1907 2519 2097 2590 κέρδος

520 2594 582 2649 τὸ
608 2596 833 2665 γνῶναι,
858 2598 942 2651 δτι
987 2594 1068 2662 εἷς
1094 2599 1204 2653 τῶν
1228 2600 1435 2655 δώδεκα
1460 2601 1738 2673 προέδωκε
1763 2622 1778 2671 ;
1818 2604 1945 2660 ποία
1971 2607 2098 2679 ὄνη-

523 2699 645 2749 σις;
680 2684 807 2738 ποία
854 2684 1129 2754 ὠφέλεια;
1184 2688 1627 2760 Μεγάλη.”οταν
1668 2690 1779 2763 γὰρ
1832 2693 2098 2765 μάθωμεν

519 2771 684 2825 πόθεν
719 2774 927 2837 ἐκεῖνος
959 2775 1054 2829 ἐπὶ
1076 2775 1176 2847 τὴν
1218 2776 1462 2849 ὀλέθριον
1486 2774 1617 2849 ἦλθε
1644 2780 1840 2852 βουλὴν
1867 2782 2095 2854 ταύτην,

519 2858 870 2929 φυλαξόμεθα
907 2862 1016 2917 ἀπὺ
1042 2863 1249 2935 ταύτης
1287 2867 1382 2919 καὶ
1408 2866 1563 2920 αὐτοὶ
1597 2866 1672 2938 μὴ
1709 2868 1779 2922 τά
1819 2868 1959 2924 αὐτὰ
1986 2888 2096 2926 πα-

519 2946 652 3001 θεῖν.
686 2947 856 3003 Πόθεν
883 2944 977 3004 οῦν
994 2945 1161 3021 ἦλθεν
1190 2952 1281 3005 ἐπὶ
1314 2951 1503 3019 τοῦτο;
1542 2954 1677 3006 Ἀπὸ
1707 2955 2094 3028 φιλαργυρίας·

516 3032 758 3105 κλέπτης
792 3032 895 3107 ἦν·
938 3036 1047 3090 ἀπὸ
1092 3036 1299 3110 ταύτης
1340 3037 1515 3103 οὓτως
1561 3040 1761 3112 ἐμέθυε
1789 3043 1869 3115 τῷ
1907 3046 2093 3113 πάθει,

515 3120 598 3174 ὅτι
613 3121 705 3175 τὸν
728 3122 824 3193 τῆς
852 3125 1176 3195 οἰκουμένης
1203 3126 1479 3198 Δεσπότην
1500 3129 1794 3199 τριάκοντα
1816 3132 2094 3205 ἀργυρίων

519 3207 821 3278 προέδωκε.
852 3210 919 3263 Τί
950 3214 1050 3282 τῆς
1094 3213 1305 3284 -μανίας
1347 3214 1555 3286 ταύτης
1580 3219 1797 3289 χεῖρον;
1831 3213 1906 3273 Οῦ
1939 3220 2093 3276 οὐδὲν

514 3292 767 3381 ἀντάξιον
805 3296 925 3350 ούδέ
965 3299 1098 3363 ἴσον,
1222 3300 1290 3354 τά
1340 3301 1465 3373 έθνη
1513 3304 1592 3368 είς
1635 3304 1788 3360 οὐδὲν
1812 3306 2091 3381 ἐλογίσθη,

512 3379 702 3436 τοῦτον
743 3384 1036 3454 τριάκοντα
1085 3388 1365 3459 ἀργυρίων
1395 3390 1695 3461 προέδωκε.
1726 3393 1951 3466 Χαλεπὴ
1984 3379 2097 3468 γὰρ

513 3468 614 3539 τῆς
651 3469 1019 3544 φιλαργυρίας
1050 3474 1083 3544 ή
1111 3476 1385 3546 τυραννὶς,
1415 3476 1564 3550 δεινή
1598 3479 1776 3551 ψυχὴν
1801 3483 2089 3555 ἐκστῆσαι.

515 3555 628 3627 Οὐχ
651 3554 793 3610 οὕτω
826 3576 910 3623 τις
937 3559 1042 3613 ὑπὸ
1073 3563 1172 3632 τῆς
1207 3562 1380 3634 μέθης
1412 3566 1708 3639 παραπλὴξ
1750 3554 1984 3637 γίνεται,
2015 3570 2093 3634 ὡς

513 3641 620 3695 ὑπὸ
646 3642 1036 3715 φιλαργυρίας·
1070 3647 1167 3719 οὐχ
1197 3648 1368 3714 οὕτως
1395 3650 1500 3705 ὑπὸ
1531 3654 1729 3722 μανίας
1767 3657 1862 3710 καὶ
1909 3675 2091 3728 παρα-

515 3728 764 3816 πληξίας,
793 3730 869 3795 ὡς
907 3733 1011 3786 ὑπὸ
1042 3734 1424 3808 φιλαργυρίας.
1454 3738 1552 3792 Διά
1579 3739 1631 3792 τί
1663 3742 1791 3813 γάρ,
1823 3745 1944 3797 είπέ
1977 3763 2089 3816 μοι.

515 3815 812 3885 προδίδως;
840 3819 1087 3891 ’Δσημον
1109 3821 1237 3875 ὄντα
1268 3840 1327 3876 σε
1355 3824 1449 3879 κα)⁸
1475 3825 1696 3895 ἀγνῶτα
1717 3828 1966 3895 ἐκάλεσε,
1983 3815 2091 3887 καὶ

515 3901 611 3955 ινα
644 3901 754 3955 τῶν
801 3903 1008 3960 δώδεκα
1055 3907 1303 3979 ἐποίησε,
1353 3910 1705 3977 διδασκαλίας
1744 3932 1826 3969 σοι
1857 3918 2093 3988 μετέδω-

513 4004 630 4053 κεν,
664 3989 927 4061 ύπέσχετο
958 3995 1125 4066 μυρία
1155 3996 1355 4065 ἀγαθὰ,
1393 3998 1648 4074 θαύματά
1674 4019 1732 4055 σε
1760 4004 2090 4075 ἐργάζεσθαι

514 4075 804 4147 πεποίηκε,
828 4080 1129 4153 τραπέζης,
1163 4083 1321 4150 όδῶν,
1348 4085 1584 4155 ὁμιλίας,
1618 4090 1927 4154 συνουσίας,
1958 4093 2092 4148 πάν-

510 4180 619 4218 των
658 4167 1044 4241 ἐκοινώνησας,
1076 4166 1152 4227 ὧν
1191 4174 1285 4227 καὶ
1313 4177 1362 4229 οἱ
1403 4176 1599 4230 λοιποί.
1647 4178 1831 4233 Ταῦτα
1877 4182 1978 4235 οὐκ
2021 4179 2089 4254 ἦν

514 4250 672 4307 ικανά
704 4258 1034 4326 κατασχεῖν;
1071 4259 1216 4323 τίνος
1258 4256 1354 4315 οὖν
1411 4262 1600 4317 ἕνεκεν
1646 4265 2002 4335 προέδωκας;
2036 4250 2089 4321 τί

511 4339 650 4410 έχων
677 4342 950 4410 ἐγκαλεῖν,
979 4339 1024 4398 ὧ
1060 4348 1257 4418 μιαρέ;
1292 4349 1346 4401 τί
1372 4349 1428 4404 δὲ
1460 4353 1561 4404 οὐκ
1592 4346 1652 4405 εὖ
1676 4352 1897 4419 παθών;
1934 4356 2087 4429 ’ᾙδει

514 4443 608 4479 σου
634 4430 733 4499 τὴν
758 4429 1018 4498 διάνοιαν,
1048 4435 1148 4487 οὐκ
1190 4435 1466 4490 ἐπαύσατο
1491 4438 1560 4492 τά
1596 4440 1726 4511 παρ’
1756 4431 1949 4494 ἑαυτοῦ
1978 4444 2089 4495 είσ-

516 4515 718 4584 φέρων·
755 4516 1015 4583 πολλάκις
1067 4516 1238 4589 εἶπεν,
1263 4523 1345 4577 ὅτι
1375 4520 1479 4590 Εἷς
1509 4525 1579 4589 ἐξ
1609 4525 1780 4594 ὑμῶν
1815 4528 2087 4596 παραδώ-

518 4615 615 4653 σει
641 4618 752 4670 με·
787 4604 1047 4670 πολλάκις
1093 4607 1291 4676 ἔστιξε,
1338 4609 1434 4664 καὶ
1466 4611 1719 4679 ἐφείσατό
1743 4629 1860 4677 σου,
1890 4615 1983 4667 καὶ
2006 4616 2086 4666 εί-

514 4681 622 4748 δὼς
667 4704 727 4739 σε
776 4690 1038 4759 τοιοῦτον,
1067 4695 1166 4749 οὐκ
1198 4694 1417 4760 ἐξέϐαλέ
1445 4713 1505 4750 σε
1535 4696 1629 4750 τοῦ
1660 4698 1821 4768 χοροῦ
1849 4716 1862 4730 ·
1896 4699 1976 4752 ἔτι
2004 4701 2086 4754 δι-

514 4772 830 4841 εϐάσταζεν,
870 4777 950 4853 έτι
978 4780 1053 4843 ὡς
1076 4784 1297 4853 γνήσιον
1311 4784 1406 4837 καὶ
1433 4784 1529 4837 ἓνα
1544 4784 1652 4838 τῶν
1670 4784 1896 4850 δώδεκα,
1913 4785 2088 4852 οὕτως

513 4861 697 4931 ἐτίμα,
730 4861 901 4927 οὕτως
948 4867 1140 4935 ἐφίλει.
1172 4870 1245 4922 Τὸ
1270 4870 1594 4939 τελευταῖον,
1628 4870 1673 4924 ῶ
1698 4872 1799 4942 τῆς
1830 4875 2081 4946 μιαρίαςί

511 4949 607 5004 καὶ
665 4949 870 5004 λέντιον
914 4951 1095 5009 λαϐὼν
1145 4956 1293 5027 ένιψε
1342 4961 1462 5024 ταῖς
1508 4960 1799 5031 ἀχράντοις
1848 4963 2087 5027 ἐκείναις

511 5036 670 5107 χερσὶ
691 5039 816 5102 τοὺς
847 5041 1078 5112 μιαρούς
1105 5060 1198 5096 σου
1222 5045 1411 5110 πόδας,
1430 5046 1524 5100 καὶ
1544 5047 1663 5102 οὐδὲ
1688 5048 1844 5101 τοῦτό
1866 5067 1925 5102 σε
1957 5067 2087 5104 κατ-

512 5123 690 5194 έσχεν.
717 5126 1019 5191 Ἐκλεπτες
1047 5130 1114 5183 τὰ
1137 5129 1244 5185 τῶν
1280 5135 1553 5202 πενήτων·
1591 5134 1683 5188 καὶ¹
1725 5135 1811 5189 ἵνα
1849 5137 1919 5209 μὴ
1952 5155 2087 5209 προ·

512 5207 670 5281 έλθῃς
701 5214 781 5275 είς
809 5215 992 5285 μεῖζον
1024 5216 1211 5282 κακὸν,
1232 5219 1325 5271 κα)⁵
1349 5218 1503 5272 τοῦτο
1524 5220 1717 5292 ἔφερεν
1739 5239 1752 5253 ·
1791 5207 1917 5276 ἀλλ’⁷
1931 5207 2085 5278 οὐδέν

512 5312 575 5348 σε
611 5297 845 5356 ἔπεισεν.
892 5304 955 5357 El
987 5303 1096 5375 γὰρ
1130 5303 1317 5374 θηρίον
1342 5302 1431 5377 ἧς,
1465 5306 1511 5358 εί
1542 5308 1650 5377 γὰρ
1678 5308 1843 5373 λίθος,
1878 5312 1937 5364 οὐ
1966 5315 2086 5376 ταῖς

509 5382 849 5453 εὐεργεσίαις
884 5393 1005 5455 ταῖς
1036 5392 1115 5455 είς
1151 5391 1234 5458 σὲ,
1267 5393 1327 5445 οὐ
1372 5396 1481 5457 τοῖς
1533 5395 1827 5465 θαύμασιν,
1873 5399 1932 5451 ού
1962 5401 2083 5463 ταῖς

506 5467 875 5539 διδασκαλίαις
908 5477 1014 5531 ἔδει
1060 5472 1505 5552 μεταϐληθῆναι’;
1562 5483 1722 5539 ’Λλλά
1776 5486 1868 5540 καὶ
1910 5484 2086 5550 οὓτως

508 5556 975 5632 ἐκτεθηριωμένον
1014 5569 1218 5635 ἐκάλει,
1250 5569 1341 5623 καὶ
1366 5570 1455 5623 διὰ
1493 5572 1599 5624 τῶν
1638 5571 1958 5643 θαυμασίων
1989 5574 2084 5645 ἔρ-

507 5658 624 5712 γων
653 5647 890 5721 ἐπήγετό
917 5669 975 5706 σε
996 5654 1088 5709 τὸν
1113 5656 1276 5714 λίθων
1303 5660 1778 5735 ἀναισθητότερον.
1814 5663 1885 5716 Σὺ
1913 5663 1968 5716 δὲ
1991 5663 2079 5715 ού-

1118 313 1180 370 8.
1213 311 1503 370 JOANNIS
1537 311 2025 371 CHRYSOSTOIII
2059 315 2382 378 ARCHIEP.
2423 321 2970 388 CONSTAN'I’INOP.

3673 342 3791 399 llﬁ

2213 435 2324 490 δενὶ
2352 441 2556 528 τούτων
2602 443 2835 513 γέγονας
2865 445 3109 516 βελτίων.
3162 447 3484 521 Θαυμάζετε
3523 452 3657 517 ἴσως
3682 458 3792 528 τὴν

2205 525 2475 611 τοσαύτην
2510 528 2697 585 ἄνοιαν
2723 533 2819 586 τοῦ
2868 534 3146 606 προδότου.
3169 536 3381 591 Οὐκοῦν
3412 538 3687 611 φοϐήθητε
3724 525 3793 598 τδ

2207 610 2417 665 ἐκείνου
2449 616 2704 687 τραῦμα·
2738 618 2848 673 ἀπὸ
2870 620 3231 693 φιλαργυρίας
3258 624 3502 688 τοιοῦτος
3542 610 3793 695 ἐγένετο,

2207 699 2316 753 ἀπὸ
2343 702 2438 755 τοῦ
2465 704 2573 757 τῶν
2605 723 2710 776 χρη
2720 706 2906 778 μάτων
2936 709 3157 781 ἔρωτος.
3183 712 3457 782 Ἕκκοψον
3478 713 3549 767 τὸ
3573 714 3753 780 πάθος
3770 733 3793 753 ο

2206 789 2430 843 τοιαῦτα
2456 792 2567 862 γάρ
2589 794 2763 848 τίκτει
2788 798 3073 869 νοσήματα
3091 815 3127 837 ··
3143 801 3361 864 ἀσεϐεῖς
3387 803 3552 867 ποιεῖ,
3574 804 3675 857 καὶ
3695 804 3792 858 τὸν

2207 873 2340 927 Θεὸν
2358 876 2579 945 ἀγνοεῖν
2611 882 3041 950 παρασκευάζει,
3069 884 3175 941 κάν
3207 888 3472 957 μυριάκις
3496 888 3795 959 εὐεργετη-

2207 961 2722 1037 θῶμεν.Ἔκκοψον,
2762 972 3095 1042 παρακαλῶ·
3135 976 3236 1029 οὐκ
3280 975 3395 1029 ἐστι
3439 975 3552 1030 τῶν
3593 976 3796 1047 τυχόν-

2205 1065 2335 1111 των,
2371 1051 2634 1119 θανάτους
2663 1053 2773 1110 οἶδε
2800 1059 3004 1113 τίκτειν
3040 1061 3318 1132 ὀλεθρίους
3344 1063 3594 1133 μυρίους.
3626 1063 3793 1117 Εῖδο-

2210 1154 2310 1206 μεν
2362 1140 2424 1194 τὸ
2475 1143 2683 1197 ἐκείνου
2732 1146 2904 1210 πάθος
2926 1163 2941 1177 ·
2982 1148 3308 1220 φοϐηθῶμεν
3353 1151 3429 1222 μὴ
3458 1152 3802 1219 τοῖςαὺτοῖς

2204 1224 2361 1279 αὐτώ⁵
2388 1229 2794 1301 περιπέσωμεν.
2821 1232 2921 1289 Διά
2951 1234 3110 1291 τοῦτο
3132 1235 3463 1307 γέγραπται,
3494 1237 3593 1293 ἵνα,
3619 1236 3705 1308 μὴ
3724 1239 3802 1292 τὰ

2205 1312 2348 1369 αὐτὰ
2372 1315 2635 1384 πάθωμεν
2661 1319 2757 1372 καὶ
2788 1321 2978 1391 ἡμεῖς·
3003 1320 3093 1376 διὰ
3121 1320 3280 1376 τοῦτο
3306 1322 3510 1387 πάντες
3537 1326 3590 1378 οί
3619 1324 3809 1390 εὐαγς

2204 1397 2449 1467 γελισταὶ
2473 1403 2629 1459 τοῦτο
2653 1405 3016 1477 διηγήσαντο,
3035 1406 3186 1480 [242]
3220 1409 3308 1463 ἵνα
3334 1410 3483 1480 ἡμᾶς
3513 1412 3799 1482 σωφρονί-

2205 1501 2364 1540 σωσι.
2399 1488 2690 1563 Πόρρωθεν
2722 1493 2925 1562 φεῦγε·
2975 1495 3076 1549 οὐκ
3118 1495 3234 1553 ἔστι
3265 1496 3423 1554 τοῦτο
3454 1497 3620 1567 μόνον
3660 1500 3799 1569 φιλε

2204 1576 2461 1647 αργυρία,
2516 1578 2575 1635 τὸ
2624 1581 2835 1637 πολλῶν
2862 1584 3012 1655 έρᾷν,
3053 1582 3193 1638 ἀλλά
3214 1583 3276 1637 τὸ
3315 1585 3454 1649 ὅλως
3482 1586 3805 1657 Wdtm

2204 1660 2358 1733 ἐρᾷν.
2385 1663 2721 1738 Φιλαργυρία
2750 1667 2917 1739 δεινὴ,
2947 1669 3009 1721 τὸ
3035 1669 3197 1723 πλέον
3223 1670 3324 1741 τῆς
3350 1671 3542 1743 χρείας
3584 1674 3794 1729 αίτεῖν.

2202 1748 2294 1818 Μὴ
2346 1750 2456 1822 γὰρ
2484 1753 2726 1809 τάλαντα
2776 1755 2979 1828 χρυσοῦ
3025 1752 3094 1829 ἦν
3134 1758 3258 1811 τότε
3293 1758 3361 1812 τὰ
3401 1760 3669 1815 πείσαντα
3697 1760 3797 1815 τὸν

2202 1835 2508 1909 προδότην;
2540 1840 2847 1911 Τρίακοντα
2882 1838 3021 1915 ἦσαν
3049 1844 3311 1917 ἀργύρια·
3362 1846 3661 1917 τριάκοντα
3686 1849 3794 1919 ἀρ-

2200 1924 2404 1995 γυρίων
2434 1928 2711 1997 προέδωκε
2743 1930 2834 1985 τὸν
2856 1932 3153 2005 Δεσπότην.
3177 1929 3324 2006 Ἆρα
3362 1935 3673 2008 μέμνησθε,
3696 1938 3795 1991 ὅτε

2200 2009 2394 2080 ἔλεγονι
2414 2014 2521 2084 πρὸ
2549 2015 2760 2083 τούτου,
2782 2018 2865 2072 ὅτι
2893 2019 2994 2074 οὐκ
3023 2021 3082 2074 ἐν
3108 2020 3189 2091 τῷ
3217 2019 3520 2091 λαμϐάνειν
3546 2023 3732 2079 πολλὰ
3757 2026 3796 2096 ἡ

2199 2098 2483 2167 πλεονεξία
2512 2100 2805 2170 δείκνυται,
2844 2105 2983 2160 ἀλλά
3028 2106 3209 2178 πολλῷ
3236 2108 3640 2181 μᾶλλονένντῷ
3683 2111 3796 2166 616-

2198 2200 2307 2253 7a;
2342 2186 2473 2241 Ἰδοὺ
2502 2189 2627 2242 ὅσον
2649 2191 2816 2245 κακὸν
2840 2184 2995 2257 οὗτος
3025 2194 3417 2264 εἰργάσατοδι*
3436 2196 3794 2270 ὀλίγονχρυο

2199 2270 2343 2323 σίον·
2381 2273 2583 2344 μᾶλλον
2612 2276 2668 2333 δὲ
2707 2277 2768 2331 οὐ
2816 2278 2904 2336 διὰ
2948 2280 3188 2350 χρυσίον,
3225 2280 3359 2336 ἀλλά
3410 2283 3479 2337 δι’
3512 2283 3801 2355 ἀργύρια,

2197 2357 2312 2411 Οὐκ
2363 2359 2532 2426 ἐστιν,
2564 2362 2665 2416 οὐκ
2713 2362 2858 2418 ἔστιν
2899 2366 3070 2438 ἄνδρα
3105 2367 3441 2440 φιλάργυρον
3475 2370 3606 2424 ίδεῖν
3644 2388 3791 2430 ποτε

2194 2444 2289 2497 τοῦ
2332 2447 2378 2498 Χ
2387 2447 2579 2517 ριστοῦ.
2595 2450 2655 2503 τὺ
2700 2451 2991 2523 πρόσωπον
3013 2471 3029 2486 ·
3069 2454 3128 2508 έν
3150 2455 3257 2511 τῶν
3286 2457 3564 2512 ἀδυνάτων
3592 2458 3787 2516 τοῦτο.

2204 2532 2360 2596 Ῥίζα
2387 2533 2505 2587 ἐστὶ
2527 2535 2634 2589 τῶν
2664 2539 2879 2597 κακῶν.
2897 2540 2959 2595 El
2987 2541 3043 2596 δὲ
3074 2544 3133 2598 ἓν
3159 2561 3243 2608 τις
3270 2545 3409 2615 ἔχων
3454 2545 3647 2611 κακὸν,
3687 2547 3791 2605 Ex,-

2193 2617 2385 2672 πίπτει
2426 2622 2526 2692 τῆς
2557 2621 2715 2695 δόξης
2746 2626 2983 2699 ἐκείνης,
3008 2630 3038 2682 6
3060 2630 3160 2701 τὴν
3197 2630 3352 2702 ῥίζαν
3379 2631 3791 2705 ἐπιφερόμενος

2194 2706 2299 2760 ποῦ
2327 2710 2583 2779 στήσεται
2609 2728 2628 2777 ;
2664 2713 2779 2767 Οὐκ
2818 2713 2934 2769 ἔστι
2960 2717 3052 2770 τὸν
3077 2720 3378 2788 χρημάτων
3405 2720 3532 2774 ὄντα
3561 2720 3797 2791 δοῦλον,

2190 2794 2375 2851 δοῦλον
2406 2793 2546 2852 εῖναι
2573 2800 2812 2871 Χριστοῦ
2846 2804 3087 2874 γνήσιον.
3111 2805 3284 2869 Αὐτὸς
3310 2808 3339 2861 6
3380 2808 3617 2879 Χριστὸς
3662 2810 3790 2863 ἁπ-

2190 2884 2451 2955 εφήνατο,
2497 2885 2581 2940 ὅτι
2626 2888 2689 2941 τὸ
2738 2892 2971 2962 πρᾶγμα
3021 2892 3316 2948 ἀδύνατον·
3367 2896 3451 2949 Οὐ
3475 2894 3786 2963 δύνασθε,

2192 2970 2347 3040 φησὶ,
2379 2971 2501 3039 Θεῷ
2523 2973 2843 3031 δουλεύειν
2869 2978 2970 3032 καὶ
2997 2978 3270 3049 μαμωνᾷ·
3306 2981 3637 3047 καὶ,οὺδεὶς
3663 2982 3788 3038 δύο

2188 3073 2363 3112 ναται
2387 3059 2530 3115 δυσὶ
2567 3063 2799 3129 κυρίοις
2835 3063 3173 3120 δουλεύειν.
3226 3067 3475 3123 Ἐναντία
3512 3068 3622 3140 γὰρ
3646 3070 3788 3124 ἐπι-

2188 3146 2492 3202 τάττουσιν.
2527 3149 2585 3202 '0
2608 3151 2841 3220 Χριστὸς
2883 3151 3056 3221 λέγει,
3087 3153 3274 3206 Φείδου
3305 3154 3414 3207 τῶν
3433 3155 3782 3225 πενομένων·

2189 3230 2219 3283 6
2260 3236 2525 3304 μαμωνᾶς
2552 3237 2725 3305 λέγει,
2781 3237 3079 3292 Ἀπόδυσον
3110 3240 3206 3293 καὶ
3229 3239 3371 3294 αὑτά
3398 3239 3434 3295 ἃ
3460 3241 3679 3310 ἔχουσιν
3701 3260 3717 3271 ·
3751 3243 3787 3295 6

2188 3320 2426 3392 Χριστὸς
2454 3323 2624 3392 λέγει,
2658 3324 2911 3382 Κένωσον
2934 3325 3081 3398 άπερ
3106 3325 3253 3398 ἔχεις
3271 3342 3291 3359 ι
3311 3328 3343 3381 6
3377 3330 3643 3399 μαμωνᾶς
3678 3330 3784 3383 lt-

2188 3424 2297 3475 γει,
2318 3407 2464 3462 Λάϐε
2489 3410 2585 3463 καὶ
2614 3410 2757 3483 άπερ
2784 3411 2997 3484 ἔχουσιν
3020 3426 3069 3469 ι.

2263 3494 2338 3561 ς’.
2352 3493 2502 3560 Εἶδες
2520 3497 2857 3563 ἐναντίωσιν,
2869 3494 3009 3564 ιῐδες
3024 3499 3283 3571 πόλεμον;
3302 3500 3563 3557 Βούλεσθε
3579 3503 3781 3568 δείξω-

2193 3600 2294 3654 μεν
2316 3584 2432 3648 πῶς
2452 3584 2513 3638 οὐ
2541 3584 2765 3640 δύναταί
2785 3604 2870 3651 τις
2892 3586 3218 3660 ἀμφοτέρων
3235 3588 3432 3660 ῥᾳδίως
3446 3590 3779 3658 ὑπακούειν,

2193 3668 2312 3723 ἀλλ’
2349 3670 2463 3735 ένὸς
2509 3671 2591 3726 δεῖ
2623 3676 3069 3744 καταφρονῆσαι;
3102 3674 3134 3746 ἢ
3182 3674 3243 3728 ού
3271 3674 3353 3728 δεῖ
3371 3674 3532 3742 λόγου
3558 3695 3573 3743 ;
3608 3677 3774 3745 ηῶςς

2201 3753 2290 3809 Ἐν
2313 3758 2424 3821 τοῖς
2453 3757 2637 3830 ἔργοις
2679 3760 2776 3831 οὐχ
2808 3752 3023 3831 ὁρῶμεν
3070 3759 3247 3825 τοῦτο,
3272 3761 3363 3815 τὸν
3402 3760 3637 3831 Χριστὸν
3666 3766 3777 3835 μὲν

2189 3846 2719 3917 καταφρονούμενον,
2774 3849 2866 3901 τὸν
2933 3848 2990 3902 δὲ
3069 3852 3337 3921 μαμωνᾶν
3420 3851 3770 3923 τιμώμενονς

2204 3928 2394 4001 Ὁρᾶτε
2429 3931 2545 3996 πῶς
2595 3934 2687 3987 καὶ
2713 3933 2782 3987 τά
2809 3935 3031 4006 ῥήματα
3061 3937 3332 4007 φορτικὰς
3370 3938 3521 4009 πόσῳ
3559 3939 3773 4010 μᾶλλον

2188 4017 2258 4072 τά
2286 4019 2622 4090 πράγματας
2671 4020 2811 4074 Ἀλλ’
2850 4022 2944 4075 ἐπὶ
2983 4021 3091 4075 τῶν
3115 4026 3451 4094 πραγμάτων
3481 4026 3542 4085 οὐ
3574 4026 3771 4093 φαίνε-

2188 4122 2279 4159 ται
2317 4105 2552 4176 φορτικὰ
2597 4107 2822 4178 ὁμοίως,
2858 4108 3045 4181 ἐπειδὴ
3086 4110 3167 4182 τῷ
3197 4110 3359 4169 πάθει
3392 4113 3764 4182 κατεχόμεθα.

2186 4190 2303 4244 Νῦν
2343 4192 2442 4262 μὲν
2470 4190 2578 4267 γὰρ
2611 4192 2716 4246 κᾶν
2743 4192 2923 4270 ὀλίγον
3018 4196 3393 4268 καθαρεύουσα
3423 4197 3519 4253 τοῦ
3552 4198 3767 4265 πάθους

2187 4277 2407 4357 ἡψυχὴ,
2427 4279 2533 4343 ἕως
2562 4280 2629 4334 ἂν
2659 4281 2897 4336 ἐνταῦθα
2928 4284 3168 4357 ἑστήκῃ,
3180 4285 3407 4341 δύναται
3444 4287 3650 4356 κρίνειν
3672 4290 3767 4361 69-

2188 4365 2295 4430 θῶς
2311 4382 2324 4396 ·
2363 4369 2479 4420 ἐκεῖ
2504 4368 2559 4421 δέ
2588 4368 3041 4437 ἀπελθοῦσα,,κα“ι
3066 4374 3462 4444 κατασχεθεῖσα
3487 4374 3563 4445 τῷ
3586 4394 3762 4446 πυρε-

2183 4454 2411 4532 τῷ,.καὶ
2440 4457 2499 4508 ἐν
2524 4458 2589 4528 τῇ
2622 4457 2793 4535 ἡδονῇ
2816 4457 2912 4512 τοῦ
2963 4460 3291 4532 πράγματος
3328 4463 3616 4534 γενομένη,
3654 4466 3762 4521 οὐκ

2185 4529 2298 4612 ἔχει
2330 4542 2568 4614 καθαρὸν
2611 4544 2674 4597 τὸ
2703 4529 3143 4617 κριτήριονξούκ
3180 4547 3293 4621 ἔχει
3321 4529 3384 4602 τὸ
3408 4529 3761 4623 δικαστήριον

2183 4628 2478 4683 ἀδέκαστον
2501 4645 2515 4659 ·
2549 4632 2578 4684 6
2606 4631 2843 4702 Χριστός
2889 4649 3073 4703 φησιν,
3111 4633 3245 4687 Ἐὰν
3266 4633 3351 4702 μή
3403 4652 3495 4702 τις
3532 4636 3760 4691 ἀποτά-

2183 4716 2358 4784 ξηται
2409 4715 2601 4772 πᾶσιν
2648 4717 2835 4771 αὑτοῦ
2882 4704 3007 4784 τοῖς
3036 4718 3436 4787 ὑπάρχουσιν,
3465 4724 3578 4776 οὐκ
3624 4722 3761 4777 ἐστι

2179 4820 2297 4872 μου
2326 4801 2629 4873 μαθητής·
2664 4805 2693 4857 6
2734 4806 3002 4874 μαμωνᾶς
3027 4822 3181 4876 φησι,
3202 4806 3351 4860 Λάϐε
3378 4809 3487 4861 ἀπὸ
3517 4807 3611 4862 τοῦ
3633 4826 3757 4862 πει-

2183 4889 2382 4954 νῶντος
2410 4890 2501 4943 τὸν
2547 4891 2746 4962 ἄρτον·
2804 4894 2833 4945 6
2891 4893 3128 4963 Χριστὸς
3159 4893 3328 4962 λέγει,
3378 4896 3643 4967 Περίϐαλε
3662 4895 3758 4950 τὸν

2183 4973 2388 5044 γυμνόν
2409 4989 2423 5003 ·
2462 4968 2615 5035 οὗτος
2648 4973 2817 5041 λέγει,
2851 4975 2953 5028 Τὸν
2987 4976 3194 5046 γυμνὸν
3223 4979 3526 5032 ἀπόδυσον·
3563 4982 3599 5033 6
3621 4981 3760 5051 Χρι-

2185 5060 2307 5124 στὸς
2350 5058 2519 5128 λέγει,
2554 5061 2661 5114 Τοῦ
2711 5062 3031 5132 σπέρματός
3078 5081 3173 5117 σου
3198 5066 3325 5128 τοὺς
3379 5067 3614 5132 οἰκείους
3657 5070 3758 5139 οὐχ

2183 5147 2447 5219 ύπερόψει
2469 5164 2482 5181 ·
2516 5149 2545 5202 6
2592 5150 2855 5219 μαμωνᾶς
2884 5149 3053 5218 λέγει.
3088 5150 3200 5204 Οὐκ
3247 5152 3489 5224 ὲλεήσεις
3509 5158 3637 5218 τοὺς
3680 5158 3759 5210 ol-

2183 5236 2361 5300 κείους
2389 5236 2483 5289 τοῦ
2517 5236 2830 5307 σπέρματός
2883 5254 3001 5303 σου,
3051 5237 3187 5291 ἀλλὰ
3215 5239 3316 5292 κᾶν
3366 5243 3579 5313 μητέρα
3619 5243 3753 5318 ῐδῃς.

2182 5323 2286 5377 κᾶν
2314 5322 2545 5395 πατέρα,
2578 5323 2931 5394 καταφρόνει.
2984 5326 3094 5379 Καὶ
3140 5325 3195 5379 τί
3247 5326 3390 5396 λέγω
3423 5330 3637 5401 πατέρα
3663 5334 3757 5386 καὶ

2186 5409 2430 5480 μητέρας
2463 5410 2556 5463 καὶ
2583 5409 2680 5482 τὴν
2703 5410 2898 5464 σαυτοῦ
2929 5411 3123 5484 ψυχὴν,
3156 5415 3251 5467 καὶ
3276 5414 3479 5488 ταύτην
3497 5418 3752 5471 ἀπόλλυε·

2243 5626 2269 5653 ⁸
2295 5624 2374 5699 εἰς
2391 5624 2737 5699 Cgislinianus,
2762 5634 2911 5692 atque
2936 5627 3004 5681 ila
3042 5628 3171 5694 legit
3194 5631 3459 5699 interpres.
3492 5634 3645 5699 Ediu,
3674 5636 3757 5687 καὶ

2180 5686 2299 5750 ἅπερ
2323 5686 2409 5735 οὐκ
2432 5688 2571 5751 ἔχεις.
