  <div class='ocr_page' id='page_1' title='image "/cluster/home/n/w/nwhite01/storage/ocr_20150623/62/hvd.32044054086319/230.png"; bbox 0 0 4044 6202; ppageno 0'>
   <div class='ocr_carea' id='block_1_1' title="bbox 234 329 352 384">
    <p class='ocr_par' dir='ltr' id='par_1_1' title="bbox 234 329 352 384">
     <span class='ocr_line' id='line_1_1' title="bbox 234 329 352 384; baseline -0.017 0"><span class='ocrx_word' id='word_1_1' title='bbox 234 329 352 384; x_wconf 70' lang='lat'><strong>225</strong></span> 
     </span>
    </p>
   </div>
   <div class='ocr_carea' id='block_1_2' title="bbox 237 433 1832 507">
    <p class='ocr_par' dir='ltr' id='par_1_2' title="bbox 237 433 1832 507">
     <span class='ocr_line' id='line_1_2' title="bbox 237 433 1832 507; baseline -0.007 -9"><span class='ocrx_word' id='word_1_2' title='bbox 237 455 350 500; x_wconf 82' lang='lat' dir='ltr'><strong>teni</strong></span> <span class='ocrx_word' id='word_1_3' title='bbox 385 451 686 498; x_wconf 80' lang='lat' dir='ltr'><strong>tortuosum</strong></span> <span class='ocrx_word' id='word_1_4' title='bbox 714 445 771 494; x_wconf 85' lang='lat' dir='ltr'><strong>et</strong></span> <span class='ocrx_word' id='word_1_5' title='bbox 792 435 1031 507; x_wconf 88' lang='lat' dir='ltr'><strong>aspidem</strong></span> <span class='ocrx_word' id='word_1_6' title='bbox 1062 433 1260 504; x_wconf 88' lang='lat' dir='ltr'><strong>ubique</strong></span> <span class='ocrx_word' id='word_1_7' title='bbox 1290 434 1464 504; x_wconf 88' lang='lat' dir='ltr'><strong>ipsum</strong></span> <span class='ocrx_word' id='word_1_8' title='bbox 1497 443 1674 489; x_wconf 86' lang='lat' dir='ltr'><strong>vocat.</strong></span> <span class='ocrx_word' id='word_1_9' title='bbox 1698 434 1832 488; x_wconf 84' lang='lat' dir='ltr'><strong>Tor-</strong></span> 
     </span>
    </p>
   </div>
   <div class='ocr_carea' id='block_1_3' title="bbox 238 528 1829 598">
    <p class='ocr_par' dir='ltr' id='par_1_3' title="bbox 238 528 1829 598">
     <span class='ocr_line' id='line_1_3' title="bbox 238 528 1829 598; baseline -0.005 -6"><span class='ocrx_word' id='word_1_10' title='bbox 238 549 394 592; x_wconf 82' lang='lat' dir='ltr'><strong>tuosa</strong></span> <span class='ocrx_word' id='word_1_11' title='bbox 414 535 556 590; x_wconf 89' lang='lat' dir='ltr'><strong>enim</strong></span> <span class='ocrx_word' id='word_1_12' title='bbox 580 548 644 586; x_wconf 91' lang='lat' dir='ltr'><strong>ac</strong></span> <span class='ocrx_word' id='word_1_13' title='bbox 668 531 814 586; x_wconf 89' lang='lat' dir='ltr'><strong>varia</strong></span> <span class='ocrx_word' id='word_1_14' title='bbox 843 529 1033 596; x_wconf 77' lang='lat' dir='ltr'><strong>bestia,</strong></span> <span class='ocrx_word' id='word_1_15' title='bbox 1051 544 1170 598; x_wconf 68' lang='lat' dir='ltr'><strong>quae</strong></span> <span class='ocrx_word' id='word_1_16' title='bbox 1188 529 1391 598; x_wconf 77' lang='lat' dir='ltr'><strong>magnis</strong></span> <span class='ocrx_word' id='word_1_17' title='bbox 1415 528 1580 598; x_wconf 89' lang='lat' dir='ltr'><strong>pollet</strong></span> <span class='ocrx_word' id='word_1_18' title='bbox 1601 529 1829 584; x_wconf 84' lang='lat' dir='ltr'><strong>viribus:</strong></span> 
     </span>
    </p>
   </div>
   <div class='ocr_carea' id='block_1_4' title="bbox 235 619 1830 690">
    <p class='ocr_par' dir='ltr' id='par_1_4' title="bbox 235 619 1830 690">
     <span class='ocr_line' id='line_1_4' title="bbox 235 619 1830 690; baseline -0.006 -7"><span class='ocrx_word' id='word_1_19' title='bbox 235 629 422 684; x_wconf 82' lang='lat' dir='ltr'><strong>omnia</strong></span> <span class='ocrx_word' id='word_1_20' title='bbox 453 634 656 690; x_wconf 82' lang='lat' dir='ltr'><strong>movet,</strong></span> <span class='ocrx_word' id='word_1_21' title='bbox 684 623 862 678; x_wconf 83' lang='lat' dir='ltr'><strong>omnia</strong></span> <span class='ocrx_word' id='word_1_22' title='bbox 892 621 1071 676; x_wconf 89' lang='lat' dir='ltr'><strong>turbat</strong></span> <span class='ocrx_word' id='word_1_23' title='bbox 1092 662 1107 686; x_wconf 93' lang='lat'><strong>,</strong></span> <span class='ocrx_word' id='word_1_24' title='bbox 1136 621 1314 674; x_wconf 83' lang='lat' dir='ltr'><strong>omnia</strong></span> <span class='ocrx_word' id='word_1_25' title='bbox 1341 633 1552 674; x_wconf 83' lang='lat' dir='ltr'><strong>sursum</strong></span> <span class='ocrx_word' id='word_1_26' title='bbox 1579 635 1641 675; x_wconf 91' lang='lat' dir='ltr'><strong>ac</strong></span> <span class='ocrx_word' id='word_1_27' title='bbox 1669 619 1830 674; x_wconf 89' lang='lat' dir='ltr'><strong>deor-</strong></span> 
     </span>
    </p>
   </div>
   <div class='ocr_carea' id='block_1_5' title="bbox 233 711 1830 791">
    <p class='ocr_par' dir='ltr' id='par_1_5' title="bbox 233 711 1830 791">
     <span class='ocr_line' id='line_1_5' title="bbox 233 711 1830 791; baseline -0.008 -14"><span class='ocrx_word' id='word_1_28' title='bbox 233 739 356 777; x_wconf 83' lang='lat' dir='ltr'><strong>sum</strong></span> <span class='ocrx_word' id='word_1_29' title='bbox 381 722 511 791; x_wconf 87' lang='lat' dir='ltr'><strong>agit.</strong></span> <span class='ocrx_word' id='word_1_30' title='bbox 534 719 731 772; x_wconf 82' lang='lat' dir='ltr'><strong>Verum</strong></span> <span class='ocrx_word' id='word_1_31' title='bbox 753 731 819 770; x_wconf 92' lang='lat' dir='ltr'><strong>ne</strong></span> <span class='ocrx_word' id='word_1_32' title='bbox 847 715 1100 777; x_wconf 86' lang='lat' dir='ltr'><strong>timeatis,</strong></span> <span class='ocrx_word' id='word_1_33' title='bbox 1135 728 1201 768; x_wconf 92' lang='lat' dir='ltr'><strong>ne</strong></span> <span class='ocrx_word' id='word_1_34' title='bbox 1226 713 1462 766; x_wconf 89' lang='lat' dir='ltr'><strong>animum</strong></span> <span class='ocrx_word' id='word_1_35' title='bbox 1490 711 1830 781; x_wconf 86' lang='lat' dir='ltr'><strong>despondea-</strong></span> 
     </span>
    </p>
   </div>
   <div class='ocr_carea' id='block_1_6' title="bbox 235 802 1830 876">
    <p class='ocr_par' dir='ltr' id='par_1_6' title="bbox 235 802 1830 876">
     <span class='ocr_line' id='line_1_6' title="bbox 235 802 1830 876; baseline -0.006 -10"><span class='ocrx_word' id='word_1_36' title='bbox 235 815 310 866; x_wconf 89' lang='lat' dir='ltr'><strong>tis</strong></span> <span class='ocrx_word' id='word_1_37' title='bbox 343 830 359 866; x_wconf 88' lang='lat'><strong>:</strong></span> <span class='ocrx_word' id='word_1_38' title='bbox 393 819 598 864; x_wconf 85' lang='lat' dir='ltr'><strong>tantum</strong></span> <span class='ocrx_word' id='word_1_39' title='bbox 629 807 867 876; x_wconf 75' lang='lat' dir='ltr'><strong>vigilate,</strong></span> <span class='ocrx_word' id='word_1_40' title='bbox 894 813 949 860; x_wconf 90' lang='lat' dir='ltr'><strong>et</strong></span> <span class='ocrx_word' id='word_1_41' title='bbox 977 804 1081 858; x_wconf 89' lang='lat' dir='ltr'><strong>erit</strong></span> <span class='ocrx_word' id='word_1_42' title='bbox 1110 812 1168 856; x_wconf 91' lang='lat' dir='ltr'><strong>ut</strong></span> <span class='ocrx_word' id='word_1_43' title='bbox 1210 804 1548 872; x_wconf 89' lang='lat' dir='ltr'><strong>passerculus</strong></span> <span class='ocrx_word' id='word_1_44' title='bbox 1584 821 1595 856; x_wconf 95' lang='lat'><strong>:</strong></span> <span class='ocrx_word' id='word_1_45' title='bbox 1626 802 1830 857; x_wconf 73' lang='lat' dir='ltr'><strong>Calcate</strong></span> 
     </span>
    </p>
   </div>
   <div class='ocr_carea' id='block_1_7' title="bbox 230 895 1824 969">
    <p class='ocr_par' dir='ltr' id='par_1_7' title="bbox 230 895 1824 969">
     <span class='ocr_line' id='line_1_7' title="bbox 230 895 1824 969; baseline -0.006 -11"><span class='ocrx_word' id='word_1_46' title='bbox 230 905 379 959; x_wconf 85' lang='lat' dir='ltr'><strong>enim</strong></span> <span class='ocrx_word' id='word_1_47' title='bbox 401 944 415 967; x_wconf 92' lang='lat'><strong>,</strong></span> <span class='ocrx_word' id='word_1_48' title='bbox 443 901 616 969; x_wconf 82' lang='lat' dir='ltr'><strong>inquit</strong></span> <span class='ocrx_word' id='word_1_49' title='bbox 647 939 664 964; x_wconf 95' lang='lat'><strong>,</strong></span> <span class='ocrx_word' id='word_1_50' title='bbox 697 914 852 968; x_wconf 81' lang='lat' dir='ltr'><strong>supra</strong></span> <span class='ocrx_word' id='word_1_51' title='bbox 882 904 1135 966; x_wconf 85' lang='lat' dir='ltr'><strong>serpentes</strong></span> <span class='ocrx_word' id='word_1_52' title='bbox 1161 907 1207 949; x_wconf 85' lang='lat' dir='ltr'><strong>et</strong></span> <span class='ocrx_word' id='word_1_53' title='bbox 1232 896 1544 964; x_wconf 76' lang='lat' dir='ltr'><strong>scorpiones.</strong></span> <span class='ocrx_word' id='word_1_54' title='bbox 1580 895 1751 958; x_wconf 91' lang='lat' dir='ltr'><strong>lllum,</strong></span> <span class='ocrx_word' id='word_1_55' title='bbox 1778 895 1824 949; x_wconf 88' lang='lat' dir='ltr'><strong>si</strong></span> 
     </span>
    </p>
   </div>
   <div class='ocr_carea' id='block_1_8' title="bbox 236 987 1824 1060">
    <p class='ocr_par' dir='ltr' id='par_1_8' title="bbox 236 987 1824 1060">
     <span class='ocr_line' id='line_1_8' title="bbox 236 987 1824 1060; baseline -0.008 -9"><span class='ocrx_word' id='word_1_56' title='bbox 236 995 596 1054; x_wconf 70' lang='lat' dir='ltr'><strong>Voluerimus,</strong></span> <span class='ocrx_word' id='word_1_57' title='bbox 625 991 742 1060; x_wconf 91' lang='lat' dir='ltr'><strong>ejus</strong></span> <span class='ocrx_word' id='word_1_58' title='bbox 766 1004 869 1058; x_wconf 88' lang='lat' dir='ltr'><strong>ope</strong></span> <span class='ocrx_word' id='word_1_59' title='bbox 897 988 1095 1041; x_wconf 86' lang='lat' dir='ltr'><strong>nostris</strong></span> <span class='ocrx_word' id='word_1_60' title='bbox 1120 987 1343 1055; x_wconf 84' lang='lat' dir='ltr'><strong>pedibus</strong></span> <span class='ocrx_word' id='word_1_61' title='bbox 1369 987 1824 1040; x_wconf 87' lang='lat' dir='ltr'><strong>conculcabimus.</strong></span> 
     </span>
    </p>
   </div>
   <div class='ocr_carea' id='block_1_9' title="bbox 310 1079 1822 1153">
    <p class='ocr_par' dir='ltr' id='par_1_9' title="bbox 310 1079 1822 1153">
     <span class='ocr_line' id='line_1_9' title="bbox 310 1079 1822 1153; baseline -0.005 -12"><span class='ocrx_word' id='word_1_62' title='bbox 310 1089 366 1142; x_wconf 88' lang='grc'><strong>5.</strong></span> <span class='ocrx_word' id='word_1_63' title='bbox 413 1085 545 1139; x_wconf 80' lang='lat' dir='ltr'><strong>Vide</strong></span> <span class='ocrx_word' id='word_1_64' title='bbox 575 1084 758 1153; x_wconf 78' lang='lat' dir='ltr'><strong>igitur,</strong></span> <span class='ocrx_word' id='word_1_65' title='bbox 790 1096 949 1151; x_wconf 90' lang='lat' dir='ltr'><strong>quam</strong></span> <span class='ocrx_word' id='word_1_66' title='bbox 984 1079 1297 1144; x_wconf 89' lang='lat' dir='ltr'><strong>ridiculum,</strong></span> <span class='ocrx_word' id='word_1_67' title='bbox 1321 1080 1404 1134; x_wconf 87' lang='lat' dir='ltr'><strong>vel</strong></span> <span class='ocrx_word' id='word_1_68' title='bbox 1439 1082 1618 1148; x_wconf 86' lang='lat' dir='ltr'><strong>potius</strong></span> <span class='ocrx_word' id='word_1_69' title='bbox 1659 1095 1822 1146; x_wconf 87' lang='lat' dir='ltr'><strong>quam</strong></span> 
     </span>
    </p>
   </div>
   <div class='ocr_carea' id='block_1_10' title="bbox 232 1171 1820 1243">
    <p class='ocr_par' dir='ltr' id='par_1_10' title="bbox 232 1171 1820 1243">
     <span class='ocr_line' id='line_1_10' title="bbox 232 1171 1820 1243; baseline -0.007 -8"><span class='ocrx_word' id='word_1_70' title='bbox 232 1180 499 1234; x_wconf 67' lang='lat' dir='ltr'><strong>misemm</strong></span> <span class='ocrx_word' id='word_1_71' title='bbox 526 1176 597 1230; x_wconf 90' lang='lat' dir='ltr'><strong>sit</strong></span> <span class='ocrx_word' id='word_1_72' title='bbox 623 1190 767 1238; x_wconf 90' lang='lat' dir='ltr'><strong>eum,</strong></span> <span class='ocrx_word' id='word_1_73' title='bbox 794 1173 886 1243; x_wconf 86' lang='lat' dir='ltr'><strong>qui</strong></span> <span class='ocrx_word' id='word_1_74' title='bbox 917 1171 1069 1227; x_wconf 90' lang='lat' dir='ltr'><strong>nobis</strong></span> <span class='ocrx_word' id='word_1_75' title='bbox 1093 1171 1249 1225; x_wconf 88' lang='lat' dir='ltr'><strong>datus</strong></span> <span class='ocrx_word' id='word_1_76' title='bbox 1278 1181 1361 1226; x_wconf 87' lang='lat' dir='ltr'><strong>est</strong></span> <span class='ocrx_word' id='word_1_77' title='bbox 1386 1171 1450 1226; x_wconf 86' lang='lat' dir='ltr'><strong>ad</strong></span> <span class='ocrx_word' id='word_1_78' title='bbox 1479 1171 1820 1237; x_wconf 88' lang='lat' dir='ltr'><strong>calcandum,</strong></span> 
     </span>
    </p>
   </div>
   <div class='ocr_carea' id='block_1_11' title="bbox 232 1262 1822 1335">
    <p class='ocr_par' dir='ltr' id='par_1_11' title="bbox 232 1262 1822 1335">
     <span class='ocr_line' id='line_1_11' title="bbox 232 1262 1822 1335; baseline -0.006 -9"><span class='ocrx_word' id='word_1_79' title='bbox 232 1270 434 1326; x_wconf 89' lang='lat' dir='ltr'><strong>intueri</strong></span> <span class='ocrx_word' id='word_1_80' title='bbox 458 1278 690 1323; x_wconf 85' lang='lat' dir='ltr'><strong>stantem</strong></span> <span class='ocrx_word' id='word_1_81' title='bbox 716 1280 876 1335; x_wconf 87' lang='lat' dir='ltr'><strong>supra</strong></span> <span class='ocrx_word' id='word_1_82' title='bbox 905 1275 1065 1334; x_wconf 91' lang='lat' dir='ltr'><strong>caput</strong></span> <span class='ocrx_word' id='word_1_83' title='bbox 1087 1275 1350 1318; x_wconf 90' lang='lat' dir='ltr'><strong>nostrum.</strong></span> <span class='ocrx_word' id='word_1_84' title='bbox 1380 1262 1665 1330; x_wconf 81' lang='lat' dir='ltr'><strong>Quomodo</strong></span> <span class='ocrx_word' id='word_1_85' title='bbox 1694 1279 1822 1318; x_wconf 91' lang='lat' dir='ltr'><strong>vero</strong></span> 
     </span>
    </p>
   </div>
   <div class='ocr_carea' id='block_1_12' title="bbox 231 1356 1822 1426">
    <p class='ocr_par' dir='ltr' id='par_1_12' title="bbox 231 1356 1822 1426">
     <span class='ocr_line' id='line_1_12' title="bbox 231 1356 1822 1426; baseline -0.004 -10"><span class='ocrx_word' id='word_1_86' title='bbox 231 1364 337 1416; x_wconf 84' lang='lat' dir='ltr'><strong>hoc</strong></span> <span class='ocrx_word' id='word_1_87' title='bbox 365 1361 462 1414; x_wconf 79' lang='lat' dir='ltr'><strong>lit?</strong></span> <span class='ocrx_word' id='word_1_88' title='bbox 487 1363 529 1414; x_wconf 79' lang='grc' dir='ltr'>Α</span> <span class='ocrx_word' id='word_1_89' title='bbox 563 1359 719 1413; x_wconf 88' lang='lat' dir='ltr'><strong>nobis</strong></span> <span class='ocrx_word' id='word_1_90' title='bbox 745 1375 758 1410; x_wconf 89' lang='lat'>:</span> <span class='ocrx_word' id='word_1_91' title='bbox 788 1357 834 1412; x_wconf 89' lang='lat' dir='ltr'><strong>si</strong></span> <span class='ocrx_word' id='word_1_92' title='bbox 859 1371 956 1411; x_wconf 89' lang='lat' dir='ltr'><strong>nos</strong></span> <span class='ocrx_word' id='word_1_93' title='bbox 981 1357 1229 1419; x_wconf 80' lang='lat' dir='ltr'><strong>velimus,</strong></span> <span class='ocrx_word' id='word_1_94' title='bbox 1262 1371 1483 1426; x_wconf 87' lang='lat' dir='ltr'><strong>magnus</strong></span> <span class='ocrx_word' id='word_1_95' title='bbox 1503 1367 1617 1420; x_wconf 89' lang='lat' dir='ltr'><strong>est;</strong></span> <span class='ocrx_word' id='word_1_96' title='bbox 1654 1356 1697 1409; x_wconf 88' lang='lat' dir='ltr'><strong>si</strong></span> <span class='ocrx_word' id='word_1_97' title='bbox 1726 1371 1822 1410; x_wconf 88' lang='lat' dir='ltr'><strong>nos</strong></span> 
     </span>
    </p>
   </div>
   <div class='ocr_carea' id='block_1_13' title="bbox 231 1447 1823 1521">
    <p class='ocr_par' dir='ltr' id='par_1_13' title="bbox 231 1447 1823 1521">
     <span class='ocr_line' id='line_1_13' title="bbox 231 1447 1823 1521; baseline -0.003 -17"><span class='ocrx_word' id='word_1_98' title='bbox 231 1453 492 1513; x_wconf 77' lang='lat' dir='ltr'><strong>velimus,</strong></span> <span class='ocrx_word' id='word_1_99' title='bbox 516 1465 720 1521; x_wconf 77' lang='lat' dir='ltr'><strong>parvus</strong></span> <span class='ocrx_word' id='word_1_100' title='bbox 749 1447 824 1502; x_wconf 80' lang='lat' dir='ltr'><strong>ﬁt.</strong></span> <span class='ocrx_word' id='word_1_101' title='bbox 872 1448 926 1504; x_wconf 89' lang='lat' dir='ltr'><strong>Si</strong></span> <span class='ocrx_word' id='word_1_102' title='bbox 960 1449 1126 1502; x_wconf 89' lang='lat' dir='ltr'><strong>nostri</strong></span> <span class='ocrx_word' id='word_1_103' title='bbox 1157 1448 1398 1516; x_wconf 91' lang='lat' dir='ltr'><strong>ipsorum</strong></span> <span class='ocrx_word' id='word_1_104' title='bbox 1447 1460 1624 1501; x_wconf 83' lang='lat' dir='ltr'><strong>curam</strong></span> <span class='ocrx_word' id='word_1_105' title='bbox 1667 1461 1823 1515; x_wconf 87' lang='lat' dir='ltr'><strong>gera-</strong></span> 
     </span>
    </p>
   </div>
   <div class='ocr_carea' id='block_1_14' title="bbox 229 1537 1815 1610">
    <p class='ocr_par' dir='ltr' id='par_1_14' title="bbox 229 1537 1815 1610">
     <span class='ocr_line' id='line_1_14' title="bbox 229 1537 1815 1610; baseline -0.004 -13"><span class='ocrx_word' id='word_1_106' title='bbox 229 1558 375 1604; x_wconf 82' lang='lat' dir='ltr'><strong>mus,</strong></span> <span class='ocrx_word' id='word_1_107' title='bbox 397 1553 712 1610; x_wconf 88' lang='lat' dir='ltr'><strong>slemusque</strong></span> <span class='ocrx_word' id='word_1_108' title='bbox 745 1555 848 1594; x_wconf 93' lang='lat' dir='ltr'><strong>una</strong></span> <span class='ocrx_word' id='word_1_109' title='bbox 873 1554 994 1594; x_wconf 88' lang='lat' dir='ltr'><strong>cum</strong></span> <span class='ocrx_word' id='word_1_110' title='bbox 1031 1539 1179 1609; x_wconf 85' lang='lat' dir='ltr'><strong>Rege</strong></span> <span class='ocrx_word' id='word_1_111' title='bbox 1203 1549 1409 1602; x_wconf 91' lang='lat' dir='ltr'><strong>nostro,</strong></span> <span class='ocrx_word' id='word_1_112' title='bbox 1441 1537 1706 1591; x_wconf 86' lang='lat' dir='ltr'><strong>contrahit</strong></span> <span class='ocrx_word' id='word_1_113' title='bbox 1735 1552 1815 1603; x_wconf 91' lang='lat' dir='ltr'><strong>se,</strong></span> 
     </span>
    </p>
   </div>
   <div class='ocr_carea' id='block_1_15' title="bbox 231 1629 1818 1704">
    <p class='ocr_par' dir='ltr' id='par_1_15' title="bbox 231 1629 1818 1704">
     <span class='ocr_line' id='line_1_15' title="bbox 231 1629 1818 1704; baseline -0.004 -14"><span class='ocrx_word' id='word_1_114' title='bbox 231 1651 298 1690; x_wconf 86' lang='lat' dir='ltr'><strong>ac</strong></span> <span class='ocrx_word' id='word_1_115' title='bbox 331 1635 502 1689; x_wconf 82' lang='lat' dir='ltr'><strong>nihilo</strong></span> <span class='ocrx_word' id='word_1_116' title='bbox 531 1635 653 1704; x_wconf 84' lang='lat' dir='ltr'><strong>plus</strong></span> <span class='ocrx_word' id='word_1_117' title='bbox 695 1647 865 1703; x_wconf 80' lang='lat' dir='ltr'><strong>parvo</strong></span> <span class='ocrx_word' id='word_1_118' title='bbox 910 1631 1111 1685; x_wconf 80' lang='lat' dir='ltr'><strong>infante</strong></span> <span class='ocrx_word' id='word_1_119' title='bbox 1143 1632 1194 1684; x_wconf 93' lang='lat' dir='ltr'><strong>in</strong></span> <span class='ocrx_word' id='word_1_120' title='bbox 1228 1645 1399 1699; x_wconf 90' lang='lat' dir='ltr'><strong>pugna</strong></span> <span class='ocrx_word' id='word_1_121' title='bbox 1425 1629 1683 1684; x_wconf 87' lang='lat' dir='ltr'><strong>adversus</strong></span> <span class='ocrx_word' id='word_1_122' title='bbox 1720 1643 1818 1683; x_wconf 90' lang='lat' dir='ltr'><strong>nos</strong></span> 
     </span>
    </p>
   </div>
   <div class='ocr_carea' id='block_1_16' title="bbox 231 1719 1816 1795">
    <p class='ocr_par' dir='ltr' id='par_1_16' title="bbox 231 1719 1816 1795">
     <span class='ocr_line' id='line_1_16' title="bbox 231 1719 1816 1795; baseline -0.003 -19"><span class='ocrx_word' id='word_1_123' title='bbox 231 1737 412 1795; x_wconf 81' lang='lat' dir='ltr'><strong>potest</strong></span> <span class='ocrx_word' id='word_1_124' title='bbox 440 1745 455 1781; x_wconf 85' lang='lat'><strong>:</strong></span> <span class='ocrx_word' id='word_1_125' title='bbox 499 1727 582 1780; x_wconf 90' lang='lat' dir='ltr'><strong>sin</strong></span> <span class='ocrx_word' id='word_1_126' title='bbox 624 1740 652 1778; x_wconf 89' lang='lat' dir='ltr'><strong>a</strong></span> <span class='ocrx_word' id='word_1_127' title='bbox 677 1724 832 1793; x_wconf 69' lang='lat' dir='ltr'><strong>Rege</strong></span> <span class='ocrx_word' id='word_1_128' title='bbox 859 1721 1271 1786; x_wconf 82' lang='lat' dir='ltr'><strong>desciverimus,</strong></span> <span class='ocrx_word' id='word_1_129' title='bbox 1300 1720 1454 1775; x_wconf 89' lang='lat' dir='ltr'><strong>valde</strong></span> <span class='ocrx_word' id='word_1_130' title='bbox 1484 1728 1678 1790; x_wconf 88' lang='lat' dir='ltr'><strong>turget,</strong></span> <span class='ocrx_word' id='word_1_131' title='bbox 1708 1719 1816 1773; x_wconf 82' lang='lat' dir='ltr'><strong>fre-</strong></span> 
     </span>
    </p>
   </div>
   <div class='ocr_carea' id='block_1_17' title="bbox 228 1811 1816 1883">
    <p class='ocr_par' dir='ltr' id='par_1_17' title="bbox 228 1811 1816 1883">
     <span class='ocr_line' id='line_1_17' title="bbox 228 1811 1816 1883; baseline -0.005 -11"><span class='ocrx_word' id='word_1_132' title='bbox 228 1819 350 1883; x_wconf 87' lang='lat' dir='ltr'><strong>tnit,</strong></span> <span class='ocrx_word' id='word_1_133' title='bbox 382 1817 576 1872; x_wconf 85' lang='lat' dir='ltr'><strong>dentes</strong></span> <span class='ocrx_word' id='word_1_134' title='bbox 604 1815 778 1879; x_wconf 84' lang='lat' dir='ltr'><strong>acuit;</strong></span> <span class='ocrx_word' id='word_1_135' title='bbox 801 1814 1006 1883; x_wconf 83' lang='lat' dir='ltr'><strong>quippe</strong></span> <span class='ocrx_word' id='word_1_136' title='bbox 1033 1813 1123 1882; x_wconf 91' lang='lat' dir='ltr'><strong>qui</strong></span> <span class='ocrx_word' id='word_1_137' title='bbox 1159 1827 1256 1866; x_wconf 90' lang='lat' dir='ltr'><strong>nos</strong></span> <span class='ocrx_word' id='word_1_138' title='bbox 1278 1827 1471 1882; x_wconf 87' lang='lat' dir='ltr'><strong>magno</strong></span> <span class='ocrx_word' id='word_1_139' title='bbox 1500 1813 1591 1866; x_wconf 91' lang='lat' dir='ltr'><strong>illo</strong></span> <span class='ocrx_word' id='word_1_140' title='bbox 1618 1811 1816 1865; x_wconf 79' lang='lat' dir='ltr'><strong>auxilio</strong></span> 
     </span>
    </p>
   </div>
   <div class='ocr_carea' id='block_1_18' title="bbox 227 1905 1812 1975">
    <p class='ocr_par' dir='ltr' id='par_1_18' title="bbox 227 1905 1812 1975">
     <span class='ocr_line' id='line_1_18' title="bbox 227 1905 1812 1975; baseline -0.005 -9"><span class='ocrx_word' id='word_1_141' title='bbox 227 1911 527 1967; x_wconf 79' lang='lat' dir='ltr'><strong>deStitutos</strong></span> <span class='ocrx_word' id='word_1_142' title='bbox 569 1917 754 1962; x_wconf 86' lang='lat' dir='ltr'><strong>nactus</strong></span> <span class='ocrx_word' id='word_1_143' title='bbox 791 1906 992 1960; x_wconf 73' lang='lat' dir='ltr'><strong>fuerit:</strong></span> <span class='ocrx_word' id='word_1_144' title='bbox 1029 1920 1133 1960; x_wconf 93' lang='lat' dir='ltr'><strong>non</strong></span> <span class='ocrx_word' id='word_1_145' title='bbox 1183 1906 1322 1960; x_wconf 89' lang='lat' dir='ltr'><strong>enim</strong></span> <span class='ocrx_word' id='word_1_146' title='bbox 1359 1905 1682 1975; x_wconf 78' lang='lat' dir='ltr'><strong>aggreditur,</strong></span> <span class='ocrx_word' id='word_1_147' title='bbox 1714 1905 1812 1958; x_wconf 88' lang='lat' dir='ltr'><strong>nisi</strong></span> 
     </span>
    </p>
   </div>
   <div class='ocr_carea' id='block_1_19' title="bbox 229 1996 1814 2071">
    <p class='ocr_par' dir='ltr' id='par_1_19' title="bbox 229 1996 1814 2071">
     <span class='ocr_line' id='line_1_19' title="bbox 229 1996 1814 2071; baseline -0.004 -16"><span class='ocrx_word' id='word_1_148' title='bbox 229 1999 551 2071; x_wconf 82' lang='lat' dir='ltr'><strong>permiserit</strong></span> <span class='ocrx_word' id='word_1_149' title='bbox 595 1999 748 2052; x_wconf 83' lang='lat' dir='ltr'><strong>Deus.</strong></span> <span class='ocrx_word' id='word_1_150' title='bbox 776 1996 904 2050; x_wconf 85' lang='lat' dir='ltr'><strong>Nam</strong></span> <span class='ocrx_word' id='word_1_151' title='bbox 935 1997 976 2048; x_wconf 90' lang='lat' dir='ltr'><strong>si</strong></span> <span class='ocrx_word' id='word_1_152' title='bbox 1009 1997 1060 2049; x_wconf 93' lang='lat' dir='ltr'><strong>in</strong></span> <span class='ocrx_word' id='word_1_153' title='bbox 1090 2010 1374 2064; x_wconf 89' lang='lat' dir='ltr'><strong>porcorum</strong></span> <span class='ocrx_word' id='word_1_154' title='bbox 1417 2012 1634 2066; x_wconf 78' lang='lat' dir='ltr'><strong>gregem</strong></span> <span class='ocrx_word' id='word_1_155' title='bbox 1667 1997 1814 2049; x_wconf 92' lang='lat' dir='ltr'><strong>inva-</strong></span> 
     </span>
    </p>
   </div>
   <div class='ocr_carea' id='block_1_20' title="bbox 228 2087 1812 2157">
    <p class='ocr_par' dir='ltr' id='par_1_20' title="bbox 228 2087 1812 2157">
     <span class='ocr_line' id='line_1_20' title="bbox 228 2087 1812 2157; baseline -0.002 -10"><span class='ocrx_word' id='word_1_156' title='bbox 228 2094 555 2147; x_wconf 59' lang='lat' dir='ltr'><strong>dere-ausus</strong></span> <span class='ocrx_word' id='word_1_157' title='bbox 587 2105 688 2144; x_wconf 90' lang='lat' dir='ltr'><strong>non</strong></span> <span class='ocrx_word' id='word_1_158' title='bbox 711 2097 810 2150; x_wconf 90' lang='lat' dir='ltr'><strong>est,</strong></span> <span class='ocrx_word' id='word_1_159' title='bbox 832 2089 942 2142; x_wconf 88' lang='lat' dir='ltr'><strong>Deo</strong></span> <span class='ocrx_word' id='word_1_160' title='bbox 969 2101 1073 2142; x_wconf 91' lang='lat' dir='ltr'><strong>non</strong></span> <span class='ocrx_word' id='word_1_161' title='bbox 1107 2089 1481 2157; x_wconf 90' lang='lat' dir='ltr'><strong>permittente;</strong></span> <span class='ocrx_word' id='word_1_162' title='bbox 1512 2088 1682 2142; x_wconf 93' lang='lat' dir='ltr'><strong>multo</strong></span> <span class='ocrx_word' id='word_1_163' title='bbox 1707 2087 1812 2144; x_wconf 76' lang='lat' dir='ltr'><strong>mi-</strong></span> 
     </span>
    </p>
   </div>
   <div class='ocr_carea' id='block_1_21' title="bbox 225 2177 1812 2249">
    <p class='ocr_par' dir='ltr' id='par_1_21' title="bbox 225 2177 1812 2249">
     <span class='ocr_line' id='line_1_21' title="bbox 225 2177 1812 2249; baseline -0.002 -12"><span class='ocrx_word' id='word_1_164' title='bbox 225 2199 336 2237; x_wconf 90' lang='lat' dir='ltr'><strong>nus</strong></span> <span class='ocrx_word' id='word_1_165' title='bbox 367 2184 422 2237; x_wconf 91' lang='lat' dir='ltr'><strong>in</strong></span> <span class='ocrx_word' id='word_1_166' title='bbox 452 2181 652 2234; x_wconf 88' lang='lat' dir='ltr'><strong>animas</strong></span> <span class='ocrx_word' id='word_1_167' title='bbox 683 2179 957 2233; x_wconf 82' lang='lat' dir='ltr'><strong>hominum</strong></span> <span class='ocrx_word' id='word_1_168' title='bbox 986 2197 998 2232; x_wconf 91' lang='lat'><strong>:</strong></span> <span class='ocrx_word' id='word_1_169' title='bbox 1033 2180 1295 2249; x_wconf 90' lang='lat' dir='ltr'><strong>permittit</strong></span> <span class='ocrx_word' id='word_1_170' title='bbox 1335 2189 1512 2234; x_wconf 89' lang='lat' dir='ltr'><strong>autem</strong></span> <span class='ocrx_word' id='word_1_171' title='bbox 1564 2180 1703 2234; x_wconf 90' lang='lat' dir='ltr'><strong>Deus</strong></span> <span class='ocrx_word' id='word_1_172' title='bbox 1728 2177 1812 2235; x_wconf 89' lang='lat' dir='ltr'><strong>vel</strong></span> 
     </span>
    </p>
   </div>
   <div class='ocr_carea' id='block_1_22' title="bbox 223 2271 1808 2342">
    <p class='ocr_par' dir='ltr' id='par_1_22' title="bbox 223 2271 1808 2342">
     <span class='ocr_line' id='line_1_22' title="bbox 223 2271 1808 2342; baseline -0.001 -13"><span class='ocrx_word' id='word_1_173' title='bbox 223 2273 505 2335; x_wconf 80' lang='lat' dir='ltr'><strong>eradicas,</strong></span> <span class='ocrx_word' id='word_1_174' title='bbox 532 2272 615 2326; x_wconf 80' lang='lat' dir='ltr'><strong>vel</strong></span> <span class='ocrx_word' id='word_1_175' title='bbox 646 2286 857 2342; x_wconf 77' lang='lat' dir='ltr'><strong>ptenam</strong></span> <span class='ocrx_word' id='word_1_176' title='bbox 887 2271 1128 2339; x_wconf 79' lang='lat' dir='ltr'><strong>exigens,</strong></span> <span class='ocrx_word' id='word_1_177' title='bbox 1162 2271 1245 2326; x_wconf 85' lang='lat' dir='ltr'><strong>vel</strong></span> <span class='ocrx_word' id='word_1_178' title='bbox 1286 2271 1548 2326; x_wconf 89' lang='lat' dir='ltr'><strong>clariores</strong></span> <span class='ocrx_word' id='word_1_179' title='bbox 1587 2271 1808 2328; x_wconf 78' lang='lat' dir='ltr'><strong>faciens.</strong></span> 
     </span>
    </p>
   </div>
   <div class='ocr_carea' id='block_1_23' title="bbox 229 2361 1808 2432">
    <p class='ocr_par' dir='ltr' id='par_1_23' title="bbox 229 2361 1808 2432">
     <span class='ocr_line' id='line_1_23' title="bbox 229 2361 1808 2432; baseline -0.002 -14"><span class='ocrx_word' id='word_1_180' title='bbox 229 2364 392 2418; x_wconf 77' lang='lat' dir='ltr'><strong>Vides</strong></span> <span class='ocrx_word' id='word_1_181' title='bbox 421 2364 567 2417; x_wconf 90' lang='lat' dir='ltr'><strong>illum</strong></span> <span class='ocrx_word' id='word_1_182' title='bbox 600 2379 706 2416; x_wconf 84' lang='lat' dir='ltr'><strong>non</strong></span> <span class='ocrx_word' id='word_1_183' title='bbox 734 2362 952 2432; x_wconf 83' lang='lat' dir='ltr'><strong>aggredi</strong></span> <span class='ocrx_word' id='word_1_184' title='bbox 976 2361 1079 2415; x_wconf 85' lang='lat' dir='ltr'><strong>Joh</strong></span> <span class='ocrx_word' id='word_1_185' title='bbox 1105 2377 1279 2430; x_wconf 88' lang='lat' dir='ltr'><strong>neque</strong></span> <span class='ocrx_word' id='word_1_186' title='bbox 1305 2363 1506 2417; x_wconf 88' lang='lat' dir='ltr'><strong>audere</strong></span> <span class='ocrx_word' id='word_1_187' title='bbox 1532 2361 1808 2427; x_wconf 90' lang='lat' dir='ltr'><strong>accedere,</strong></span> 
     </span>
    </p>
   </div>
   <div class='ocr_carea' id='block_1_24' title="bbox 227 2453 1810 2524">
    <p class='ocr_par' dir='ltr' id='par_1_24' title="bbox 227 2453 1810 2524">
     <span class='ocr_line' id='line_1_24' title="bbox 227 2453 1810 2524; baseline -0.002 -13"><span class='ocrx_word' id='word_1_188' title='bbox 227 2458 322 2511; x_wconf 81' lang='lat' dir='ltr'><strong>sed</strong></span> <span class='ocrx_word' id='word_1_189' title='bbox 350 2465 588 2510; x_wconf 87' lang='lat' dir='ltr'><strong>metuere</strong></span> <span class='ocrx_word' id='word_1_190' title='bbox 627 2464 787 2524; x_wconf 91' lang='lat' dir='ltr'><strong>atque</strong></span> <span class='ocrx_word' id='word_1_191' title='bbox 815 2454 1089 2508; x_wconf 89' lang='lat' dir='ltr'><strong>tremere?</strong></span> <span class='ocrx_word' id='word_1_192' title='bbox 1140 2455 1205 2508; x_wconf 89' lang='lat' dir='ltr'><strong>Et</strong></span> <span class='ocrx_word' id='word_1_193' title='bbox 1245 2454 1370 2524; x_wconf 90' lang='lat' dir='ltr'><strong>quid</strong></span> <span class='ocrx_word' id='word_1_194' title='bbox 1401 2455 1524 2509; x_wconf 92' lang='lat' dir='ltr'><strong>dico</strong></span> <span class='ocrx_word' id='word_1_195' title='bbox 1564 2453 1632 2508; x_wconf 87' lang='lat' dir='ltr'><strong>de</strong></span> <span class='ocrx_word' id='word_1_196' title='bbox 1670 2453 1810 2508; x_wconf 86' lang='lat' dir='ltr'><strong>Joh?</strong></span> 
     </span>
    </p>
   </div>
   <div class='ocr_carea' id='block_1_25' title="bbox 226 2543 1811 2614">
    <p class='ocr_par' dir='ltr' id='par_1_25' title="bbox 226 2543 1811 2614">
     <span class='ocr_line' id='line_1_25' title="bbox 226 2543 1811 2614; baseline -0.003 -13"><span class='ocrx_word' id='word_1_197' title='bbox 226 2562 350 2601; x_wconf 89' lang='lat' dir='ltr'><strong>nam</strong></span> <span class='ocrx_word' id='word_1_198' title='bbox 382 2547 432 2600; x_wconf 91' lang='lat' dir='ltr'><strong>in</strong></span> <span class='ocrx_word' id='word_1_199' title='bbox 462 2545 652 2600; x_wconf 71' lang='lat' dir='ltr'><strong>ludam</strong></span> <span class='ocrx_word' id='word_1_200' title='bbox 700 2544 957 2598; x_wconf 84' lang='lat' dir='ltr'><strong>invadens</strong></span> <span class='ocrx_word' id='word_1_201' title='bbox 985 2561 1089 2598; x_wconf 86' lang='lat' dir='ltr'><strong>non</strong></span> <span class='ocrx_word' id='word_1_202' title='bbox 1121 2553 1245 2598; x_wconf 84' lang='lat' dir='ltr'><strong>ante</strong></span> <span class='ocrx_word' id='word_1_203' title='bbox 1290 2553 1460 2598; x_wconf 90' lang='lat' dir='ltr'><strong>totutn</strong></span> <span class='ocrx_word' id='word_1_204' title='bbox 1509 2543 1811 2614; x_wconf 80' lang='lat' dir='ltr'><strong>appr-hen-</strong></span> 
     </span>
    </p>
   </div>
   <div class='ocr_carea' id='block_1_26' title="bbox 223 2635 1808 2706">
    <p class='ocr_par' dir='ltr' id='par_1_26' title="bbox 223 2635 1808 2706">
     <span class='ocr_line' id='line_1_26' title="bbox 223 2635 1808 2706; baseline 0 -15"><span class='ocrx_word' id='word_1_205' title='bbox 223 2637 356 2691; x_wconf 87' lang='lat' dir='ltr'><strong>dere</strong></span> <span class='ocrx_word' id='word_1_206' title='bbox 399 2645 561 2706; x_wconf 83' lang='lat' dir='ltr'><strong>atque</strong></span> <span class='ocrx_word' id='word_1_207' title='bbox 586 2637 638 2690; x_wconf 92' lang='lat' dir='ltr'><strong>in</strong></span> <span class='ocrx_word' id='word_1_208' title='bbox 682 2635 856 2704; x_wconf 87' lang='lat' dir='ltr'><strong>ipsum</strong></span> <span class='ocrx_word' id='word_1_209' title='bbox 891 2635 1093 2705; x_wconf 88' lang='lat' dir='ltr'><strong>ingredi</strong></span> <span class='ocrx_word' id='word_1_210' title='bbox 1123 2650 1286 2690; x_wconf 91' lang='lat' dir='ltr'><strong>ausus</strong></span> <span class='ocrx_word' id='word_1_211' title='bbox 1314 2645 1417 2699; x_wconf 88' lang='lat' dir='ltr'><strong>est,</strong></span> <span class='ocrx_word' id='word_1_212' title='bbox 1449 2651 1607 2705; x_wconf 89' lang='lat' dir='ltr'><strong>quam</strong></span> <span class='ocrx_word' id='word_1_213' title='bbox 1660 2636 1808 2691; x_wconf 91' lang='lat' dir='ltr'><strong>illum</strong></span> 
     </span>
    </p>
   </div>
   <div class='ocr_carea' id='block_1_27' title="bbox 223 2725 1808 2798">
    <p class='ocr_par' dir='ltr' id='par_1_27' title="bbox 223 2725 1808 2798">
     <span class='ocr_line' id='line_1_27' title="bbox 223 2725 1808 2798; baseline 0.003 -18"><span class='ocrx_word' id='word_1_214' title='bbox 223 2725 472 2783; x_wconf 84' lang='lat' dir='ltr'><strong>Christus</strong></span> <span class='ocrx_word' id='word_1_215' title='bbox 500 2744 530 2782; x_wconf 89' lang='lat' dir='ltr'><strong>a</strong></span> <span class='ocrx_word' id='word_1_216' title='bbox 557 2743 716 2783; x_wconf 89' lang='lat' dir='ltr'><strong>sacro</strong></span> <span class='ocrx_word' id='word_1_217' title='bbox 745 2727 913 2782; x_wconf 92' lang='lat' dir='ltr'><strong>choro</strong></span> <span class='ocrx_word' id='word_1_218' title='bbox 940 2731 1278 2782; x_wconf 84' lang='lat' dir='ltr'><strong>secrevisset.</strong></span> <span class='ocrx_word' id='word_1_219' title='bbox 1311 2728 1658 2784; x_wconf 81' lang='lat' dir='ltr'><strong>Extrinsecus</strong></span> <span class='ocrx_word' id='word_1_220' title='bbox 1686 2729 1808 2798; x_wconf 92' lang='lat' dir='ltr'><strong>qui-</strong></span> 
     </span>
    </p>
   </div>
   <div class='ocr_carea' id='block_1_28' title="bbox 221 2819 1806 2890">
    <p class='ocr_par' dir='ltr' id='par_1_28' title="bbox 221 2819 1806 2890">
     <span class='ocr_line' id='line_1_28' title="bbox 221 2819 1806 2890; baseline 0.003 -17"><span class='ocrx_word' id='word_1_221' title='bbox 221 2820 344 2875; x_wconf 87' lang='lat' dir='ltr'><strong>dem</strong></span> <span class='ocrx_word' id='word_1_222' title='bbox 370 2833 494 2874; x_wconf 89' lang='lat' dir='ltr'><strong>tunc</strong></span> <span class='ocrx_word' id='word_1_223' title='bbox 514 2821 775 2883; x_wconf 86' lang='lat' dir='ltr'><strong>tentabat,</strong></span> <span class='ocrx_word' id='word_1_224' title='bbox 796 2819 890 2874; x_wconf 90' lang='lat' dir='ltr'><strong>sed</strong></span> <span class='ocrx_word' id='word_1_225' title='bbox 923 2819 1066 2873; x_wconf 89' lang='lat' dir='ltr'><strong>intus</strong></span> <span class='ocrx_word' id='word_1_226' title='bbox 1090 2820 1391 2890; x_wconf 87' lang='lat' dir='ltr'><strong>irrumpere</strong></span> <span class='ocrx_word' id='word_1_227' title='bbox 1415 2836 1519 2875; x_wconf 93' lang='lat' dir='ltr'><strong>non</strong></span> <span class='ocrx_word' id='word_1_228' title='bbox 1542 2820 1806 2878; x_wconf 75' lang='lat' dir='ltr'><strong>audebat:</strong></span> 
     </span>
    </p>
   </div>
   <div class='ocr_carea' id='block_1_29' title="bbox 224 2910 1808 2981">
    <p class='ocr_par' dir='ltr' id='par_1_29' title="bbox 224 2910 1808 2981">
     <span class='ocr_line' id='line_1_29' title="bbox 224 2910 1808 2981; baseline 0.003 -19"><span class='ocrx_word' id='word_1_229' title='bbox 224 2921 507 2981; x_wconf 81' lang='lat' dir='ltr'><strong>postquam</strong></span> <span class='ocrx_word' id='word_1_230' title='bbox 567 2925 696 2965; x_wconf 90' lang='lat' dir='ltr'><strong>vero</strong></span> <span class='ocrx_word' id='word_1_231' title='bbox 742 2925 770 2962; x_wconf 87' lang='lat' dir='ltr'><strong>a</strong></span> <span class='ocrx_word' id='word_1_232' title='bbox 823 2925 978 2964; x_wconf 91' lang='lat' dir='ltr'><strong>sacro</strong></span> <span class='ocrx_word' id='word_1_233' title='bbox 1030 2910 1123 2964; x_wconf 92' lang='lat' dir='ltr'><strong>illo</strong></span> <span class='ocrx_word' id='word_1_234' title='bbox 1164 2925 1327 2980; x_wconf 84' lang='lat' dir='ltr'><strong>grege</strong></span> <span class='ocrx_word' id='word_1_235' title='bbox 1380 2910 1676 2966; x_wconf 89' lang='lat' dir='ltr'><strong>abscissum</strong></span> <span class='ocrx_word' id='word_1_236' title='bbox 1727 2913 1808 2967; x_wconf 82' lang='lat' dir='ltr'><strong>vi-</strong></span> 
     </span>
    </p>
   </div>
   <div class='ocr_carea' id='block_1_30' title="bbox 221 2999 1809 3073">
    <p class='ocr_par' dir='ltr' id='par_1_30' title="bbox 221 2999 1809 3073">
     <span class='ocr_line' id='line_1_30' title="bbox 221 2999 1809 3073; baseline 0.001 -17"><span class='ocrx_word' id='word_1_237' title='bbox 221 3003 324 3066; x_wconf 79' lang='lat' dir='ltr'><strong>dit,</strong></span> <span class='ocrx_word' id='word_1_238' title='bbox 356 3001 543 3070; x_wconf 81' lang='lat' dir='ltr'><strong>quovis</strong></span> <span class='ocrx_word' id='word_1_239' title='bbox 572 3000 695 3071; x_wconf 90' lang='lat' dir='ltr'><strong>lupo</strong></span> <span class='ocrx_word' id='word_1_240' title='bbox 741 2999 1110 3055; x_wconf 87' lang='lat' dir='ltr'><strong>vehementius</strong></span> <span class='ocrx_word' id='word_1_241' title='bbox 1150 3001 1407 3068; x_wconf 89' lang='lat' dir='ltr'><strong>impetum</strong></span> <span class='ocrx_word' id='word_1_242' title='bbox 1439 3001 1600 3067; x_wconf 83' lang='lat' dir='ltr'><strong>fecit;</strong></span> <span class='ocrx_word' id='word_1_243' title='bbox 1635 3017 1809 3073; x_wconf 88' lang='lat' dir='ltr'><strong>neque</strong></span> 
     </span>
    </p>
   </div>
   <div class='ocr_carea' id='block_1_31' title="bbox 220 3091 1804 3162">
    <p class='ocr_par' dir='ltr' id='par_1_31' title="bbox 220 3091 1804 3162">
     <span class='ocr_line' id='line_1_31' title="bbox 220 3091 1804 3162; baseline 0.001 -16"><span class='ocrx_word' id='word_1_244' title='bbox 220 3102 348 3146; x_wconf 80' lang='lat' dir='ltr'><strong>ante</strong></span> <span class='ocrx_word' id='word_1_245' title='bbox 388 3092 615 3157; x_wconf 87' lang='lat' dir='ltr'><strong>destitit,</strong></span> <span class='ocrx_word' id='word_1_246' title='bbox 655 3107 815 3162; x_wconf 88' lang='lat' dir='ltr'><strong>quam</strong></span> <span class='ocrx_word' id='word_1_247' title='bbox 864 3091 1014 3146; x_wconf 92' lang='lat' dir='ltr'><strong>illum</strong></span> <span class='ocrx_word' id='word_1_248' title='bbox 1060 3092 1258 3162; x_wconf 89' lang='lat' dir='ltr'><strong>duplici</strong></span> <span class='ocrx_word' id='word_1_249' title='bbox 1309 3103 1482 3148; x_wconf 89' lang='lat' dir='ltr'><strong>morte</strong></span> <span class='ocrx_word' id='word_1_250' title='bbox 1527 3102 1804 3149; x_wconf 89' lang='lat' dir='ltr'><strong>mactaret.</strong></span> 
     </span>
    </p>
   </div>
   <div class='ocr_carea' id='block_1_32' title="bbox 222 3183 1805 3256">
    <p class='ocr_par' dir='ltr' id='par_1_32' title="bbox 222 3183 1805 3256">
     <span class='ocr_line' id='line_1_32' title="bbox 222 3183 1805 3256; baseline 0.002 -18"><span class='ocrx_word' id='word_1_251' title='bbox 222 3184 351 3240; x_wconf 68' lang='lat' dir='ltr'><strong>“me</strong></span> <span class='ocrx_word' id='word_1_252' title='bbox 371 3185 434 3239; x_wconf 89' lang='lat' dir='ltr'><strong>ad</strong></span> <span class='ocrx_word' id='word_1_253' title='bbox 463 3196 702 3240; x_wconf 90' lang='lat' dir='ltr'><strong>nostram</strong></span> <span class='ocrx_word' id='word_1_254' title='bbox 733 3183 1092 3239; x_wconf 90' lang='lat' dir='ltr'><strong>eruditionem</strong></span> <span class='ocrx_word' id='word_1_255' title='bbox 1122 3194 1246 3239; x_wconf 92' lang='lat' dir='ltr'><strong>sunt</strong></span> <span class='ocrx_word' id='word_1_256' title='bbox 1271 3186 1490 3254; x_wconf 89' lang='lat' dir='ltr'><strong>scripta.</strong></span> <span class='ocrx_word' id='word_1_257' title='bbox 1523 3186 1652 3240; x_wconf 87' lang='lat' dir='ltr'><strong>Nam</strong></span> <span class='ocrx_word' id='word_1_258' title='bbox 1680 3186 1805 3256; x_wconf 90' lang='lat' dir='ltr'><strong>quid</strong></span> 
     </span>
    </p>
   </div>
   <div class='ocr_carea' id='block_1_33' title="bbox 222 3274 1806 3336">
    <p class='ocr_par' dir='ltr' id='par_1_33' title="bbox 222 3274 1806 3336">
     <span class='ocr_line' id='line_1_33' title="bbox 222 3274 1806 3336; baseline 0.002 -6"><span class='ocrx_word' id='word_1_259' title='bbox 222 3277 364 3330; x_wconf 86' lang='lat' dir='ltr'><strong>lucri</strong></span> <span class='ocrx_word' id='word_1_260' title='bbox 393 3277 462 3331; x_wconf 91' lang='lat' dir='ltr'><strong>sit</strong></span> <span class='ocrx_word' id='word_1_261' title='bbox 490 3277 702 3330; x_wconf 88' lang='lat' dir='ltr'><strong>novisse</strong></span> <span class='ocrx_word' id='word_1_262' title='bbox 725 3274 1021 3336; x_wconf 87' lang='lat' dir='ltr'><strong>Christum,</strong></span> <span class='ocrx_word' id='word_1_263' title='bbox 1051 3276 1120 3330; x_wconf 89' lang='lat' dir='ltr'><strong>ab</strong></span> <span class='ocrx_word' id='word_1_264' title='bbox 1151 3291 1259 3329; x_wconf 92' lang='lat' dir='ltr'><strong>uno</strong></span> <span class='ocrx_word' id='word_1_265' title='bbox 1286 3291 1352 3331; x_wconf 81' lang='lat' dir='ltr'><strong>ex</strong></span> <span class='ocrx_word' id='word_1_266' title='bbox 1381 3276 1662 3332; x_wconf 87' lang='lat' dir='ltr'><strong>duodecim</strong></span> <span class='ocrx_word' id='word_1_267' title='bbox 1687 3293 1806 3333; x_wconf 89' lang='lat' dir='ltr'><strong>esse</strong></span> 
     </span>
    </p>
   </div>
   <div class='ocr_carea' id='block_1_34' title="bbox 219 3367 1802 3439">
    <p class='ocr_par' dir='ltr' id='par_1_34' title="bbox 219 3367 1802 3439">
     <span class='ocr_line' id='line_1_34' title="bbox 219 3367 1802 3439; baseline 0.002 -17"><span class='ocrx_word' id='word_1_268' title='bbox 219 3368 494 3439; x_wconf 80' lang='lat' dir='ltr'><strong>proditum</strong></span> <span class='ocrx_word' id='word_1_269' title='bbox 508 3368 532 3419; x_wconf 77' lang='grc'><strong>7</strong></span> <span class='ocrx_word' id='word_1_270' title='bbox 548 3367 739 3437; x_wconf 87' lang='lat' dir='ltr'><strong>ecquid</strong></span> <span class='ocrx_word' id='word_1_271' title='bbox 764 3367 1132 3432; x_wconf 85' lang='lat' dir='ltr'><strong>emolumenti,</strong></span> <span class='ocrx_word' id='word_1_272' title='bbox 1149 3381 1316 3438; x_wconf 88' lang='lat' dir='ltr'><strong>ecqua</strong></span> <span class='ocrx_word' id='word_1_273' title='bbox 1338 3367 1574 3422; x_wconf 86' lang='lat' dir='ltr'><strong>utilitas?</strong></span> <span class='ocrx_word' id='word_1_274' title='bbox 1594 3369 1802 3439; x_wconf 85' lang='lat' dir='ltr'><strong>Magna,</strong></span> 
     </span>
    </p>
   </div>
   <div class='ocr_carea' id='block_1_35' title="bbox 221 3459 1805 3530">
    <p class='ocr_par' dir='ltr' id='par_1_35' title="bbox 221 3459 1805 3530">
     <span class='ocr_line' id='line_1_35' title="bbox 221 3459 1805 3530; baseline 0.001 -15"><span class='ocrx_word' id='word_1_275' title='bbox 221 3461 586 3530; x_wconf 80' lang='lat' dir='ltr'><strong>respondebo.</strong></span> <span class='ocrx_word' id='word_1_276' title='bbox 615 3461 826 3514; x_wconf 85' lang='lat' dir='ltr'><strong>Etenim</strong></span> <span class='ocrx_word' id='word_1_277' title='bbox 853 3474 974 3514; x_wconf 90' lang='lat' dir='ltr'><strong>cum</strong></span> <span class='ocrx_word' id='word_1_278' title='bbox 1005 3459 1373 3527; x_wconf 88' lang='lat' dir='ltr'><strong>didicerimus,</strong></span> <span class='ocrx_word' id='word_1_279' title='bbox 1398 3475 1500 3529; x_wconf 89' lang='lat' dir='ltr'><strong>qua</strong></span> <span class='ocrx_word' id='word_1_280' title='bbox 1529 3461 1620 3515; x_wconf 90' lang='lat' dir='ltr'><strong>ille</strong></span> <span class='ocrx_word' id='word_1_281' title='bbox 1643 3477 1805 3516; x_wconf 90' lang='lat' dir='ltr'><strong>causa</strong></span> 
     </span>
    </p>
   </div>
   <div class='ocr_carea' id='block_1_36' title="bbox 217 3552 1807 3622">
    <p class='ocr_par' dir='ltr' id='par_1_36' title="bbox 217 3552 1807 3622">
     <span class='ocr_line' id='line_1_36' title="bbox 217 3552 1807 3622; baseline 0.001 -16"><span class='ocrx_word' id='word_1_282' title='bbox 217 3553 486 3622; x_wconf 87' lang='lat' dir='ltr'><strong>impulsus</strong></span> <span class='ocrx_word' id='word_1_283' title='bbox 528 3553 627 3606; x_wconf 90' lang='lat' dir='ltr'><strong>hoc</strong></span> <span class='ocrx_word' id='word_1_284' title='bbox 656 3552 876 3607; x_wconf 79' lang='lat' dir='ltr'><strong>exitiale</strong></span> <span class='ocrx_word' id='word_1_285' title='bbox 902 3552 1182 3606; x_wconf 86' lang='lat' dir='ltr'><strong>consilium</strong></span> <span class='ocrx_word' id='word_1_286' title='bbox 1229 3553 1465 3621; x_wconf 87' lang='lat' dir='ltr'><strong>ceperit;</strong></span> <span class='ocrx_word' id='word_1_287' title='bbox 1497 3553 1807 3609; x_wconf 87' lang='lat' dir='ltr'><strong>cavebimus</strong></span> 
     </span>
    </p>
   </div>
   <div class='ocr_carea' id='block_1_37' title="bbox 218 3641 1807 3714">
    <p class='ocr_par' dir='ltr' id='par_1_37' title="bbox 218 3641 1807 3714">
     <span class='ocr_line' id='line_1_37' title="bbox 218 3641 1807 3714; baseline 0.002 -19"><span class='ocrx_word' id='word_1_288' title='bbox 218 3644 348 3712; x_wconf 72' lang='lat' dir='ltr'><strong>ipsi,</strong></span> <span class='ocrx_word' id='word_1_289' title='bbox 377 3659 442 3697; x_wconf 91' lang='lat' dir='ltr'><strong>ne</strong></span> <span class='ocrx_word' id='word_1_290' title='bbox 463 3643 529 3697; x_wconf 88' lang='lat' dir='ltr'><strong>ab</strong></span> <span class='ocrx_word' id='word_1_291' title='bbox 552 3642 734 3697; x_wconf 86' lang='lat' dir='ltr'><strong>eadem</strong></span> <span class='ocrx_word' id='word_1_292' title='bbox 767 3657 866 3696; x_wconf 89' lang='lat' dir='ltr'><strong>nos</strong></span> <span class='ocrx_word' id='word_1_293' title='bbox 893 3657 1102 3710; x_wconf 89' lang='lat' dir='ltr'><strong>quoque</strong></span> <span class='ocrx_word' id='word_1_294' title='bbox 1128 3641 1450 3699; x_wconf 73' lang='lat' dir='ltr'><strong>auferantur.</strong></span> <span class='ocrx_word' id='word_1_295' title='bbox 1469 3642 1622 3698; x_wconf 89' lang='lat' dir='ltr'><strong>Unde</strong></span> <span class='ocrx_word' id='word_1_296' title='bbox 1649 3645 1807 3714; x_wconf 90' lang='lat' dir='ltr'><strong>igitur</strong></span> 
     </span>
    </p>
   </div>
   <div class='ocr_carea' id='block_1_38' title="bbox 217 3734 1806 3800">
    <p class='ocr_par' dir='ltr' id='par_1_38' title="bbox 217 3734 1806 3800">
     <span class='ocr_line' id='line_1_38' title="bbox 217 3734 1806 3800; baseline 0.001 -11"><span class='ocrx_word' id='word_1_297' title='bbox 217 3736 313 3790; x_wconf 71' lang='lat' dir='ltr'><strong>ille</strong></span> <span class='ocrx_word' id='word_1_298' title='bbox 343 3735 450 3789; x_wconf 86' lang='lat' dir='ltr'><strong>huc</strong></span> <span class='ocrx_word' id='word_1_299' title='bbox 497 3751 556 3790; x_wconf 87' lang='lat' dir='ltr'><strong>se</strong></span> <span class='ocrx_word' id='word_1_300' title='bbox 597 3734 861 3790; x_wconf 80' lang='lat' dir='ltr'><strong>contulit?</strong></span> <span class='ocrx_word' id='word_1_301' title='bbox 909 3735 984 3789; x_wconf 79' lang='lat' dir='ltr'><strong>Ex</strong></span> <span class='ocrx_word' id='word_1_302' title='bbox 1017 3734 1278 3789; x_wconf 88' lang='lat' dir='ltr'><strong>avaritia:</strong></span> <span class='ocrx_word' id='word_1_303' title='bbox 1322 3735 1407 3789; x_wconf 91' lang='lat' dir='ltr'><strong>l&#39;ur</strong></span> <span class='ocrx_word' id='word_1_304' title='bbox 1435 3742 1572 3800; x_wconf 90' lang='lat' dir='ltr'><strong>erat,</strong></span> <span class='ocrx_word' id='word_1_305' title='bbox 1603 3745 1658 3791; x_wconf 90' lang='lat' dir='ltr'><strong>et</strong></span> <span class='ocrx_word' id='word_1_306' title='bbox 1706 3735 1806 3791; x_wconf 88' lang='lat' dir='ltr'><strong>hoc</strong></span> 
     </span>
    </p>
   </div>
   <div class='ocr_carea' id='block_1_39' title="bbox 219 3824 1804 3896">
    <p class='ocr_par' dir='ltr' id='par_1_39' title="bbox 219 3824 1804 3896">
     <span class='ocr_line' id='line_1_39' title="bbox 219 3824 1804 3896; baseline 0.001 -17"><span class='ocrx_word' id='word_1_307' title='bbox 219 3825 417 3879; x_wconf 85' lang='lat' dir='ltr'><strong>morbo</strong></span> <span class='ocrx_word' id='word_1_308' title='bbox 447 3825 517 3878; x_wconf 88' lang='lat' dir='ltr'><strong>ita</strong></span> <span class='ocrx_word' id='word_1_309' title='bbox 545 3827 728 3880; x_wconf 88' lang='lat' dir='ltr'><strong>ebrius</strong></span> <span class='ocrx_word' id='word_1_310' title='bbox 759 3824 880 3891; x_wconf 82' lang='lat' dir='ltr'><strong>fuit,</strong></span> <span class='ocrx_word' id='word_1_311' title='bbox 904 3833 961 3878; x_wconf 91' lang='lat' dir='ltr'><strong>ut</strong></span> <span class='ocrx_word' id='word_1_312' title='bbox 983 3825 1197 3894; x_wconf 86' lang='lat' dir='ltr'><strong>triginta</strong></span> <span class='ocrx_word' id='word_1_313' title='bbox 1230 3825 1497 3896; x_wconf 86' lang='lat' dir='ltr'><strong>argenteis</strong></span> <span class='ocrx_word' id='word_1_314' title='bbox 1524 3827 1804 3881; x_wconf 91' lang='lat' dir='ltr'><strong>Dominum</strong></span> 
     </span>
    </p>
   </div>
   <div class='ocr_carea' id='block_1_40' title="bbox 219 3915 1804 3989">
    <p class='ocr_par' dir='ltr' id='par_1_40' title="bbox 219 3915 1804 3989">
     <span class='ocr_line' id='line_1_40' title="bbox 219 3915 1804 3989; baseline 0.004 -21"><span class='ocrx_word' id='word_1_315' title='bbox 219 3915 512 3986; x_wconf 78' lang='lat' dir='ltr'><strong>prodiderit</strong></span> <span class='ocrx_word' id='word_1_316' title='bbox 525 3915 679 3982; x_wconf 88' lang='lat' dir='ltr'><strong>.Qttid</strong></span> <span class='ocrx_word' id='word_1_317' title='bbox 697 3915 795 3970; x_wconf 92' lang='lat' dir='ltr'><strong>hac</strong></span> <span class='ocrx_word' id='word_1_318' title='bbox 813 3916 1014 3969; x_wconf 90' lang='lat' dir='ltr'><strong>insania</strong></span> <span class='ocrx_word' id='word_1_319' title='bbox 1033 3915 1304 3970; x_wconf 88' lang='lat' dir='ltr'><strong>deteritts?</strong></span> <span class='ocrx_word' id='word_1_320' title='bbox 1321 3916 1572 3987; x_wconf 73' lang='lat' dir='ltr'><strong>Nihll‘par</strong></span> <span class='ocrx_word' id='word_1_321' title='bbox 1585 3920 1633 3973; x_wconf 91' lang='lat' dir='ltr'><strong>ei</strong></span> <span class='ocrx_word' id='word_1_322' title='bbox 1645 3935 1804 3989; x_wconf 88' lang='lat' dir='ltr'><strong>quem</strong></span> 
     </span>
    </p>
   </div>
   <div class='ocr_carea' id='block_1_41' title="bbox 222 4007 1804 4078">
    <p class='ocr_par' dir='ltr' id='par_1_41' title="bbox 222 4007 1804 4078">
     <span class='ocr_line' id='line_1_41' title="bbox 222 4007 1804 4078; baseline 0.003 -18"><span class='ocrx_word' id='word_1_323' title='bbox 222 4007 466 4069; x_wconf 85' lang='lat' dir='ltr'><strong>tradidit,</strong></span> <span class='ocrx_word' id='word_1_324' title='bbox 501 4008 628 4060; x_wconf 89' lang='lat' dir='ltr'><strong>nihil</strong></span> <span class='ocrx_word' id='word_1_325' title='bbox 658 4007 788 4060; x_wconf 85' lang='lat' dir='ltr'><strong>tanti</strong></span> <span class='ocrx_word' id='word_1_326' title='bbox 820 4024 834 4060; x_wconf 89' lang='lat'><strong>:</strong></span> <span class='ocrx_word' id='word_1_327' title='bbox 866 4007 948 4060; x_wconf 92' lang='lat' dir='ltr'><strong>cui</strong></span> <span class='ocrx_word' id='word_1_328' title='bbox 978 4017 1168 4078; x_wconf 86' lang='lat' dir='ltr'><strong>gentes</strong></span> <span class='ocrx_word' id='word_1_329' title='bbox 1190 4009 1233 4062; x_wconf 88' lang='lat' dir='ltr'><strong>si</strong></span> <span class='ocrx_word' id='word_1_330' title='bbox 1261 4007 1626 4075; x_wconf 78' lang='lat' dir='ltr'><strong>conferantur,</strong></span> <span class='ocrx_word' id='word_1_331' title='bbox 1655 4011 1804 4078; x_wconf 89' lang='lat' dir='ltr'><strong>quasi</strong></span> 
     </span>
    </p>
   </div>
   <div class='ocr_carea' id='block_1_42' title="bbox 221 4095 1804 4169">
    <p class='ocr_par' dir='ltr' id='par_1_42' title="bbox 221 4095 1804 4169">
     <span class='ocr_line' id='line_1_42' title="bbox 221 4095 1804 4169; baseline 0.002 -18"><span class='ocrx_word' id='word_1_332' title='bbox 221 4097 453 4152; x_wconf 85' lang='lat' dir='ltr'><strong>nihilum</strong></span> <span class='ocrx_word' id='word_1_333' title='bbox 501 4105 758 4165; x_wconf 62' lang='lat' dir='ltr'><strong>reputate</strong></span> <span class='ocrx_word' id='word_1_334' title='bbox 788 4107 913 4150; x_wconf 86' lang='lat' dir='ltr'><strong>sunt</strong></span> <span class='ocrx_word' id='word_1_335' title='bbox 941 4097 989 4152; x_wconf 93' lang='lat' dir='ltr'><strong>ei</strong></span> <span class='ocrx_word' id='word_1_336' title='bbox 1023 4095 1177 4168; x_wconf 86' lang='lat' dir='ltr'><strong>(lsai.</strong></span> <span class='ocrx_word' id='word_1_337' title='bbox 1205 4098 1295 4168; x_wconf 74' lang='grc'><strong>40)</strong></span> <span class='ocrx_word' id='word_1_338' title='bbox 1335 4117 1349 4154; x_wconf 88' lang='lat'><strong>:</strong></span> <span class='ocrx_word' id='word_1_339' title='bbox 1395 4099 1538 4154; x_wconf 89' lang='lat' dir='ltr'><strong>hunc</strong></span> <span class='ocrx_word' id='word_1_340' title='bbox 1593 4100 1804 4169; x_wconf 87' lang='lat' dir='ltr'><strong>triginta</strong></span> 
     </span>
    </p>
   </div>
   <div class='ocr_carea' id='block_1_43' title="bbox 219 4185 1804 4262">
    <p class='ocr_par' dir='ltr' id='par_1_43' title="bbox 219 4185 1804 4262">
     <span class='ocr_line' id='line_1_43' title="bbox 219 4185 1804 4262; baseline 0.003 -22"><span class='ocrx_word' id='word_1_341' title='bbox 219 4189 496 4256; x_wconf 76' lang='lat' dir='ltr'><strong>argenteis</strong></span> <span class='ocrx_word' id='word_1_342' title='bbox 524 4185 776 4256; x_wconf 89' lang='lat' dir='ltr'><strong>prodidit.</strong></span> <span class='ocrx_word' id='word_1_343' title='bbox 796 4185 989 4242; x_wconf 84' lang='lat' dir='ltr'><strong>Gravis</strong></span> <span class='ocrx_word' id='word_1_344' title='bbox 1011 4187 1152 4240; x_wconf 89' lang='lat' dir='ltr'><strong>enim</strong></span> <span class='ocrx_word' id='word_1_345' title='bbox 1175 4197 1256 4242; x_wconf 88' lang='lat' dir='ltr'><strong>est</strong></span> <span class='ocrx_word' id='word_1_346' title='bbox 1281 4190 1522 4243; x_wconf 68' lang='lat' dir='ltr'><strong>avaritim</strong></span> <span class='ocrx_word' id='word_1_347' title='bbox 1543 4191 1804 4262; x_wconf 86' lang='lat' dir='ltr'><strong>tyrannis,</strong></span> 
     </span>
    </p>
   </div>
   <div class='ocr_carea' id='block_1_44' title="bbox 221 4278 1806 4351">
    <p class='ocr_par' dir='ltr' id='par_1_44' title="bbox 221 4278 1806 4351">
     <span class='ocr_line' id='line_1_44' title="bbox 221 4278 1806 4351; baseline 0.005 -23"><span class='ocrx_word' id='word_1_348' title='bbox 221 4293 450 4347; x_wconf 63' lang='lat' dir='ltr'><strong>qumque</strong></span> <span class='ocrx_word' id='word_1_349' title='bbox 476 4279 709 4331; x_wconf 85' lang='lat' dir='ltr'><strong>animam</strong></span> <span class='ocrx_word' id='word_1_350' title='bbox 749 4278 814 4331; x_wconf 89' lang='lat' dir='ltr'><strong>dc</strong></span> <span class='ocrx_word' id='word_1_351' title='bbox 859 4294 959 4332; x_wconf 91' lang='lat' dir='ltr'><strong>suo</strong></span> <span class='ocrx_word' id='word_1_352' title='bbox 999 4287 1138 4332; x_wconf 89' lang='lat' dir='ltr'><strong>statu</strong></span> <span class='ocrx_word' id='word_1_353' title='bbox 1170 4278 1455 4335; x_wconf 89' lang='lat' dir='ltr'><strong>deturbare</strong></span> <span class='ocrx_word' id='word_1_354' title='bbox 1479 4290 1661 4351; x_wconf 89' lang='lat' dir='ltr'><strong>queat.</strong></span> <span class='ocrx_word' id='word_1_355' title='bbox 1690 4281 1806 4336; x_wconf 87' lang='lat' dir='ltr'><strong>Non</strong></span> 
     </span>
    </p>
   </div>
   <div class='ocr_carea' id='block_1_45' title="bbox 223 4367 1806 4442">
    <p class='ocr_par' dir='ltr' id='par_1_45' title="bbox 223 4367 1806 4442">
     <span class='ocr_line' id='line_1_45' title="bbox 223 4367 1806 4442; baseline 0.006 -23"><span class='ocrx_word' id='word_1_356' title='bbox 223 4368 448 4438; x_wconf 83' lang='lat' dir='ltr'><strong>perinde</strong></span> <span class='ocrx_word' id='word_1_357' title='bbox 477 4367 599 4437; x_wconf 89' lang='lat' dir='ltr'><strong>quis</strong></span> <span class='ocrx_word' id='word_1_358' title='bbox 625 4383 689 4422; x_wconf 80' lang='lat' dir='ltr'><strong>ex</strong></span> <span class='ocrx_word' id='word_1_359' title='bbox 716 4369 978 4423; x_wconf 85' lang='lat' dir='ltr'><strong>ebrietate</strong></span> <span class='ocrx_word' id='word_1_360' title='bbox 1007 4369 1228 4423; x_wconf 91' lang='lat' dir='ltr'><strong>demens</strong></span> <span class='ocrx_word' id='word_1_361' title='bbox 1259 4370 1522 4437; x_wconf 87' lang='lat' dir='ltr'><strong>redditur,</strong></span> <span class='ocrx_word' id='word_1_362' title='bbox 1555 4381 1714 4442; x_wconf 87' lang='lat' dir='ltr'><strong>atque</strong></span> <span class='ocrx_word' id='word_1_363' title='bbox 1741 4389 1806 4428; x_wconf 77' lang='lat' dir='ltr'><strong>ex</strong></span> 
     </span>
    </p>
   </div>
   <div class='ocr_carea' id='block_1_46' title="bbox 222 4459 1808 4534">
    <p class='ocr_par' dir='ltr' id='par_1_46' title="bbox 222 4459 1808 4534">
     <span class='ocr_line' id='line_1_46' title="bbox 222 4459 1808 4534; baseline 0.006 -23"><span class='ocrx_word' id='word_1_364' title='bbox 222 4459 479 4520; x_wconf 83' lang='lat' dir='ltr'><strong>avaritia;</strong></span> <span class='ocrx_word' id='word_1_365' title='bbox 515 4473 620 4511; x_wconf 93' lang='lat' dir='ltr'><strong>non</strong></span> <span class='ocrx_word' id='word_1_366' title='bbox 662 4475 812 4528; x_wconf 67' lang='lat' dir='ltr'><strong>teque</strong></span> <span class='ocrx_word' id='word_1_367' title='bbox 851 4475 914 4514; x_wconf 79' lang='lat' dir='ltr'><strong>ex</strong></span> <span class='ocrx_word' id='word_1_368' title='bbox 959 4461 1164 4514; x_wconf 90' lang='lat' dir='ltr'><strong>insania</strong></span> <span class='ocrx_word' id='word_1_369' title='bbox 1195 4477 1258 4515; x_wconf 89' lang='lat' dir='ltr'><strong>ac</strong></span> <span class='ocrx_word' id='word_1_370' title='bbox 1281 4473 1523 4532; x_wconf 87' lang='lat' dir='ltr'><strong>stupore,</strong></span> <span class='ocrx_word' id='word_1_371' title='bbox 1555 4473 1715 4534; x_wconf 88' lang='lat' dir='ltr'><strong>atque</strong></span> <span class='ocrx_word' id='word_1_372' title='bbox 1741 4480 1808 4520; x_wconf 78' lang='lat' dir='ltr'><strong>ex</strong></span> 
     </span>
    </p>
   </div>
   <div class='ocr_carea' id='block_1_47' title="bbox 220 4548 1809 4619">
    <p class='ocr_par' dir='ltr' id='par_1_47' title="bbox 220 4548 1809 4619">
     <span class='ocr_line' id='line_1_47' title="bbox 220 4548 1809 4619; baseline 0.005 -17"><span class='ocrx_word' id='word_1_373' title='bbox 220 4549 432 4617; x_wconf 80' lang='lat' dir='ltr'><strong>argenti</strong></span> <span class='ocrx_word' id='word_1_374' title='bbox 455 4548 768 4618; x_wconf 80' lang='lat' dir='ltr'><strong>cupiditate.</strong></span> <span class='ocrx_word' id='word_1_375' title='bbox 804 4549 1006 4619; x_wconf 82' lang='lat' dir='ltr'><strong>Ecquid</strong></span> <span class='ocrx_word' id='word_1_376' title='bbox 1037 4550 1181 4606; x_wconf 90' lang='lat' dir='ltr'><strong>enim</strong></span> <span class='ocrx_word' id='word_1_377' title='bbox 1209 4552 1355 4607; x_wconf 85' lang='lat' dir='ltr'><strong>aliud</strong></span> <span class='ocrx_word' id='word_1_378' title='bbox 1382 4567 1558 4608; x_wconf 82' lang='lat' dir='ltr'><strong>causa:</strong></span> <span class='ocrx_word' id='word_1_379' title='bbox 1582 4553 1696 4618; x_wconf 79' lang='lat' dir='ltr'><strong>fuit,</strong></span> <span class='ocrx_word' id='word_1_380' title='bbox 1722 4555 1809 4610; x_wconf 89' lang='lat' dir='ltr'><strong>die</strong></span> 
     </span>
    </p>
   </div>
   <div class='ocr_carea' id='block_1_48' title="bbox 221 4641 1810 4716">
    <p class='ocr_par' dir='ltr' id='par_1_48' title="bbox 221 4641 1810 4716">
     <span class='ocr_line' id='line_1_48' title="bbox 221 4641 1810 4716; baseline 0.004 -21"><span class='ocrx_word' id='word_1_381' title='bbox 221 4642 378 4701; x_wconf 86' lang='lat' dir='ltr'><strong>mihi,</strong></span> <span class='ocrx_word' id='word_1_382' title='bbox 407 4650 464 4694; x_wconf 91' lang='lat' dir='ltr'><strong>ut</strong></span> <span class='ocrx_word' id='word_1_383' title='bbox 489 4642 790 4710; x_wconf 77' lang='lat' dir='ltr'><strong>prodet-es?</strong></span> <span class='ocrx_word' id='word_1_384' title='bbox 836 4641 1136 4698; x_wconf 90' lang='lat' dir='ltr'><strong>Obscurum</strong></span> <span class='ocrx_word' id='word_1_385' title='bbox 1169 4655 1330 4714; x_wconf 87' lang='lat' dir='ltr'><strong>atque</strong></span> <span class='ocrx_word' id='word_1_386' title='bbox 1359 4647 1598 4716; x_wconf 87' lang='lat' dir='ltr'><strong>ignotum</strong></span> <span class='ocrx_word' id='word_1_387' title='bbox 1632 4655 1686 4702; x_wconf 88' lang='lat' dir='ltr'><strong>te</strong></span> <span class='ocrx_word' id='word_1_388' title='bbox 1719 4664 1810 4702; x_wconf 88' lang='lat' dir='ltr'><strong>vo-</strong></span> 
     </span>
    </p>
   </div>
   <div class='ocr_carea' id='block_1_49' title="bbox 222 4733 1810 4804">
    <p class='ocr_par' dir='ltr' id='par_1_49' title="bbox 222 4733 1810 4804">
     <span class='ocr_line' id='line_1_49' title="bbox 222 4733 1810 4804; baseline 0.003 -16"><span class='ocrx_word' id='word_1_389' title='bbox 222 4733 383 4795; x_wconf 78' lang='lat' dir='ltr'><strong>cavit,</strong></span> <span class='ocrx_word' id='word_1_390' title='bbox 422 4749 696 4804; x_wconf 87' lang='lat' dir='ltr'><strong>unumque</strong></span> <span class='ocrx_word' id='word_1_391' title='bbox 735 4750 801 4788; x_wconf 81' lang='lat' dir='ltr'><strong>ex</strong></span> <span class='ocrx_word' id='word_1_392' title='bbox 839 4735 1120 4790; x_wconf 88' lang='lat' dir='ltr'><strong>duodecim</strong></span> <span class='ocrx_word' id='word_1_393' title='bbox 1155 4735 1282 4791; x_wconf 80' lang='lat' dir='ltr'><strong>fecit</strong></span> <span class='ocrx_word' id='word_1_394' title='bbox 1313 4756 1326 4789; x_wconf 87' lang='lat'><strong>:</strong></span> <span class='ocrx_word' id='word_1_395' title='bbox 1360 4737 1661 4792; x_wconf 80' lang='lat' dir='ltr'><strong>doctrinam</strong></span> <span class='ocrx_word' id='word_1_396' title='bbox 1710 4739 1810 4793; x_wconf 89' lang='lat' dir='ltr'><strong>im-</strong></span> 
     </span>
    </p>
   </div>
   <div class='ocr_carea' id='block_1_50' title="bbox 222 4825 1806 4896">
    <p class='ocr_par' dir='ltr' id='par_1_50' title="bbox 222 4825 1806 4896">
     <span class='ocr_line' id='line_1_50' title="bbox 222 4825 1806 4896; baseline 0.006 -19"><span class='ocrx_word' id='word_1_397' title='bbox 222 4825 461 4892; x_wconf 72' lang='lat' dir='ltr'><strong>pertivit,</strong></span> <span class='ocrx_word' id='word_1_398' title='bbox 513 4825 920 4879; x_wconf 86' lang='lat' dir='ltr'><strong>innumerabilia</strong></span> <span class='ocrx_word' id='word_1_399' title='bbox 971 4827 1107 4881; x_wconf 88' lang='lat' dir='ltr'><strong>bona</strong></span> <span class='ocrx_word' id='word_1_400' title='bbox 1153 4829 1417 4896; x_wconf 88' lang='lat' dir='ltr'><strong>promisit.</strong></span> <span class='ocrx_word' id='word_1_401' title='bbox 1451 4839 1509 4883; x_wconf 88' lang='grc' dir='ltr'><strong>ιιι</strong></span> <span class='ocrx_word' id='word_1_402' title='bbox 1552 4832 1806 4886; x_wconf 89' lang='lat' dir='ltr'><strong>miracula</strong></span> 
     </span>
    </p>
   </div>
   <div class='ocr_carea' id='block_1_51' title="bbox 223 4914 1812 4990">
    <p class='ocr_par' dir='ltr' id='par_1_51' title="bbox 223 4914 1812 4990">
     <span class='ocr_line' id='line_1_51' title="bbox 223 4914 1812 4990; baseline 0.005 -22"><span class='ocrx_word' id='word_1_403' title='bbox 223 4915 416 4970; x_wconf 82' lang='lat' dir='ltr'><strong>edercs</strong></span> <span class='ocrx_word' id='word_1_404' title='bbox 463 4914 644 4968; x_wconf 78' lang='lat' dir='ltr'><strong>effecit</strong></span> <span class='ocrx_word' id='word_1_405' title='bbox 676 4933 689 4968; x_wconf 91' lang='lat'><strong>:</strong></span> <span class='ocrx_word' id='word_1_406' title='bbox 733 4930 953 4980; x_wconf 63' lang='lat' dir='ltr'><strong>mensa),</strong></span> <span class='ocrx_word' id='word_1_407' title='bbox 989 4916 1269 4982; x_wconf 91' lang='lat' dir='ltr'><strong>itinerum,</strong></span> <span class='ocrx_word' id='word_1_408' title='bbox 1316 4919 1590 4990; x_wconf 90' lang='lat' dir='ltr'><strong>colloquii,</strong></span> <span class='ocrx_word' id='word_1_409' title='bbox 1621 4931 1812 4976; x_wconf 77' lang='lat' dir='ltr'><strong>contu-</strong></span> 
     </span>
    </p>
   </div>
   <div class='ocr_carea' id='block_1_52' title="bbox 222 5007 1809 5081">
    <p class='ocr_par' dir='ltr' id='par_1_52' title="bbox 222 5007 1809 5081">
     <span class='ocr_line' id='line_1_52' title="bbox 222 5007 1809 5081; baseline 0.004 -21"><span class='ocrx_word' id='word_1_410' title='bbox 222 5007 421 5072; x_wconf 85' lang='lat' dir='ltr'><strong>bernii,</strong></span> <span class='ocrx_word' id='word_1_411' title='bbox 443 5021 624 5060; x_wconf 90' lang='lat' dir='ltr'><strong>rerum</strong></span> <span class='ocrx_word' id='word_1_412' title='bbox 647 5007 883 5059; x_wconf 89' lang='lat' dir='ltr'><strong>omnium</strong></span> <span class='ocrx_word' id='word_1_413' title='bbox 911 5024 1060 5076; x_wconf 74' lang='lat' dir='ltr'><strong>reque</strong></span> <span class='ocrx_word' id='word_1_414' title='bbox 1085 5023 1147 5062; x_wconf 92' lang='lat' dir='ltr'><strong>ac</strong></span> <span class='ocrx_word' id='word_1_415' title='bbox 1167 5011 1347 5064; x_wconf 73' lang='lat' dir='ltr'><strong>cmtcri</strong></span> <span class='ocrx_word' id='word_1_416' title='bbox 1372 5012 1640 5081; x_wconf 87' lang='lat' dir='ltr'><strong>particeps</strong></span> <span class='ocrx_word' id='word_1_417' title='bbox 1667 5028 1809 5066; x_wconf 90' lang='lat' dir='ltr'><strong>eras.</strong></span> 
     </span>
    </p>
   </div>
   <div class='ocr_carea' id='block_1_53' title="bbox 223 5097 1809 5172">
    <p class='ocr_par' dir='ltr' id='par_1_53' title="bbox 223 5097 1809 5172">
     <span class='ocr_line' id='line_1_53' title="bbox 223 5097 1809 5172; baseline 0.003 -20"><span class='ocrx_word' id='word_1_418' title='bbox 223 5098 480 5152; x_wconf 73' lang='lat' dir='ltr'><strong>llzecciue</strong></span> <span class='ocrx_word' id='word_1_419' title='bbox 500 5098 633 5150; x_wconf 81' lang='lat' dir='ltr'><strong>satis</strong></span> <span class='ocrx_word' id='word_1_420' title='bbox 661 5113 766 5150; x_wconf 92' lang='lat' dir='ltr'><strong>non</strong></span> <span class='ocrx_word' id='word_1_421' title='bbox 798 5097 1011 5152; x_wconf 80' lang='lat' dir='ltr'><strong>fuerunt</strong></span> <span class='ocrx_word' id='word_1_422' title='bbox 1042 5115 1162 5168; x_wconf 76' lang='lat' dir='ltr'><strong>qua:</strong></span> <span class='ocrx_word' id='word_1_423' title='bbox 1193 5109 1245 5154; x_wconf 88' lang='lat' dir='ltr'><strong>te</strong></span> <span class='ocrx_word' id='word_1_424' title='bbox 1267 5102 1622 5156; x_wconf 88' lang='lat' dir='ltr'><strong>cohiberent?</strong></span> <span class='ocrx_word' id='word_1_425' title='bbox 1653 5119 1809 5172; x_wconf 91' lang='lat' dir='ltr'><strong>quam</strong></span> 
     </span>
    </p>
   </div>
   <div class='ocr_carea' id='block_1_54' title="bbox 220 5187 1815 5263">
    <p class='ocr_par' dir='ltr' id='par_1_54' title="bbox 220 5187 1815 5263">
     <span class='ocr_line' id='line_1_54' title="bbox 220 5187 1815 5263; baseline 0.004 -21"><span class='ocrx_word' id='word_1_426' title='bbox 220 5190 390 5258; x_wconf 82' lang='lat' dir='ltr'><strong>igitur</strong></span> <span class='ocrx_word' id='word_1_427' title='bbox 409 5187 484 5240; x_wconf 91' lang='lat' dir='ltr'><strong>ob</strong></span> <span class='ocrx_word' id='word_1_428' title='bbox 508 5202 719 5242; x_wconf 83' lang='lat' dir='ltr'><strong>causam</strong></span> <span class='ocrx_word' id='word_1_429' title='bbox 752 5189 1073 5257; x_wconf 82' lang='lat' dir='ltr'><strong>prodidisti?</strong></span> <span class='ocrx_word' id='word_1_430' title='bbox 1107 5190 1235 5259; x_wconf 90' lang='lat' dir='ltr'><strong>quid</strong></span> <span class='ocrx_word' id='word_1_431' title='bbox 1265 5190 1488 5253; x_wconf 86' lang='lat' dir='ltr'><strong>habens,</strong></span> <span class='ocrx_word' id='word_1_432' title='bbox 1513 5194 1651 5262; x_wconf 91' lang='lat' dir='ltr'><strong>quod</strong></span> <span class='ocrx_word' id='word_1_433' title='bbox 1682 5209 1815 5263; x_wconf 90' lang='lat' dir='ltr'><strong>que-</strong></span> 
     </span>
    </p>
   </div>
   <div class='ocr_carea' id='block_1_55' title="bbox 221 5277 1813 5350">
    <p class='ocr_par' dir='ltr' id='par_1_55' title="bbox 221 5277 1813 5350">
     <span class='ocr_line' id='line_1_55' title="bbox 221 5277 1813 5350; baseline 0.003 -19"><span class='ocrx_word' id='word_1_434' title='bbox 221 5279 383 5341; x_wconf 80' lang='lat' dir='ltr'><strong>raris,</strong></span> <span class='ocrx_word' id='word_1_435' title='bbox 409 5277 673 5333; x_wconf 85' lang='lat' dir='ltr'><strong>sceleste?</strong></span> <span class='ocrx_word' id='word_1_436' title='bbox 702 5279 787 5333; x_wconf 88' lang='lat' dir='ltr'><strong>vel</strong></span> <span class='ocrx_word' id='word_1_437' title='bbox 829 5280 1006 5347; x_wconf 86' lang='lat' dir='ltr'><strong>potius</strong></span> <span class='ocrx_word' id='word_1_438' title='bbox 1028 5281 1278 5350; x_wconf 87' lang='lat' dir='ltr'><strong>quoniam</strong></span> <span class='ocrx_word' id='word_1_439' title='bbox 1303 5282 1567 5337; x_wconf 84' lang='lat' dir='ltr'><strong>beneﬁcio</strong></span> <span class='ocrx_word' id='word_1_440' title='bbox 1592 5282 1813 5337; x_wconf 71' lang='lat' dir='ltr'><strong>allectus</strong></span> 
     </span>
    </p>
   </div>
   <div class='ocr_carea' id='block_1_56' title="bbox 221 5371 1814 5440">
    <p class='ocr_par' dir='ltr' id='par_1_56' title="bbox 221 5371 1814 5440">
     <span class='ocr_line' id='line_1_56' title="bbox 221 5371 1814 5440; baseline 0.004 -16"><span class='ocrx_word' id='word_1_441' title='bbox 221 5387 325 5425; x_wconf 87' lang='lat' dir='ltr'><strong>non</strong></span> <span class='ocrx_word' id='word_1_442' title='bbox 383 5371 600 5425; x_wconf 80' lang='lat' dir='ltr'><strong>fueras?</strong></span> <span class='ocrx_word' id='word_1_443' title='bbox 641 5371 881 5426; x_wconf 84' lang='lat' dir='ltr'><strong>Noverat</strong></span> <span class='ocrx_word' id='word_1_444' title='bbox 930 5384 1163 5427; x_wconf 89' lang='lat' dir='ltr'><strong>mentem</strong></span> <span class='ocrx_word' id='word_1_445' title='bbox 1219 5383 1400 5440; x_wconf 90' lang='lat' dir='ltr'><strong>tuam;</strong></span> <span class='ocrx_word' id='word_1_446' title='bbox 1459 5389 1563 5429; x_wconf 90' lang='lat' dir='ltr'><strong>non</strong></span> <span class='ocrx_word' id='word_1_447' title='bbox 1607 5374 1814 5430; x_wconf 82' lang='lat' dir='ltr'><strong>destitit</strong></span> 
     </span>
    </p>
   </div>
   <div class='ocr_carea' id='block_1_57' title="bbox 225 5466 1814 5535">
    <p class='ocr_par' dir='ltr' id='par_1_57' title="bbox 225 5466 1814 5535">
     <span class='ocr_line' id='line_1_57' title="bbox 225 5466 1814 5535; baseline 0.008 -25"><span class='ocrx_word' id='word_1_448' title='bbox 225 5478 340 5532; x_wconf 63' lang='lat' dir='ltr'><strong>quae</strong></span> <span class='ocrx_word' id='word_1_449' title='bbox 370 5478 470 5516; x_wconf 82' lang='lat' dir='ltr'><strong>sua</strong></span> <span class='ocrx_word' id='word_1_450' title='bbox 518 5473 671 5517; x_wconf 84' lang='lat' dir='ltr'><strong>erant</strong></span> <span class='ocrx_word' id='word_1_451' title='bbox 715 5473 1000 5534; x_wconf 60' lang='lat' dir='ltr'><strong>priestare;</strong></span> <span class='ocrx_word' id='word_1_452' title='bbox 1043 5480 1184 5535; x_wconf 61' lang='lat' dir='ltr'><strong>sa&#39;pe</strong></span> <span class='ocrx_word' id='word_1_453' title='bbox 1225 5467 1377 5530; x_wconf 79' lang='lat' dir='ltr'><strong>dixit,</strong></span> <span class='ocrx_word' id='word_1_454' title='bbox 1416 5466 1564 5522; x_wconf 82' lang='lat' dir='ltr'><strong>Unus</strong></span> <span class='ocrx_word' id='word_1_455' title='bbox 1587 5485 1652 5522; x_wconf 75' lang='lat' dir='ltr'><strong>ea:</strong></span> <span class='ocrx_word' id='word_1_456' title='bbox 1676 5469 1814 5523; x_wconf 84' lang='lat' dir='ltr'><strong>vobis</strong></span> 
     </span>
    </p>
   </div>
   <div class='ocr_carea' id='block_1_58' title="bbox 227 5553 1814 5626">
    <p class='ocr_par' dir='ltr' id='par_1_58' title="bbox 227 5553 1814 5626">
     <span class='ocr_line' id='line_1_58' title="bbox 227 5553 1814 5626; baseline 0.006 -20"><span class='ocrx_word' id='word_1_457' title='bbox 227 5554 387 5607; x_wconf 78' lang='lat' dir='ltr'><strong>tradet</strong></span> <span class='ocrx_word' id='word_1_458' title='bbox 416 5570 497 5607; x_wconf 79' lang='lat' dir='ltr'><strong>me</strong></span> <span class='ocrx_word' id='word_1_459' title='bbox 525 5553 743 5624; x_wconf 73' lang='lat' dir='ltr'><strong>(Matth.</strong></span> <span class='ocrx_word' id='word_1_460' title='bbox 770 5555 862 5610; x_wconf 73' lang='grc'><strong>26.</strong></span> <span class='ocrx_word' id='word_1_461' title='bbox 891 5556 1022 5624; x_wconf 71' lang='lat'><strong>2|);</strong></span> <span class='ocrx_word' id='word_1_462' title='bbox 1066 5571 1212 5626; x_wconf 60' lang='lat' dir='ltr'><strong>sa&#39;pe</strong></span> <span class='ocrx_word' id='word_1_463' title='bbox 1242 5558 1467 5624; x_wconf 89' lang='lat' dir='ltr'><strong>notavit,</strong></span> <span class='ocrx_word' id='word_1_464' title='bbox 1505 5574 1570 5614; x_wconf 85' lang='lat' dir='ltr'><strong>ac</strong></span> <span class='ocrx_word' id='word_1_465' title='bbox 1601 5560 1694 5614; x_wconf 92' lang='lat' dir='ltr'><strong>tibi</strong></span> <span class='ocrx_word' id='word_1_466' title='bbox 1737 5569 1814 5614; x_wconf 83' lang='lat' dir='ltr'><strong>ta-</strong></span> 
     </span>
    </p>
   </div>
   <div class='ocr_carea' id='block_1_59' title="bbox 230 5645 1815 5715">
    <p class='ocr_par' dir='ltr' id='par_1_59' title="bbox 230 5645 1815 5715">
     <span class='ocr_line' id='line_1_59' title="bbox 230 5645 1815 5715; baseline 0.009 -20"><span class='ocrx_word' id='word_1_467' title='bbox 230 5657 347 5698; x_wconf 80' lang='lat' dir='ltr'><strong>men</strong></span> <span class='ocrx_word' id='word_1_468' title='bbox 371 5645 656 5714; x_wconf 87' lang='lat' dir='ltr'><strong>pepercit;</strong></span> <span class='ocrx_word' id='word_1_469' title='bbox 687 5652 743 5699; x_wconf 88' lang='lat' dir='ltr'><strong>et</strong></span> <span class='ocrx_word' id='word_1_470' title='bbox 768 5661 888 5700; x_wconf 90' lang='lat' dir='ltr'><strong>cum</strong></span> <span class='ocrx_word' id='word_1_471' title='bbox 921 5646 1080 5701; x_wconf 86' lang='lat' dir='ltr'><strong>talem</strong></span> <span class='ocrx_word' id='word_1_472' title='bbox 1117 5655 1169 5700; x_wconf 87' lang='lat' dir='ltr'><strong>te</strong></span> <span class='ocrx_word' id='word_1_473' title='bbox 1191 5661 1317 5702; x_wconf 89' lang='lat' dir='ltr'><strong>esse</strong></span> <span class='ocrx_word' id='word_1_474' title='bbox 1345 5649 1532 5715; x_wconf 89' lang='lat' dir='ltr'><strong>sciret,</strong></span> <span class='ocrx_word' id='word_1_475' title='bbox 1553 5665 1618 5704; x_wconf 74' lang='lat' dir='ltr'><strong>ex</strong></span> <span class='ocrx_word' id='word_1_476' title='bbox 1647 5651 1815 5709; x_wconf 88' lang='lat' dir='ltr'><strong>choro</strong></span> 
     </span>
    </p>
   </div>
   <div class='ocr_carea' id='block_1_60' title="bbox 231 5732 1815 5813">
    <p class='ocr_par' dir='ltr' id='par_1_60' title="bbox 231 5732 1815 5813">
     <span class='ocr_line' id='line_1_60' title="bbox 231 5732 1815 5813; baseline 0.005 -24"><span class='ocrx_word' id='word_1_477' title='bbox 231 5747 331 5790; x_wconf 79' lang='lat' dir='ltr'><strong>non</strong></span> <span class='ocrx_word' id='word_1_478' title='bbox 357 5732 557 5804; x_wconf 66' lang='lat' dir='ltr'><strong>eiecit:</strong></span> <span class='ocrx_word' id='word_1_479' title='bbox 582 5734 760 5791; x_wconf 84' lang='lat' dir='ltr'><strong>adhuc</strong></span> <span class='ocrx_word' id='word_1_480' title='bbox 789 5735 1012 5805; x_wconf 82' lang='lat' dir='ltr'><strong>ferebat,</strong></span> <span class='ocrx_word' id='word_1_481' title='bbox 1045 5736 1219 5794; x_wconf 86' lang='lat' dir='ltr'><strong>adhuc</strong></span> <span class='ocrx_word' id='word_1_482' title='bbox 1245 5747 1301 5795; x_wconf 89' lang='lat' dir='ltr'><strong>ut</strong></span> <span class='ocrx_word' id='word_1_483' title='bbox 1325 5738 1624 5810; x_wconf 81' lang='lat' dir='ltr'><strong>legitimum</strong></span> <span class='ocrx_word' id='word_1_484' title='bbox 1652 5750 1815 5813; x_wconf 88' lang='lat' dir='ltr'><strong>atque</strong></span> 
     </span>
    </p>
   </div>
   <div class='ocr_carea' id='block_1_61' title="bbox 1135 318 2621 381">
    <p class='ocr_par' dir='ltr' id='par_1_61' title="bbox 1135 318 2621 381">
     <span class='ocr_line' id='line_1_61' title="bbox 1135 318 2621 381; baseline 0.004 -6"><span class='ocrx_word' id='word_1_485' title='bbox 1135 319 1203 376; x_wconf 82' lang='lat' dir='ltr'><strong>IN</strong></span> <span class='ocrx_word' id='word_1_486' title='bbox 1239 318 1459 376; x_wconf 81' lang='lat' dir='ltr'><strong>EPIST.</strong></span> <span class='ocrx_word' id='word_1_487' title='bbox 1503 320 1593 374; x_wconf 79' lang='lat' dir='ltr'><strong>AD</strong></span> <span class='ocrx_word' id='word_1_488' title='bbox 1633 319 1919 376; x_wconf 76' lang='lat' dir='ltr'><strong>PlllLll’P.</strong></span> <span class='ocrx_word' id='word_1_489' title='bbox 1956 320 2111 377; x_wconf 80' lang='lat' dir='ltr'><strong>CAP.</strong></span> <span class='ocrx_word' id='word_1_490' title='bbox 2153 322 2217 377; x_wconf 89' lang='lat' dir='ltr'><strong>ll.</strong></span> <span class='ocrx_word' id='word_1_491' title='bbox 2261 323 2486 380; x_wconf 84' lang='lat' dir='ltr'><strong>IIOMIL.</strong></span> <span class='ocrx_word' id='word_1_492' title='bbox 2532 324 2621 381; x_wconf 76' lang='lat' dir='ltr'><strong>Vl.</strong></span> 
     </span>
    </p>
   </div>
   <div class='ocr_carea' id='block_1_62' title="bbox 3415 337 3522 395">
    <p class='ocr_par' dir='ltr' id='par_1_62' title="bbox 3415 337 3522 395">
     <span class='ocr_line' id='line_1_62' title="bbox 3415 337 3522 395; baseline 0.037 -4"><span class='ocrx_word' id='word_1_493' title='bbox 3415 337 3522 395; x_wconf 71' lang='grc'><strong>226</strong></span> 
     </span>
    </p>
   </div>
   <div class='ocr_carea' id='block_1_63' title="bbox 1943 435 3518 517">
    <p class='ocr_par' dir='ltr' id='par_1_63' title="bbox 1943 435 3518 517">
     <span class='ocr_line' id='line_1_63' title="bbox 1943 435 3518 517; baseline 0.011 -29"><span class='ocrx_word' id='word_1_494' title='bbox 1943 449 2108 488; x_wconf 87' lang='lat' dir='ltr'><strong>unum</strong></span> <span class='ocrx_word' id='word_1_495' title='bbox 2165 451 2228 490; x_wconf 77' lang='lat' dir='ltr'><strong>ex</strong></span> <span class='ocrx_word' id='word_1_496' title='bbox 2277 435 2583 500; x_wconf 90' lang='lat' dir='ltr'><strong>duodecim,</strong></span> <span class='ocrx_word' id='word_1_497' title='bbox 2632 438 2701 492; x_wconf 87' lang='lat' dir='ltr'><strong>ita</strong></span> <span class='ocrx_word' id='word_1_498' title='bbox 2751 437 3068 507; x_wconf 83' lang='lat' dir='ltr'><strong>honorabat,</strong></span> <span class='ocrx_word' id='word_1_499' title='bbox 3118 443 3190 498; x_wconf 88' lang='lat' dir='ltr'><strong>ita</strong></span> <span class='ocrx_word' id='word_1_500' title='bbox 3239 445 3518 517; x_wconf 83' lang='lat' dir='ltr'><strong>diligebat.</strong></span> 
     </span>
    </p>
   </div>
   <div class='ocr_carea' id='block_1_64' title="bbox 1942 523 3520 604">
    <p class='ocr_par' dir='ltr' id='par_1_64' title="bbox 1942 523 3520 604">
     <span class='ocr_line' id='line_1_64' title="bbox 1942 523 3520 604; baseline 0.011 -28"><span class='ocrx_word' id='word_1_501' title='bbox 1942 523 2200 593; x_wconf 84' lang='lat' dir='ltr'><strong>Denique,</strong></span> <span class='ocrx_word' id='word_1_502' title='bbox 2233 541 2266 578; x_wconf 90' lang='grc' dir='ltr'>ο</span> <span class='ocrx_word' id='word_1_503' title='bbox 2298 526 2506 582; x_wconf 85' lang='lat' dir='ltr'><strong>scelus!</strong></span> <span class='ocrx_word' id='word_1_504' title='bbox 2562 528 2726 582; x_wconf 88' lang='lat' dir='ltr'><strong>linteo</strong></span> <span class='ocrx_word' id='word_1_505' title='bbox 2755 531 2914 584; x_wconf 84' lang='lat' dir='ltr'><strong>etiam</strong></span> <span class='ocrx_word' id='word_1_506' title='bbox 2952 544 3185 601; x_wconf 89' lang='lat' dir='ltr'><strong>sumpto,</strong></span> <span class='ocrx_word' id='word_1_507' title='bbox 3216 539 3364 604; x_wconf 89' lang='lat' dir='ltr'><strong>puris</strong></span> <span class='ocrx_word' id='word_1_508' title='bbox 3415 539 3520 594; x_wconf 85' lang='lat' dir='ltr'><strong>illis</strong></span> 
     </span>
    </p>
   </div>
   <div class='ocr_carea' id='block_1_65' title="bbox 1939 617 3516 696">
    <p class='ocr_par' dir='ltr' id='par_1_65' title="bbox 1939 617 3516 696">
     <span class='ocr_line' id='line_1_65' title="bbox 1939 617 3516 696; baseline 0.011 -28"><span class='ocrx_word' id='word_1_509' title='bbox 1939 617 2187 670; x_wconf 88' lang='lat' dir='ltr'><strong>manibus</strong></span> <span class='ocrx_word' id='word_1_510' title='bbox 2219 620 2457 687; x_wconf 89' lang='lat' dir='ltr'><strong>impuros</strong></span> <span class='ocrx_word' id='word_1_511' title='bbox 2504 619 2668 688; x_wconf 88' lang='lat' dir='ltr'><strong>pedes</strong></span> <span class='ocrx_word' id='word_1_512' title='bbox 2710 630 2831 675; x_wconf 91' lang='lat' dir='ltr'><strong>tuos</strong></span> <span class='ocrx_word' id='word_1_513' title='bbox 2862 623 3022 687; x_wconf 85' lang='lat' dir='ltr'><strong>lavit;</strong></span> <span class='ocrx_word' id='word_1_514' title='bbox 3071 641 3245 696; x_wconf 88' lang='lat' dir='ltr'><strong>neque</strong></span> <span class='ocrx_word' id='word_1_515' title='bbox 3277 629 3325 682; x_wconf 89' lang='lat' dir='ltr'><strong>id</strong></span> <span class='ocrx_word' id='word_1_516' title='bbox 3353 632 3516 686; x_wconf 85' lang='lat' dir='ltr'><strong>etiam</strong></span> 
     </span>
    </p>
   </div>
   <div class='ocr_carea' id='block_1_66' title="bbox 1940 707 3514 785">
    <p class='ocr_par' dir='ltr' id='par_1_66' title="bbox 1940 707 3514 785">
     <span class='ocr_line' id='line_1_66' title="bbox 1940 707 3514 785; baseline 0.01 -26"><span class='ocrx_word' id='word_1_517' title='bbox 1940 714 1991 760; x_wconf 89' lang='lat' dir='ltr'><strong>te</strong></span> <span class='ocrx_word' id='word_1_518' title='bbox 2019 707 2285 760; x_wconf 89' lang='lat' dir='ltr'><strong>cohibuit.</strong></span> <span class='ocrx_word' id='word_1_519' title='bbox 2326 708 2612 765; x_wconf 87' lang='lat' dir='ltr'><strong>Furabatis</strong></span> <span class='ocrx_word' id='word_1_520' title='bbox 2638 727 2721 776; x_wconf 87' lang='lat' dir='ltr'><strong>ea,</strong></span> <span class='ocrx_word' id='word_1_521' title='bbox 2753 729 2869 782; x_wconf 75' lang='lat' dir='ltr'><strong>qua:</strong></span> <span class='ocrx_word' id='word_1_522' title='bbox 2892 729 3182 784; x_wconf 89' lang='lat' dir='ltr'><strong>pauperttm</strong></span> <span class='ocrx_word' id='word_1_523' title='bbox 3209 729 3398 785; x_wconf 86' lang='lat' dir='ltr'><strong>erant;</strong></span> <span class='ocrx_word' id='word_1_524' title='bbox 3429 731 3514 775; x_wconf 87' lang='lat' dir='ltr'><strong>at-</strong></span> 
     </span>
    </p>
   </div>
   <div class='ocr_carea' id='block_1_67' title="bbox 1935 799 3513 883">
    <p class='ocr_par' dir='ltr' id='par_1_67' title="bbox 1935 799 3513 883">
     <span class='ocr_line' id='line_1_67' title="bbox 1935 799 3513 883; baseline 0.013 -34"><span class='ocrx_word' id='word_1_525' title='bbox 1935 813 2039 867; x_wconf 88' lang='lat' dir='ltr'><strong>que</strong></span> <span class='ocrx_word' id='word_1_526' title='bbox 2070 799 2208 854; x_wconf 90' lang='lat' dir='ltr'><strong>istud</strong></span> <span class='ocrx_word' id='word_1_527' title='bbox 2237 802 2421 868; x_wconf 91' lang='lat' dir='ltr'><strong>etiam,</strong></span> <span class='ocrx_word' id='word_1_528' title='bbox 2444 817 2509 856; x_wconf 89' lang='lat' dir='ltr'><strong>ne</strong></span> <span class='ocrx_word' id='word_1_529' title='bbox 2534 803 2599 856; x_wconf 91' lang='lat' dir='ltr'><strong>ad</strong></span> <span class='ocrx_word' id='word_1_530' title='bbox 2625 805 2793 871; x_wconf 83' lang='lat' dir='ltr'><strong>majus</strong></span> <span class='ocrx_word' id='word_1_531' title='bbox 2821 807 3034 876; x_wconf 86' lang='lat' dir='ltr'><strong>aliquod</strong></span> <span class='ocrx_word' id='word_1_532' title='bbox 3062 810 3258 864; x_wconf 89' lang='lat' dir='ltr'><strong>malum</strong></span> <span class='ocrx_word' id='word_1_533' title='bbox 3289 827 3513 883; x_wconf 83' lang='lat' dir='ltr'><strong>progre-</strong></span> 
     </span>
    </p>
   </div>
   <div class='ocr_carea' id='block_1_68' title="bbox 1933 889 3507 959">
    <p class='ocr_par' dir='ltr' id='par_1_68' title="bbox 1933 889 3507 959">
     <span class='ocr_line' id='line_1_68' title="bbox 1933 889 3507 959; baseline 0.01 -17"><span class='ocrx_word' id='word_1_534' title='bbox 1933 889 2140 944; x_wconf 85' lang='lat' dir='ltr'><strong>dereris</strong></span> <span class='ocrx_word' id='word_1_535' title='bbox 2188 890 2392 946; x_wconf 82' lang='lat' dir='ltr'><strong>ferebat</strong></span> <span class='ocrx_word' id='word_1_536' title='bbox 2433 910 2446 946; x_wconf 91' lang='lat'><strong>:</strong></span> <span class='ocrx_word' id='word_1_537' title='bbox 2492 894 2586 947; x_wconf 90' lang='lat' dir='ltr'><strong>sed</strong></span> <span class='ocrx_word' id='word_1_538' title='bbox 2632 894 2760 948; x_wconf 88' lang='lat' dir='ltr'><strong>nihil</strong></span> <span class='ocrx_word' id='word_1_539' title='bbox 2807 898 3041 951; x_wconf 91' lang='lat' dir='ltr'><strong>animum</strong></span> <span class='ocrx_word' id='word_1_540' title='bbox 3087 907 3234 954; x_wconf 88' lang='lat' dir='ltr'><strong>tuum</strong></span> <span class='ocrx_word' id='word_1_541' title='bbox 3268 905 3507 959; x_wconf 88' lang='lat' dir='ltr'><strong>mutavit.</strong></span> 
     </span>
    </p>
   </div>
   <div class='ocr_carea' id='block_1_69' title="bbox 1933 977 3510 1054">
    <p class='ocr_par' dir='ltr' id='par_1_69' title="bbox 1933 977 3510 1054">
     <span class='ocr_line' id='line_1_69' title="bbox 1933 977 3510 1054; baseline 0.013 -23"><span class='ocrx_word' id='word_1_542' title='bbox 1933 977 2063 1032; x_wconf 90' lang='lat' dir='ltr'><strong>Nam</strong></span> <span class='ocrx_word' id='word_1_543' title='bbox 2087 981 2294 1035; x_wconf 88' lang='lat' dir='ltr'><strong>etiamsi</strong></span> <span class='ocrx_word' id='word_1_544' title='bbox 2321 981 2428 1036; x_wconf 82' lang='lat' dir='ltr'><strong>fera</strong></span> <span class='ocrx_word' id='word_1_545' title='bbox 2444 998 2613 1050; x_wconf 90' lang='lat' dir='ltr'><strong>esses,</strong></span> <span class='ocrx_word' id='word_1_546' title='bbox 2629 986 2835 1039; x_wconf 90' lang='lat' dir='ltr'><strong>etiamsi</strong></span> <span class='ocrx_word' id='word_1_547' title='bbox 2863 987 3018 1054; x_wconf 82' lang='lat' dir='ltr'><strong>lapis,</strong></span> <span class='ocrx_word' id='word_1_548' title='bbox 3037 1005 3212 1044; x_wconf 88' lang='lat' dir='ltr'><strong>nonne</strong></span> <span class='ocrx_word' id='word_1_549' title='bbox 3233 991 3510 1052; x_wconf 83' lang='lat' dir='ltr'><strong>beneﬁciis</strong></span> 
     </span>
    </p>
   </div>
   <div class='ocr_carea' id='block_1_70' title="bbox 1933 1069 3509 1140">
    <p class='ocr_par' dir='ltr' id='par_1_70' title="bbox 1933 1069 3509 1140">
     <span class='ocr_line' id='line_1_70' title="bbox 1933 1069 3509 1140; baseline 0.011 -17"><span class='ocrx_word' id='word_1_550' title='bbox 1933 1069 1984 1122; x_wconf 91' lang='lat' dir='ltr'><strong>in</strong></span> <span class='ocrx_word' id='word_1_551' title='bbox 2009 1080 2061 1124; x_wconf 91' lang='lat' dir='ltr'><strong>te</strong></span> <span class='ocrx_word' id='word_1_552' title='bbox 2080 1072 2304 1136; x_wconf 89' lang='lat' dir='ltr'><strong>collatis,</strong></span> <span class='ocrx_word' id='word_1_553' title='bbox 2330 1089 2505 1128; x_wconf 90' lang='lat' dir='ltr'><strong>nonne</strong></span> <span class='ocrx_word' id='word_1_554' title='bbox 2536 1076 2823 1140; x_wconf 87' lang='lat' dir='ltr'><strong>miraculis,</strong></span> <span class='ocrx_word' id='word_1_555' title='bbox 2845 1094 3020 1133; x_wconf 88' lang='lat' dir='ltr'><strong>nonne</strong></span> <span class='ocrx_word' id='word_1_556' title='bbox 3048 1080 3286 1136; x_wconf 87' lang='lat' dir='ltr'><strong>doctrina</strong></span> <span class='ocrx_word' id='word_1_557' title='bbox 3307 1085 3392 1137; x_wconf 91' lang='lat' dir='ltr'><strong>illa</strong></span> <span class='ocrx_word' id='word_1_558' title='bbox 3415 1087 3509 1140; x_wconf 87' lang='lat' dir='ltr'><strong>lle-</strong></span> 
     </span>
    </p>
   </div>
   <div class='ocr_carea' id='block_1_71' title="bbox 1928 1163 3510 1239">
    <p class='ocr_par' dir='ltr' id='par_1_71' title="bbox 1928 1163 3510 1239">
     <span class='ocr_line' id='line_1_71' title="bbox 1928 1163 3510 1239; baseline 0.013 -25"><span class='ocrx_word' id='word_1_559' title='bbox 1928 1163 1999 1215; x_wconf 91' lang='lat' dir='ltr'><strong>cti</strong></span> <span class='ocrx_word' id='word_1_560' title='bbox 2031 1171 2082 1217; x_wconf 90' lang='lat' dir='ltr'><strong>te</strong></span> <span class='ocrx_word' id='word_1_561' title='bbox 2111 1165 2429 1234; x_wconf 77' lang='lat' dir='ltr'><strong>Oportebat?</strong></span> <span class='ocrx_word' id='word_1_562' title='bbox 2455 1167 2649 1222; x_wconf 83' lang='lat' dir='ltr'><strong>Verum</strong></span> <span class='ocrx_word' id='word_1_563' title='bbox 2684 1185 2850 1239; x_wconf 90' lang='lat' dir='ltr'><strong>usque</strong></span> <span class='ocrx_word' id='word_1_564' title='bbox 2873 1171 3007 1225; x_wconf 82' lang='lat' dir='ltr'><strong>adeo</strong></span> <span class='ocrx_word' id='word_1_565' title='bbox 3027 1172 3302 1231; x_wconf 80' lang='lat' dir='ltr'><strong>elTeratnm</strong></span> <span class='ocrx_word' id='word_1_566' title='bbox 3335 1179 3510 1235; x_wconf 88' lang='lat' dir='ltr'><strong>adhuc</strong></span> 
     </span>
    </p>
   </div>
   <div class='ocr_carea' id='block_1_72' title="bbox 1929 1255 3506 1336">
    <p class='ocr_par' dir='ltr' id='par_1_72' title="bbox 1929 1255 3506 1336">
     <span class='ocr_line' id='line_1_72' title="bbox 1929 1255 3506 1336; baseline 0.013 -32"><span class='ocrx_word' id='word_1_567' title='bbox 1929 1255 2172 1323; x_wconf 86' lang='lat' dir='ltr'><strong>vocabat,</strong></span> <span class='ocrx_word' id='word_1_568' title='bbox 2201 1266 2253 1311; x_wconf 93' lang='lat' dir='ltr'><strong>ct</strong></span> <span class='ocrx_word' id='word_1_569' title='bbox 2276 1258 2534 1313; x_wconf 86' lang='lat' dir='ltr'><strong>mirandis</strong></span> <span class='ocrx_word' id='word_1_570' title='bbox 2562 1261 2813 1329; x_wconf 89' lang='lat' dir='ltr'><strong>operibus</strong></span> <span class='ocrx_word' id='word_1_571' title='bbox 2842 1263 3130 1330; x_wconf 90' lang='lat' dir='ltr'><strong>alliciebat,</strong></span> <span class='ocrx_word' id='word_1_572' title='bbox 3155 1271 3397 1336; x_wconf 89' lang='lat' dir='ltr'><strong>quamvis</strong></span> <span class='ocrx_word' id='word_1_573' title='bbox 3428 1271 3506 1323; x_wconf 90' lang='lat' dir='ltr'><strong>la-</strong></span> 
     </span>
    </p>
   </div>
   <div class='ocr_carea' id='block_1_73' title="bbox 1929 1345 3505 1424">
    <p class='ocr_par' dir='ltr' id='par_1_73' title="bbox 1929 1345 3505 1424">
     <span class='ocr_line' id='line_1_73' title="bbox 1929 1345 3505 1424; baseline 0.013 -28"><span class='ocrx_word' id='word_1_574' title='bbox 1929 1345 2078 1414; x_wconf 89' lang='lat' dir='ltr'><strong>pides</strong></span> <span class='ocrx_word' id='word_1_575' title='bbox 2112 1348 2254 1417; x_wconf 92' lang='lat' dir='ltr'><strong>ipsos</strong></span> <span class='ocrx_word' id='word_1_576' title='bbox 2283 1350 2548 1405; x_wconf 85' lang='lat' dir='ltr'><strong>vacuitate</strong></span> <span class='ocrx_word' id='word_1_577' title='bbox 2589 1368 2780 1407; x_wconf 88' lang='lat' dir='ltr'><strong>sensus</strong></span> <span class='ocrx_word' id='word_1_578' title='bbox 2816 1369 3172 1424; x_wconf 85' lang='lat' dir='ltr'><strong>exsttperares</strong></span> <span class='ocrx_word' id='word_1_579' title='bbox 3207 1375 3220 1413; x_wconf 93' lang='lat'>:</span> <span class='ocrx_word' id='word_1_580' title='bbox 3253 1359 3346 1414; x_wconf 87' lang='lat' dir='ltr'><strong>sed</strong></span> <span class='ocrx_word' id='word_1_581' title='bbox 3377 1362 3505 1418; x_wconf 92' lang='lat' dir='ltr'><strong>nihil</strong></span> 
     </span>
    </p>
   </div>
   <div class='ocr_carea' id='block_1_74' title="bbox 1928 1437 3506 1508">
    <p class='ocr_par' dir='ltr' id='par_1_74' title="bbox 1928 1437 3506 1508">
     <span class='ocr_line' id='line_1_74' title="bbox 1928 1437 3506 1508; baseline 0.013 -22"><span class='ocrx_word' id='word_1_582' title='bbox 1928 1437 2116 1491; x_wconf 88' lang='lat' dir='ltr'><strong>horum</strong></span> <span class='ocrx_word' id='word_1_583' title='bbox 2147 1438 2265 1504; x_wconf 77' lang='lat' dir='ltr'><strong>fuit,</strong></span> <span class='ocrx_word' id='word_1_584' title='bbox 2299 1441 2437 1508; x_wconf 92' lang='lat' dir='ltr'><strong>quod</strong></span> <span class='ocrx_word' id='word_1_585' title='bbox 2463 1453 2514 1495; x_wconf 89' lang='lat' dir='ltr'><strong>te</strong></span> <span class='ocrx_word' id='word_1_586' title='bbox 2536 1443 2811 1497; x_wconf 89' lang='lat' dir='ltr'><strong>meliorem</strong></span> <span class='ocrx_word' id='word_1_587' title='bbox 2841 1445 3106 1500; x_wconf 82' lang='lat' dir='ltr'><strong>redderet.</strong></span> <span class='ocrx_word' id='word_1_588' title='bbox 3133 1448 3376 1504; x_wconf 84' lang='lat' dir='ltr'><strong>Forsitan</strong></span> <span class='ocrx_word' id='word_1_589' title='bbox 3406 1452 3506 1506; x_wconf 87' lang='lat' dir='ltr'><strong>mi-</strong></span> 
     </span>
    </p>
   </div>
   <div class='ocr_carea' id='block_1_75' title="bbox 1925 1528 3503 1610">
    <p class='ocr_par' dir='ltr' id='par_1_75' title="bbox 1925 1528 3503 1610">
     <span class='ocr_line' id='line_1_75' title="bbox 1925 1528 3503 1610; baseline 0.011 -30"><span class='ocrx_word' id='word_1_590' title='bbox 1925 1528 2115 1581; x_wconf 87' lang='lat' dir='ltr'><strong>ramini</strong></span> <span class='ocrx_word' id='word_1_591' title='bbox 2141 1539 2337 1583; x_wconf 89' lang='lat' dir='ltr'><strong>tantam</strong></span> <span class='ocrx_word' id='word_1_592' title='bbox 2371 1532 2658 1601; x_wconf 77' lang='lat' dir='ltr'><strong>proditoris</strong></span> <span class='ocrx_word' id='word_1_593' title='bbox 2675 1538 2986 1592; x_wconf 89' lang='lat' dir='ltr'><strong>amentiam.</strong></span> <span class='ocrx_word' id='word_1_594' title='bbox 3007 1538 3200 1593; x_wconf 81' lang='lat' dir='ltr'><strong>Melum</strong></span> <span class='ocrx_word' id='word_1_595' title='bbox 3221 1541 3380 1610; x_wconf 88' lang='lat' dir='ltr'><strong>igitur</strong></span> <span class='ocrx_word' id='word_1_596' title='bbox 3406 1557 3503 1597; x_wconf 83' lang='lat' dir='ltr'><strong>vo-</strong></span> 
     </span>
    </p>
   </div>
   <div class='ocr_carea' id='block_1_76' title="bbox 1925 1618 3503 1701">
    <p class='ocr_par' dir='ltr' id='par_1_76' title="bbox 1925 1618 3503 1701">
     <span class='ocr_line' id='line_1_76' title="bbox 1925 1618 3503 1701; baseline 0.009 -29"><span class='ocrx_word' id='word_1_597' title='bbox 1925 1618 2005 1673; x_wconf 88' lang='lat' dir='ltr'><strong>bis</strong></span> <span class='ocrx_word' id='word_1_598' title='bbox 2029 1619 2250 1675; x_wconf 87' lang='lat' dir='ltr'><strong>incutiat</strong></span> <span class='ocrx_word' id='word_1_599' title='bbox 2285 1623 2426 1677; x_wconf 89' lang='lat' dir='ltr'><strong>illius</strong></span> <span class='ocrx_word' id='word_1_600' title='bbox 2452 1625 2644 1679; x_wconf 90' lang='lat' dir='ltr'><strong>vulnus</strong></span> <span class='ocrx_word' id='word_1_601' title='bbox 2667 1645 2680 1679; x_wconf 94' lang='lat'><strong>:</strong></span> <span class='ocrx_word' id='word_1_602' title='bbox 2704 1628 2908 1696; x_wconf 88' lang='lat' dir='ltr'><strong>argenti</strong></span> <span class='ocrx_word' id='word_1_603' title='bbox 2930 1630 3213 1699; x_wconf 87' lang='lat' dir='ltr'><strong>cupiditas.</strong></span> <span class='ocrx_word' id='word_1_604' title='bbox 3249 1636 3503 1701; x_wconf 82' lang='lat' dir='ltr'><strong>pecunia-</strong></span> 
     </span>
    </p>
   </div>
   <div class='ocr_carea' id='block_1_77' title="bbox 1926 1714 3502 1788">
    <p class='ocr_par' dir='ltr' id='par_1_77' title="bbox 1926 1714 3502 1788">
     <span class='ocr_line' id='line_1_77' title="bbox 1926 1714 3502 1788; baseline 0.011 -24"><span class='ocrx_word' id='word_1_605' title='bbox 1926 1727 2040 1766; x_wconf 91' lang='lat' dir='ltr'><strong>rum</strong></span> <span class='ocrx_word' id='word_1_606' title='bbox 2059 1728 2208 1768; x_wconf 90' lang='lat' dir='ltr'><strong>amor</strong></span> <span class='ocrx_word' id='word_1_607' title='bbox 2231 1714 2389 1769; x_wconf 90' lang='lat' dir='ltr'><strong>talem</strong></span> <span class='ocrx_word' id='word_1_608' title='bbox 2416 1716 2667 1772; x_wconf 89' lang='lat' dir='ltr'><strong>reddidit.</strong></span> <span class='ocrx_word' id='word_1_609' title='bbox 2692 1718 2875 1774; x_wconf 88' lang='lat' dir='ltr'><strong>Evelle</strong></span> <span class='ocrx_word' id='word_1_610' title='bbox 2898 1720 3038 1775; x_wconf 90' lang='lat' dir='ltr'><strong>hunc</strong></span> <span class='ocrx_word' id='word_1_611' title='bbox 3064 1723 3346 1788; x_wconf 71' lang='lat' dir='ltr'><strong>allectum;</strong></span> <span class='ocrx_word' id='word_1_612' title='bbox 3369 1726 3502 1780; x_wconf 88' lang='lat' dir='ltr'><strong>tales</strong></span> 
     </span>
    </p>
   </div>
   <div class='ocr_carea' id='block_1_78' title="bbox 1921 1806 3502 1884">
    <p class='ocr_par' dir='ltr' id='par_1_78' title="bbox 1921 1806 3502 1884">
     <span class='ocr_line' id='line_1_78' title="bbox 1921 1806 3502 1884; baseline 0.009 -24"><span class='ocrx_word' id='word_1_613' title='bbox 1921 1806 2065 1861; x_wconf 88' lang='lat' dir='ltr'><strong>enim</strong></span> <span class='ocrx_word' id='word_1_614' title='bbox 2095 1809 2310 1862; x_wconf 89' lang='lat' dir='ltr'><strong>morbos</strong></span> <span class='ocrx_word' id='word_1_615' title='bbox 2338 1811 2496 1880; x_wconf 89' lang='lat' dir='ltr'><strong>parit,</strong></span> <span class='ocrx_word' id='word_1_616' title='bbox 2525 1811 2718 1879; x_wconf 88' lang='lat' dir='ltr'><strong>impios</strong></span> <span class='ocrx_word' id='word_1_617' title='bbox 2743 1814 2864 1868; x_wconf 80' lang='lat' dir='ltr'><strong>facit</strong></span> <span class='ocrx_word' id='word_1_618' title='bbox 2888 1831 2902 1867; x_wconf 89' lang='lat'><strong>:</strong></span> <span class='ocrx_word' id='word_1_619' title='bbox 2933 1825 3092 1884; x_wconf 92' lang='lat' dir='ltr'><strong>atque</strong></span> <span class='ocrx_word' id='word_1_620' title='bbox 3109 1832 3201 1870; x_wconf 87' lang='lat' dir='ltr'><strong>eos</strong></span> <span class='ocrx_word' id='word_1_621' title='bbox 3219 1834 3318 1873; x_wconf 85' lang='lat' dir='ltr'><strong>nos</strong></span> <span class='ocrx_word' id='word_1_622' title='bbox 3335 1819 3502 1874; x_wconf 88' lang='lat' dir='ltr'><strong>addu-</strong></span> 
     </span>
    </p>
   </div>
   <div class='ocr_carea' id='block_1_79' title="bbox 1919 1897 3499 1975">
    <p class='ocr_par' dir='ltr' id='par_1_79' title="bbox 1919 1897 3499 1975">
     <span class='ocr_line' id='line_1_79' title="bbox 1919 1897 3499 1975; baseline 0.011 -25"><span class='ocrx_word' id='word_1_623' title='bbox 1919 1897 2015 1961; x_wconf 92' lang='lat' dir='ltr'><strong>cit,</strong></span> <span class='ocrx_word' id='word_1_624' title='bbox 2050 1907 2106 1951; x_wconf 93' lang='lat' dir='ltr'><strong>ut</strong></span> <span class='ocrx_word' id='word_1_625' title='bbox 2133 1899 2339 1953; x_wconf 85' lang='lat' dir='ltr'><strong>etiamsi</strong></span> <span class='ocrx_word' id='word_1_626' title='bbox 2368 1903 2638 1956; x_wconf 80' lang='lat' dir='ltr'><strong>sexcentis</strong></span> <span class='ocrx_word' id='word_1_627' title='bbox 2664 1904 2938 1960; x_wconf 82' lang='lat' dir='ltr'><strong>beneﬁciis</strong></span> <span class='ocrx_word' id='word_1_628' title='bbox 2982 1906 3299 1975; x_wconf 84' lang='lat' dir='ltr'><strong>al&#39;lieiamur,</strong></span> <span class='ocrx_word' id='word_1_629' title='bbox 3335 1911 3499 1967; x_wconf 90' lang='lat' dir='ltr'><strong>Deum</strong></span> 
     </span>
    </p>
   </div>
   <div class='ocr_carea' id='block_1_80' title="bbox 1922 1987 3493 2069">
    <p class='ocr_par' dir='ltr' id='par_1_80' title="bbox 1922 1987 3493 2069">
     <span class='ocr_line' id='line_1_80' title="bbox 1922 1987 3493 2069; baseline 0.011 -28"><span class='ocrx_word' id='word_1_630' title='bbox 1922 1987 2245 2057; x_wconf 89' lang='lat' dir='ltr'><strong>ignoremus.</strong></span> <span class='ocrx_word' id='word_1_631' title='bbox 2282 1991 2481 2056; x_wconf 87' lang='lat' dir='ltr'><strong>Evelle,</strong></span> <span class='ocrx_word' id='word_1_632' title='bbox 2507 1993 2734 2048; x_wconf 87' lang='lat' dir='ltr'><strong>obsecro</strong></span> <span class='ocrx_word' id='word_1_633' title='bbox 2763 2013 2777 2049; x_wconf 88' lang='lat'><strong>:</strong></span> <span class='ocrx_word' id='word_1_634' title='bbox 2813 2012 2916 2049; x_wconf 77' lang='lat' dir='ltr'><strong>non</strong></span> <span class='ocrx_word' id='word_1_635' title='bbox 2949 2008 3032 2051; x_wconf 91' lang='lat' dir='ltr'><strong>est</strong></span> <span class='ocrx_word' id='word_1_636' title='bbox 3078 1999 3208 2053; x_wconf 82' lang='lat' dir='ltr'><strong>levis</strong></span> <span class='ocrx_word' id='word_1_637' title='bbox 3255 2003 3493 2069; x_wconf 86' lang='lat' dir='ltr'><strong>morbus,</strong></span> 
     </span>
    </p>
   </div>
   <div class='ocr_carea' id='block_1_81' title="bbox 1919 2083 3497 2147">
    <p class='ocr_par' dir='ltr' id='par_1_81' title="bbox 1919 2083 3497 2147">
     <span class='ocr_line' id='line_1_81' title="bbox 1919 2083 3497 2147; baseline 0.011 -17"><span class='ocrx_word' id='word_1_638' title='bbox 1919 2089 2199 2134; x_wconf 71' lang='lat' dir='ltr'><strong>sescentas</strong></span> <span class='ocrx_word' id='word_1_639' title='bbox 2227 2083 2600 2138; x_wconf 86' lang='lat' dir='ltr'><strong>acerbissimas</strong></span> <span class='ocrx_word' id='word_1_640' title='bbox 2622 2096 2822 2140; x_wconf 91' lang='lat' dir='ltr'><strong>mortes</strong></span> <span class='ocrx_word' id='word_1_641' title='bbox 2850 2086 3041 2143; x_wconf 82' lang='lat' dir='ltr'><strong>all&#39;erre</strong></span> <span class='ocrx_word' id='word_1_642' title='bbox 3070 2092 3236 2145; x_wconf 84' lang='lat' dir='ltr'><strong>novit.</strong></span> <span class='ocrx_word' id='word_1_643' title='bbox 3261 2093 3497 2147; x_wconf 74' lang='lat' dir='ltr'><strong>Vidimus</strong></span> 
     </span>
    </p>
   </div>
   <div class='ocr_carea' id='block_1_82' title="bbox 1917 2171 3494 2251">
    <p class='ocr_par' dir='ltr' id='par_1_82' title="bbox 1917 2171 3494 2251">
     <span class='ocr_line' id='line_1_82' title="bbox 1917 2171 3494 2251; baseline 0.006 -23"><span class='ocrx_word' id='word_1_644' title='bbox 1917 2171 2068 2228; x_wconf 76' lang='lat' dir='ltr'><strong>Judze</strong></span> <span class='ocrx_word' id='word_1_645' title='bbox 2097 2174 2343 2227; x_wconf 89' lang='lat' dir='ltr'><strong>morbum</strong></span> <span class='ocrx_word' id='word_1_646' title='bbox 2381 2193 2393 2228; x_wconf 91' lang='lat'><strong>:</strong></span> <span class='ocrx_word' id='word_1_647' title='bbox 2425 2187 2727 2231; x_wconf 88' lang='lat' dir='ltr'><strong>metuamus</strong></span> <span class='ocrx_word' id='word_1_648' title='bbox 2756 2194 2822 2231; x_wconf 91' lang='lat' dir='ltr'><strong>ne</strong></span> <span class='ocrx_word' id='word_1_649' title='bbox 2853 2178 2949 2247; x_wconf 90' lang='lat' dir='ltr'><strong>ipsi</strong></span> <span class='ocrx_word' id='word_1_650' title='bbox 2982 2195 3195 2251; x_wconf 88' lang='lat' dir='ltr'><strong>quoque</strong></span> <span class='ocrx_word' id='word_1_651' title='bbox 3228 2184 3278 2236; x_wconf 89' lang='lat' dir='ltr'><strong>in</strong></span> <span class='ocrx_word' id='word_1_652' title='bbox 3311 2185 3494 2239; x_wconf 86' lang='lat' dir='ltr'><strong>eadem</strong></span> 
     </span>
    </p>
   </div>
   <div class='ocr_carea' id='block_1_83' title="bbox 1917 2261 3497 2344">
    <p class='ocr_par' dir='ltr' id='par_1_83' title="bbox 1917 2261 3497 2344">
     <span class='ocr_line' id='line_1_83' title="bbox 1917 2261 3497 2344; baseline 0.011 -29"><span class='ocrx_word' id='word_1_653' title='bbox 1917 2261 2236 2318; x_wconf 87' lang='lat' dir='ltr'><strong>incidamus.</strong></span> <span class='ocrx_word' id='word_1_654' title='bbox 2267 2263 2390 2319; x_wconf 90' lang='lat' dir='ltr'><strong>Ideo</strong></span> <span class='ocrx_word' id='word_1_655' title='bbox 2435 2267 2634 2336; x_wconf 90' lang='lat' dir='ltr'><strong>scripta</strong></span> <span class='ocrx_word' id='word_1_656' title='bbox 2677 2277 2822 2333; x_wconf 91' lang='lat' dir='ltr'><strong>sunt,</strong></span> <span class='ocrx_word' id='word_1_657' title='bbox 2851 2286 2916 2322; x_wconf 86' lang='lat' dir='ltr'><strong>ne</strong></span> <span class='ocrx_word' id='word_1_658' title='bbox 2945 2270 3129 2324; x_wconf 90' lang='lat' dir='ltr'><strong>iisdem</strong></span> <span class='ocrx_word' id='word_1_659' title='bbox 3160 2287 3256 2328; x_wconf 86' lang='lat' dir='ltr'><strong>nos</strong></span> <span class='ocrx_word' id='word_1_660' title='bbox 3287 2290 3497 2344; x_wconf 81' lang='lat' dir='ltr'><strong>quoque</strong></span> 
     </span>
    </p>
   </div>
   <div class='ocr_carea' id='block_1_84' title="bbox 1915 2353 3495 2437">
    <p class='ocr_par' dir='ltr' id='par_1_84' title="bbox 1915 2353 3495 2437">
     <span class='ocr_line' id='line_1_84' title="bbox 1915 2353 3495 2437; baseline 0.01 -31"><span class='ocrx_word' id='word_1_661' title='bbox 1915 2354 2072 2408; x_wconf 91' lang='lat' dir='ltr'><strong>malis</strong></span> <span class='ocrx_word' id='word_1_662' title='bbox 2097 2353 2393 2410; x_wconf 78' lang='lat' dir='ltr'><strong>alliciamur</strong></span> <span class='ocrx_word' id='word_1_663' title='bbox 2423 2373 2438 2412; x_wconf 88' lang='lat'><strong>:</strong></span> <span class='ocrx_word' id='word_1_664' title='bbox 2469 2367 2752 2428; x_wconf 89' lang='lat' dir='ltr'><strong>propterea</strong></span> <span class='ocrx_word' id='word_1_665' title='bbox 2779 2360 2847 2414; x_wconf 89' lang='lat' dir='ltr'><strong>ab</strong></span> <span class='ocrx_word' id='word_1_666' title='bbox 2877 2363 3126 2417; x_wconf 89' lang='lat' dir='ltr'><strong>omnibus</strong></span> <span class='ocrx_word' id='word_1_667' title='bbox 3152 2366 3495 2437; x_wconf 54' lang='lat' dir='ltr'><strong>evangelistis</strong></span> 
     </span>
    </p>
   </div>
   <div class='ocr_carea' id='block_1_85' title="bbox 1917 2445 3498 2523">
    <p class='ocr_par' dir='ltr' id='par_1_85' title="bbox 1917 2445 3498 2523">
     <span class='ocr_line' id='line_1_85' title="bbox 1917 2445 3498 2523; baseline 0.011 -24"><span class='ocrx_word' id='word_1_668' title='bbox 1917 2445 1968 2500; x_wconf 92' lang='lat' dir='ltr'><strong>id</strong></span> <span class='ocrx_word' id='word_1_669' title='bbox 2000 2457 2268 2501; x_wconf 90' lang='lat' dir='ltr'><strong>narratum</strong></span> <span class='ocrx_word' id='word_1_670' title='bbox 2297 2458 2397 2515; x_wconf 90' lang='lat' dir='ltr'><strong>est,</strong></span> <span class='ocrx_word' id='word_1_671' title='bbox 2425 2460 2482 2504; x_wconf 92' lang='lat' dir='ltr'><strong>ut</strong></span> <span class='ocrx_word' id='word_1_672' title='bbox 2502 2467 2600 2507; x_wconf 92' lang='lat' dir='ltr'><strong>nos</strong></span> <span class='ocrx_word' id='word_1_673' title='bbox 2623 2455 3026 2523; x_wconf 88' lang='lat' dir='ltr'><strong>temperantiam</strong></span> <span class='ocrx_word' id='word_1_674' title='bbox 3059 2456 3335 2514; x_wconf 89' lang='lat' dir='ltr'><strong>docerent.</strong></span> <span class='ocrx_word' id='word_1_675' title='bbox 3366 2461 3498 2515; x_wconf 83' lang='lat' dir='ltr'><strong>Pro-</strong></span> 
     </span>
    </p>
   </div>
   <div class='ocr_carea' id='block_1_86' title="bbox 1915 2538 3494 2620">
    <p class='ocr_par' dir='ltr' id='par_1_86' title="bbox 1915 2538 3494 2620">
     <span class='ocr_line' id='line_1_86' title="bbox 1915 2538 3494 2620; baseline 0.011 -29"><span class='ocrx_word' id='word_1_676' title='bbox 1915 2538 1998 2591; x_wconf 90' lang='lat' dir='ltr'><strong>cul</strong></span> <span class='ocrx_word' id='word_1_677' title='bbox 2030 2538 2186 2608; x_wconf 78' lang='lat' dir='ltr'><strong>fuge:</strong></span> <span class='ocrx_word' id='word_1_678' title='bbox 2215 2554 2320 2593; x_wconf 91' lang='lat' dir='ltr'><strong>non</strong></span> <span class='ocrx_word' id='word_1_679' title='bbox 2346 2540 2447 2594; x_wconf 90' lang='lat' dir='ltr'><strong>hoc</strong></span> <span class='ocrx_word' id='word_1_680' title='bbox 2463 2542 2633 2597; x_wconf 89' lang='lat' dir='ltr'><strong>solum</strong></span> <span class='ocrx_word' id='word_1_681' title='bbox 2652 2545 2872 2598; x_wconf 87' lang='lat' dir='ltr'><strong>avaritia</strong></span> <span class='ocrx_word' id='word_1_682' title='bbox 2897 2556 2998 2612; x_wconf 90' lang='lat' dir='ltr'><strong>est,</strong></span> <span class='ocrx_word' id='word_1_683' title='bbox 3019 2548 3212 2605; x_wconf 88' lang='lat' dir='ltr'><strong>multas</strong></span> <span class='ocrx_word' id='word_1_684' title='bbox 3243 2552 3494 2620; x_wconf 81' lang='lat' dir='ltr'><strong>pecunias</strong></span> 
     </span>
    </p>
   </div>
   <div class='ocr_carea' id='block_1_87' title="bbox 1915 2630 3495 2708">
    <p class='ocr_par' dir='ltr' id='par_1_87' title="bbox 1915 2630 3495 2708">
     <span class='ocr_line' id='line_1_87' title="bbox 1915 2630 3495 2708; baseline 0.009 -26"><span class='ocrx_word' id='word_1_685' title='bbox 1915 2643 2135 2700; x_wconf 90' lang='lat' dir='ltr'><strong>cupere,</strong></span> <span class='ocrx_word' id='word_1_686' title='bbox 2168 2630 2263 2684; x_wconf 78' lang='lat' dir='ltr'><strong>sed</strong></span> <span class='ocrx_word' id='word_1_687' title='bbox 2308 2633 2468 2686; x_wconf 89' lang='lat' dir='ltr'><strong>etiam</strong></span> <span class='ocrx_word' id='word_1_688' title='bbox 2513 2635 2767 2702; x_wconf 87' lang='lat' dir='ltr'><strong>pecunias</strong></span> <span class='ocrx_word' id='word_1_689' title='bbox 2797 2638 3016 2692; x_wconf 88' lang='lat' dir='ltr'><strong>omnino</strong></span> <span class='ocrx_word' id='word_1_690' title='bbox 3056 2655 3274 2708; x_wconf 88' lang='lat' dir='ltr'><strong>cupere.</strong></span> <span class='ocrx_word' id='word_1_691' title='bbox 3307 2642 3495 2698; x_wconf 86' lang='lat' dir='ltr'><strong>Gravis</strong></span> 
     </span>
    </p>
   </div>
   <div class='ocr_carea' id='block_1_88' title="bbox 1913 2719 3492 2798">
    <p class='ocr_par' dir='ltr' id='par_1_88' title="bbox 1913 2719 3492 2798">
     <span class='ocr_line' id='line_1_88' title="bbox 1913 2719 3492 2798; baseline 0.009 -25"><span class='ocrx_word' id='word_1_692' title='bbox 1913 2719 2133 2773; x_wconf 90' lang='lat' dir='ltr'><strong>avaritia</strong></span> <span class='ocrx_word' id='word_1_693' title='bbox 2161 2731 2245 2776; x_wconf 91' lang='lat' dir='ltr'><strong>est</strong></span> <span class='ocrx_word' id='word_1_694' title='bbox 2270 2722 2388 2791; x_wconf 89' lang='lat' dir='ltr'><strong>plus</strong></span> <span class='ocrx_word' id='word_1_695' title='bbox 2419 2739 2662 2793; x_wconf 84' lang='lat' dir='ltr'><strong>poscere,</strong></span> <span class='ocrx_word' id='word_1_696' title='bbox 2683 2742 2841 2794; x_wconf 91' lang='lat' dir='ltr'><strong>quam</strong></span> <span class='ocrx_word' id='word_1_697' title='bbox 2865 2742 3000 2798; x_wconf 90' lang='lat' dir='ltr'><strong>opus</strong></span> <span class='ocrx_word' id='word_1_698' title='bbox 3023 2729 3108 2782; x_wconf 91' lang='lat' dir='ltr'><strong>sit.</strong></span> <span class='ocrx_word' id='word_1_699' title='bbox 3132 2730 3264 2784; x_wconf 86' lang='lat' dir='ltr'><strong>Num</strong></span> <span class='ocrx_word' id='word_1_700' title='bbox 3297 2734 3492 2788; x_wconf 89' lang='lat' dir='ltr'><strong>talenta</strong></span> 
     </span>
    </p>
   </div>
   <div class='ocr_carea' id='block_1_89' title="bbox 1913 2811 3492 2884">
    <p class='ocr_par' dir='ltr' id='par_1_89' title="bbox 1913 2811 3492 2884">
     <span class='ocr_line' id='line_1_89' title="bbox 1913 2811 3492 2884; baseline 0.009 -20"><span class='ocrx_word' id='word_1_701' title='bbox 1913 2811 2029 2864; x_wconf 91' lang='lat' dir='ltr'><strong>auri</strong></span> <span class='ocrx_word' id='word_1_702' title='bbox 2075 2811 2308 2876; x_wconf 82' lang='lat' dir='ltr'><strong>fuerunt,</strong></span> <span class='ocrx_word' id='word_1_703' title='bbox 2338 2829 2458 2883; x_wconf 61' lang='lat' dir='ltr'><strong>quae</strong></span> <span class='ocrx_word' id='word_1_704' title='bbox 2488 2816 2817 2884; x_wconf 88' lang='lat' dir='ltr'><strong>proditorem</strong></span> <span class='ocrx_word' id='word_1_705' title='bbox 2863 2818 2913 2872; x_wconf 92' lang='lat' dir='ltr'><strong>in</strong></span> <span class='ocrx_word' id='word_1_706' title='bbox 2960 2817 3096 2873; x_wconf 89' lang='lat' dir='ltr'><strong>hanc</strong></span> <span class='ocrx_word' id='word_1_707' title='bbox 3129 2831 3360 2876; x_wconf 89' lang='lat' dir='ltr'><strong>mentem</strong></span> <span class='ocrx_word' id='word_1_708' title='bbox 3393 2824 3492 2878; x_wconf 88' lang='lat' dir='ltr'><strong>im-</strong></span> 
     </span>
    </p>
   </div>
   <div class='ocr_carea' id='block_1_90' title="bbox 1915 2899 3488 2981">
    <p class='ocr_par' dir='ltr' id='par_1_90' title="bbox 1915 2899 3488 2981">
     <span class='ocr_line' id='line_1_90' title="bbox 1915 2899 3488 2981; baseline 0.01 -29"><span class='ocrx_word' id='word_1_709' title='bbox 1915 2899 2214 2968; x_wconf 88' lang='lat' dir='ltr'><strong>pellerent?</strong></span> <span class='ocrx_word' id='word_1_710' title='bbox 2244 2901 2480 2973; x_wconf 88' lang='lat' dir='ltr'><strong>Triginta</strong></span> <span class='ocrx_word' id='word_1_711' title='bbox 2513 2905 2688 2959; x_wconf 89' lang='lat' dir='ltr'><strong>solum</strong></span> <span class='ocrx_word' id='word_1_712' title='bbox 2721 2908 2960 2975; x_wconf 80' lang='lat' dir='ltr'><strong>argentei</strong></span> <span class='ocrx_word' id='word_1_713' title='bbox 2988 2925 3002 2961; x_wconf 93' lang='lat'><strong>:</strong></span> <span class='ocrx_word' id='word_1_714' title='bbox 3037 2910 3252 2977; x_wconf 88' lang='lat' dir='ltr'><strong>triginta</strong></span> <span class='ocrx_word' id='word_1_715' title='bbox 3294 2927 3488 2981; x_wconf 87' lang='lat' dir='ltr'><strong>argen-</strong></span> 
     </span>
    </p>
   </div>
   <div class='ocr_carea' id='block_1_91' title="bbox 1915 2991 3490 3062">
    <p class='ocr_par' dir='ltr' id='par_1_91' title="bbox 1915 2991 3490 3062">
     <span class='ocr_line' id='line_1_91' title="bbox 1915 2991 3490 3062; baseline 0.011 -18"><span class='ocrx_word' id='word_1_716' title='bbox 1915 2991 2014 3046; x_wconf 85' lang='lat' dir='ltr'><strong>teis</strong></span> <span class='ocrx_word' id='word_1_717' title='bbox 2042 2993 2216 3061; x_wconf 56' lang='lat' dir='ltr'><strong>ipsum</strong></span> <span class='ocrx_word' id='word_1_718' title='bbox 2251 2995 2482 3062; x_wconf 85' lang='lat' dir='ltr'><strong>prodidit</strong></span> <span class='ocrx_word' id='word_1_719' title='bbox 2525 2997 2832 3053; x_wconf 89' lang='lat' dir='ltr'><strong>Dominum.</strong></span> <span class='ocrx_word' id='word_1_720' title='bbox 2880 3000 2962 3054; x_wconf 84' lang='lat' dir='ltr'><strong>An</strong></span> <span class='ocrx_word' id='word_1_721' title='bbox 2995 3002 3248 3056; x_wconf 75' lang='lat' dir='ltr'><strong>memoria</strong></span> <span class='ocrx_word' id='word_1_722' title='bbox 3299 3005 3490 3062; x_wconf 84' lang='lat' dir='ltr'><strong>tenetis</strong></span> 
     </span>
    </p>
   </div>
   <div class='ocr_carea' id='block_1_92' title="bbox 1914 3082 3485 3165">
    <p class='ocr_par' dir='ltr' id='par_1_92' title="bbox 1914 3082 3485 3165">
     <span class='ocr_line' id='line_1_92' title="bbox 1914 3082 3485 3165; baseline 0.008 -29"><span class='ocrx_word' id='word_1_723' title='bbox 1914 3082 2057 3152; x_wconf 88' lang='lat' dir='ltr'><strong>quod</strong></span> <span class='ocrx_word' id='word_1_724' title='bbox 2082 3093 2237 3137; x_wconf 79' lang='lat' dir='ltr'><strong>antea</strong></span> <span class='ocrx_word' id='word_1_725' title='bbox 2270 3085 2533 3150; x_wconf 90' lang='lat' dir='ltr'><strong>dicebam,</strong></span> <span class='ocrx_word' id='word_1_726' title='bbox 2568 3088 2973 3145; x_wconf 88' lang='lat' dir='ltr'><strong>immoderatam</strong></span> <span class='ocrx_word' id='word_1_727' title='bbox 3021 3092 3248 3148; x_wconf 90' lang='lat' dir='ltr'><strong>habendi</strong></span> <span class='ocrx_word' id='word_1_728' title='bbox 3276 3099 3485 3165; x_wconf 83' lang='lat' dir='ltr'><strong>cupidi-</strong></span> 
     </span>
    </p>
   </div>
   <div class='ocr_carea' id='block_1_93' title="bbox 1916 3176 3488 3258">
    <p class='ocr_par' dir='ltr' id='par_1_93' title="bbox 1916 3176 3488 3258">
     <span class='ocr_line' id='line_1_93' title="bbox 1916 3176 3488 3258; baseline 0.011 -33"><span class='ocrx_word' id='word_1_729' title='bbox 1916 3181 2078 3226; x_wconf 88' lang='lat' dir='ltr'><strong>tatem</strong></span> <span class='ocrx_word' id='word_1_730' title='bbox 2121 3190 2227 3228; x_wconf 93' lang='lat' dir='ltr'><strong>non</strong></span> <span class='ocrx_word' id='word_1_731' title='bbox 2278 3176 2329 3229; x_wconf 90' lang='lat' dir='ltr'><strong>in</strong></span> <span class='ocrx_word' id='word_1_732' title='bbox 2383 3192 2448 3230; x_wconf 89' lang='lat' dir='ltr'><strong>co</strong></span> <span class='ocrx_word' id='word_1_733' title='bbox 2492 3178 2666 3232; x_wconf 87' lang='lat' dir='ltr'><strong>solum</strong></span> <span class='ocrx_word' id='word_1_734' title='bbox 2713 3196 2772 3234; x_wconf 89' lang='lat' dir='ltr'><strong>se</strong></span> <span class='ocrx_word' id='word_1_735' title='bbox 2795 3182 3102 3245; x_wconf 81' lang='lat' dir='ltr'><strong>ostendere,</strong></span> <span class='ocrx_word' id='word_1_736' title='bbox 3131 3186 3271 3254; x_wconf 89' lang='lat' dir='ltr'><strong>quod</strong></span> <span class='ocrx_word' id='word_1_737' title='bbox 3302 3203 3488 3258; x_wconf 89' lang='lat' dir='ltr'><strong>magna</strong></span> 
     </span>
    </p>
   </div>
   <div class='ocr_carea' id='block_1_94' title="bbox 1912 3264 3490 3349">
    <p class='ocr_par' dir='ltr' id='par_1_94' title="bbox 1912 3264 3490 3349">
     <span class='ocr_line' id='line_1_94' title="bbox 1912 3264 3490 3349; baseline 0.012 -33"><span class='ocrx_word' id='word_1_738' title='bbox 1912 3264 2262 3334; x_wconf 85' lang='lat' dir='ltr'><strong>accipiantur,</strong></span> <span class='ocrx_word' id='word_1_739' title='bbox 2290 3267 2386 3321; x_wconf 85' lang='lat' dir='ltr'><strong>sed</strong></span> <span class='ocrx_word' id='word_1_740' title='bbox 2426 3269 2597 3338; x_wconf 85' lang='lat' dir='ltr'><strong>magis</strong></span> <span class='ocrx_word' id='word_1_741' title='bbox 2625 3271 2784 3324; x_wconf 87' lang='lat' dir='ltr'><strong>etiam</strong></span> <span class='ocrx_word' id='word_1_742' title='bbox 2813 3273 2951 3341; x_wconf 87' lang='lat' dir='ltr'><strong>quod</strong></span> <span class='ocrx_word' id='word_1_743' title='bbox 2990 3277 3190 3343; x_wconf 70' lang='lat' dir='ltr'><strong>parra?</strong></span> <span class='ocrx_word' id='word_1_744' title='bbox 3217 3277 3294 3331; x_wconf 85' lang='lat' dir='ltr'><strong>Eu</strong></span> <span class='ocrx_word' id='word_1_745' title='bbox 3323 3295 3490 3349; x_wconf 90' lang='lat' dir='ltr'><strong>quan-</strong></span> 
     </span>
    </p>
   </div>
   <div class='ocr_carea' id='block_1_95' title="bbox 1915 3355 3487 3434">
    <p class='ocr_par' dir='ltr' id='par_1_95' title="bbox 1915 3355 3487 3434">
     <span class='ocr_line' id='line_1_95' title="bbox 1915 3355 3487 3434; baseline 0.011 -28"><span class='ocrx_word' id='word_1_746' title='bbox 1915 3362 2028 3408; x_wconf 89' lang='lat' dir='ltr'><strong>tum</strong></span> <span class='ocrx_word' id='word_1_747' title='bbox 2058 3355 2235 3410; x_wconf 89' lang='lat' dir='ltr'><strong>scelus</strong></span> <span class='ocrx_word' id='word_1_748' title='bbox 2264 3356 2362 3410; x_wconf 82' lang='lat' dir='ltr'><strong>iste.</strong></span> <span class='ocrx_word' id='word_1_749' title='bbox 2387 3358 2655 3412; x_wconf 90' lang='lat' dir='ltr'><strong>connnisit</strong></span> <span class='ocrx_word' id='word_1_750' title='bbox 2689 3362 2915 3429; x_wconf 89' lang='lat' dir='ltr'><strong>pauculo</strong></span> <span class='ocrx_word' id='word_1_751' title='bbox 2945 3379 3076 3418; x_wconf 89' lang='lat' dir='ltr'><strong>auro</strong></span> <span class='ocrx_word' id='word_1_752' title='bbox 3097 3366 3377 3434; x_wconf 85' lang='lat' dir='ltr'><strong>adductus,</strong></span> <span class='ocrx_word' id='word_1_753' title='bbox 3406 3371 3487 3426; x_wconf 72' lang='lat' dir='ltr'><strong>vel</strong></span> 
     </span>
    </p>
   </div>
   <div class='ocr_carea' id='block_1_96' title="bbox 1913 3446 3491 3528">
    <p class='ocr_par' dir='ltr' id='par_1_96' title="bbox 1913 3446 3491 3528">
     <span class='ocr_line' id='line_1_96' title="bbox 1913 3446 3491 3528; baseline 0.012 -31"><span class='ocrx_word' id='word_1_754' title='bbox 1913 3446 2092 3514; x_wconf 89' lang='lat' dir='ltr'><strong>potius</strong></span> <span class='ocrx_word' id='word_1_755' title='bbox 2121 3462 2224 3500; x_wconf 92' lang='lat' dir='ltr'><strong>non</strong></span> <span class='ocrx_word' id='word_1_756' title='bbox 2269 3462 2423 3511; x_wconf 87' lang='lat' dir='ltr'><strong>auro,</strong></span> <span class='ocrx_word' id='word_1_757' title='bbox 2454 3449 2548 3503; x_wconf 91' lang='lat' dir='ltr'><strong>sed</strong></span> <span class='ocrx_word' id='word_1_758' title='bbox 2597 3453 2889 3521; x_wconf 88' lang='lat' dir='ltr'><strong>argenteis.</strong></span> <span class='ocrx_word' id='word_1_759' title='bbox 2919 3454 3099 3520; x_wconf 72' lang='lat' dir='ltr'><strong>Nefas,</strong></span> <span class='ocrx_word' id='word_1_760' title='bbox 3137 3458 3236 3511; x_wconf 81' lang='lat' dir='ltr'><strong>net.</strong></span> <span class='ocrx_word' id='word_1_761' title='bbox 3260 3475 3286 3513; x_wconf 93' lang='lat' dir='ltr'><strong>s</strong></span> <span class='ocrx_word' id='word_1_762' title='bbox 3337 3462 3491 3528; x_wconf 88' lang='lat' dir='ltr'><strong>plane</strong></span> 
     </span>
    </p>
   </div>
   <div class='ocr_carea' id='block_1_97' title="bbox 1915 3536 3486 3612">
    <p class='ocr_par' dir='ltr' id='par_1_97' title="bbox 1915 3536 3486 3612">
     <span class='ocr_line' id='line_1_97' title="bbox 1915 3536 3486 3612; baseline 0.011 -22"><span class='ocrx_word' id='word_1_763' title='bbox 1915 3544 1998 3592; x_wconf 87' lang='lat' dir='ltr'><strong>est</strong></span> <span class='ocrx_word' id='word_1_764' title='bbox 2020 3536 2290 3592; x_wconf 88' lang='lat' dir='ltr'><strong>hominem</strong></span> <span class='ocrx_word' id='word_1_765' title='bbox 2317 3554 2536 3594; x_wconf 87' lang='lat' dir='ltr'><strong>avarum</strong></span> <span class='ocrx_word' id='word_1_766' title='bbox 2564 3557 2812 3612; x_wconf 89' lang='lat' dir='ltr'><strong>umquam</strong></span> <span class='ocrx_word' id='word_1_767' title='bbox 2841 3545 3032 3600; x_wconf 90' lang='lat' dir='ltr'><strong>intueri</strong></span> <span class='ocrx_word' id='word_1_768' title='bbox 3056 3547 3240 3602; x_wconf 79' lang='lat' dir='ltr'><strong>faciem</strong></span> <span class='ocrx_word' id='word_1_769' title='bbox 3260 3549 3486 3608; x_wconf 89' lang='lat' dir='ltr'><strong>Christi:</strong></span> 
     </span>
    </p>
   </div>
   <div class='ocr_carea' id='block_1_98' title="bbox 1913 3627 3487 3707">
    <p class='ocr_par' dir='ltr' id='par_1_98' title="bbox 1913 3627 3487 3707">
     <span class='ocr_line' id='line_1_98' title="bbox 1913 3627 3487 3707; baseline 0.011 -27"><span class='ocrx_word' id='word_1_770' title='bbox 1913 3627 2014 3681; x_wconf 88' lang='lat' dir='ltr'><strong>hoc</strong></span> <span class='ocrx_word' id='word_1_771' title='bbox 2039 3638 2122 3681; x_wconf 90' lang='lat' dir='ltr'><strong>est</strong></span> <span class='ocrx_word' id='word_1_772' title='bbox 2153 3645 2316 3684; x_wconf 91' lang='lat' dir='ltr'><strong>unum</strong></span> <span class='ocrx_word' id='word_1_773' title='bbox 2345 3647 2408 3685; x_wconf 73' lang='lat' dir='ltr'><strong>ex</strong></span> <span class='ocrx_word' id='word_1_774' title='bbox 2443 3631 2530 3696; x_wconf 91' lang='lat' dir='ltr'><strong>iis,</strong></span> <span class='ocrx_word' id='word_1_775' title='bbox 2563 3647 2682 3702; x_wconf 74' lang='lat' dir='ltr'><strong>qua:</strong></span> <span class='ocrx_word' id='word_1_776' title='bbox 2714 3635 2827 3688; x_wconf 90' lang='lat' dir='ltr'><strong>lieri</strong></span> <span class='ocrx_word' id='word_1_777' title='bbox 2859 3637 3076 3691; x_wconf 88' lang='lat' dir='ltr'><strong>minime</strong></span> <span class='ocrx_word' id='word_1_778' title='bbox 3104 3650 3342 3707; x_wconf 90' lang='lat' dir='ltr'><strong>possunt.</strong></span> <span class='ocrx_word' id='word_1_779' title='bbox 3376 3642 3487 3698; x_wconf 73' lang='lat' dir='ltr'><strong>lia-</strong></span> 
     </span>
    </p>
   </div>
   <div class='ocr_carea' id='block_1_99' title="bbox 1910 3713 3492 3794">
    <p class='ocr_par' dir='ltr' id='par_1_99' title="bbox 1910 3713 3492 3794">
     <span class='ocr_line' id='line_1_99' title="bbox 1910 3713 3492 3794; baseline 0.01 -22"><span class='ocrx_word' id='word_1_780' title='bbox 1910 3718 1999 3773; x_wconf 77' lang='lat' dir='ltr'><strong>dix</strong></span> <span class='ocrx_word' id='word_1_781' title='bbox 2030 3721 2294 3775; x_wconf 89' lang='lat' dir='ltr'><strong>malorum</strong></span> <span class='ocrx_word' id='word_1_782' title='bbox 2326 3731 2428 3777; x_wconf 88' lang='lat' dir='ltr'><strong>est.</strong></span> <span class='ocrx_word' id='word_1_783' title='bbox 2453 3723 2606 3789; x_wconf 86' lang='lat' dir='ltr'><strong>Quod</strong></span> <span class='ocrx_word' id='word_1_784' title='bbox 2635 3713 2678 3778; x_wconf 88' lang='lat' dir='ltr'><strong>si</strong></span> <span class='ocrx_word' id='word_1_785' title='bbox 2707 3725 2792 3794; x_wconf 91' lang='lat' dir='ltr'><strong>qui</strong></span> <span class='ocrx_word' id='word_1_786' title='bbox 2823 3727 2905 3781; x_wconf 87' lang='lat' dir='ltr'><strong>vel</strong></span> <span class='ocrx_word' id='word_1_787' title='bbox 2934 3728 3023 3780; x_wconf 87' lang='lat' dir='ltr'><strong>ttni</strong></span> <span class='ocrx_word' id='word_1_788' title='bbox 3056 3730 3196 3783; x_wconf 91' lang='lat' dir='ltr'><strong>malo</strong></span> <span class='ocrx_word' id='word_1_789' title='bbox 3224 3731 3492 3788; x_wconf 79' lang='lat' dir='ltr'><strong>obnoxius</strong></span> 
     </span>
    </p>
   </div>
   <div class='ocr_carea' id='block_1_100' title="bbox 1912 3813 3486 3890">
    <p class='ocr_par' dir='ltr' id='par_1_100' title="bbox 1912 3813 3486 3890">
     <span class='ocr_line' id='line_1_100' title="bbox 1912 3813 3486 3890; baseline 0.01 -24"><span class='ocrx_word' id='word_1_790' title='bbox 1912 3823 2014 3877; x_wconf 91' lang='lat' dir='ltr'><strong>est,</strong></span> <span class='ocrx_word' id='word_1_791' title='bbox 2039 3813 2261 3883; x_wconf 86' lang='lat' dir='ltr'><strong>gloriam</strong></span> <span class='ocrx_word' id='word_1_792' title='bbox 2296 3815 2436 3868; x_wconf 91' lang='lat' dir='ltr'><strong>illam</strong></span> <span class='ocrx_word' id='word_1_793' title='bbox 2461 3817 2678 3879; x_wconf 89' lang='lat' dir='ltr'><strong>amittit,</strong></span> <span class='ocrx_word' id='word_1_794' title='bbox 2697 3819 2818 3886; x_wconf 89' lang='lat' dir='ltr'><strong>quis</strong></span> <span class='ocrx_word' id='word_1_795' title='bbox 2848 3819 3083 3875; x_wconf 89' lang='lat' dir='ltr'><strong>radicem</strong></span> <span class='ocrx_word' id='word_1_796' title='bbox 3111 3823 3275 3890; x_wconf 85' lang='lat' dir='ltr'><strong>ipsam</strong></span> <span class='ocrx_word' id='word_1_797' title='bbox 3306 3841 3486 3881; x_wconf 85' lang='lat' dir='ltr'><strong>secum</strong></span> 
     </span>
    </p>
   </div>
   <div class='ocr_carea' id='block_1_101' title="bbox 1912 3905 3489 3982">
    <p class='ocr_par' dir='ltr' id='par_1_101' title="bbox 1912 3905 3489 3982">
     <span class='ocr_line' id='line_1_101' title="bbox 1912 3905 3489 3982; baseline 0.01 -24"><span class='ocrx_word' id='word_1_798' title='bbox 1912 3905 2065 3959; x_wconf 86' lang='lat' dir='ltr'><strong>all‘ert</strong></span> <span class='ocrx_word' id='word_1_799' title='bbox 2105 3907 2190 3960; x_wconf 89' lang='lat' dir='ltr'><strong>ubi</strong></span> <span class='ocrx_word' id='word_1_800' title='bbox 2215 3907 2609 3963; x_wconf 88' lang='lat' dir='ltr'><strong>collocahitur?</strong></span> <span class='ocrx_word' id='word_1_801' title='bbox 2635 3909 2752 3964; x_wconf 83' lang='lat' dir='ltr'><strong>Non</strong></span> <span class='ocrx_word' id='word_1_802' title='bbox 2780 3920 2959 3980; x_wconf 88' lang='lat' dir='ltr'><strong>potest</strong></span> <span class='ocrx_word' id='word_1_803' title='bbox 2987 3916 3333 3982; x_wconf 90' lang='lat' dir='ltr'><strong>peeuniarmn</strong></span> <span class='ocrx_word' id='word_1_804' title='bbox 3378 3933 3489 3973; x_wconf 85' lang='lat' dir='ltr'><strong>ser-</strong></span> 
     </span>
    </p>
   </div>
   <div class='ocr_carea' id='block_1_102' title="bbox 1911 4000 3584 4078">
    <p class='ocr_par' dir='ltr' id='par_1_102' title="bbox 1911 4000 3584 4078">
     <span class='ocr_line' id='line_1_102' title="bbox 1911 4000 3584 4078; baseline 0.011 -32"><span class='ocrx_word' id='word_1_805' title='bbox 1911 4010 2009 4049; x_wconf 90' lang='lat' dir='ltr'><strong>vus</strong></span> <span class='ocrx_word' id='word_1_806' title='bbox 2035 4012 2322 4066; x_wconf 89' lang='lat' dir='ltr'><strong>germanus</strong></span> <span class='ocrx_word' id='word_1_807' title='bbox 2344 4013 2465 4054; x_wconf 91' lang='lat' dir='ltr'><strong>esse</strong></span> <span class='ocrx_word' id='word_1_808' title='bbox 2487 4000 2683 4055; x_wconf 90' lang='lat' dir='ltr'><strong>Christi</strong></span> <span class='ocrx_word' id='word_1_809' title='bbox 2712 4016 2918 4055; x_wconf 88' lang='lat' dir='ltr'><strong>servus.</strong></span> <span class='ocrx_word' id='word_1_810' title='bbox 2948 4003 3197 4059; x_wconf 82' lang='lat' dir='ltr'><strong>Christus</strong></span> <span class='ocrx_word' id='word_1_811' title='bbox 3230 4005 3344 4075; x_wconf 82' lang='lat' dir='ltr'><strong>ipse</strong></span> <span class='ocrx_word' id='word_1_812' title='bbox 3371 4011 3490 4078; x_wconf 85' lang='lat' dir='ltr'><strong>pro-</strong></span> <span class='ocrx_word' id='word_1_813' title='bbox 3581 4040 3584 4041; x_wconf 53' lang='grc' dir='ltr'><em>ν</em></span> 
     </span>
    </p>
   </div>
   <div class='ocr_carea' id='block_1_103' title="bbox 1913 4091 3489 4164">
    <p class='ocr_par' dir='ltr' id='par_1_103' title="bbox 1913 4091 3489 4164">
     <span class='ocr_line' id='line_1_103' title="bbox 1913 4091 3489 4164; baseline 0.007 -22"><span class='ocrx_word' id='word_1_814' title='bbox 1913 4091 2180 4144; x_wconf 87' lang='lat' dir='ltr'><strong>nuntiavit</strong></span> <span class='ocrx_word' id='word_1_815' title='bbox 2225 4107 2336 4146; x_wconf 89' lang='lat' dir='ltr'><strong>rem</strong></span> <span class='ocrx_word' id='word_1_816' title='bbox 2380 4108 2498 4147; x_wconf 87' lang='lat' dir='ltr'><strong>esse</strong></span> <span class='ocrx_word' id='word_1_817' title='bbox 2545 4093 2869 4161; x_wconf 88' lang='lat' dir='ltr'><strong>hujusmodi,</strong></span> <span class='ocrx_word' id='word_1_818' title='bbox 2903 4111 3020 4164; x_wconf 77' lang='lat' dir='ltr'><strong>qua:</strong></span> <span class='ocrx_word' id='word_1_819' title='bbox 3054 4109 3305 4152; x_wconf 87' lang='lat' dir='ltr'><strong>constare</strong></span> <span class='ocrx_word' id='word_1_820' title='bbox 3347 4103 3489 4154; x_wconf 88' lang='lat' dir='ltr'><strong>nullo</strong></span> 
     </span>
    </p>
   </div>
   <div class='ocr_carea' id='block_1_104' title="bbox 1913 4183 3491 4256">
    <p class='ocr_par' dir='ltr' id='par_1_104' title="bbox 1913 4183 3491 4256">
     <span class='ocr_line' id='line_1_104' title="bbox 1913 4183 3491 4256; baseline 0.005 -21"><span class='ocrx_word' id='word_1_821' title='bbox 1913 4193 2067 4252; x_wconf 88' lang='lat' dir='ltr'><strong>pacto</strong></span> <span class='ocrx_word' id='word_1_822' title='bbox 2111 4195 2289 4254; x_wconf 89' lang='lat' dir='ltr'><strong>qttcat.</strong></span> <span class='ocrx_word' id='word_1_823' title='bbox 2318 4183 2437 4239; x_wconf 83' lang='lat' dir='ltr'><strong>Non</strong></span> <span class='ocrx_word' id='word_1_824' title='bbox 2469 4187 2696 4255; x_wconf 82' lang='lat' dir='ltr'><strong>potestis,</strong></span> <span class='ocrx_word' id='word_1_825' title='bbox 2723 4188 2912 4256; x_wconf 85' lang='lat' dir='ltr'><strong>inquit,</strong></span> <span class='ocrx_word' id='word_1_826' title='bbox 2951 4187 3054 4240; x_wconf 80' lang='lat' dir='ltr'><strong>Deo</strong></span> <span class='ocrx_word' id='word_1_827' title='bbox 3083 4191 3268 4243; x_wconf 77' lang='lat' dir='ltr'><strong>servire</strong></span> <span class='ocrx_word' id='word_1_828' title='bbox 3311 4203 3355 4243; x_wconf 89' lang='lat' dir='ltr'><strong>et</strong></span> <span class='ocrx_word' id='word_1_829' title='bbox 3383 4209 3491 4243; x_wconf 86' lang='lat' dir='ltr'><strong>ma-</strong></span> 
     </span>
    </p>
   </div>
   <div class='ocr_carea' id='block_1_105' title="bbox 1914 4275 3488 4348">
    <p class='ocr_par' dir='ltr' id='par_1_105' title="bbox 1914 4275 3488 4348">
     <span class='ocr_line' id='line_1_105' title="bbox 1914 4275 3488 4348; baseline 0.005 -20"><span class='ocrx_word' id='word_1_830' title='bbox 1914 4293 2098 4340; x_wconf 75' lang='lat' dir='ltr'><strong>mome;</strong></span> <span class='ocrx_word' id='word_1_831' title='bbox 2117 4286 2190 4339; x_wconf 89' lang='lat' dir='ltr'><strong>ct,</strong></span> <span class='ocrx_word' id='word_1_832' title='bbox 2209 4275 2372 4330; x_wconf 87' lang='lat' dir='ltr'><strong>Nemo</strong></span> <span class='ocrx_word' id='word_1_833' title='bbox 2391 4288 2546 4344; x_wconf 79' lang='lat' dir='ltr'><strong>potest</strong></span> <span class='ocrx_word' id='word_1_834' title='bbox 2566 4277 2760 4330; x_wconf 82' lang='lat' dir='ltr'><strong>duobus</strong></span> <span class='ocrx_word' id='word_1_835' title='bbox 2776 4279 2992 4340; x_wconf 83' lang='lat' dir='ltr'><strong>dominis</strong></span> <span class='ocrx_word' id='word_1_836' title='bbox 3009 4282 3192 4333; x_wconf 82' lang='lat' dir='ltr'><strong>servire</strong></span> <span class='ocrx_word' id='word_1_837' title='bbox 3205 4287 3220 4348; x_wconf 93' lang='lat'><strong>(</strong></span> <span class='ocrx_word' id='word_1_838' title='bbox 3235 4281 3419 4335; x_wconf 78' lang='lat' dir='ltr'><strong>Matth.</strong></span> <span class='ocrx_word' id='word_1_839' title='bbox 3437 4285 3488 4335; x_wconf 89' lang='lat'><strong>6.</strong></span> 
     </span>
    </p>
   </div>
   <div class='ocr_carea' id='block_1_106' title="bbox 1911 4369 3493 4443">
    <p class='ocr_par' dir='ltr' id='par_1_106' title="bbox 1911 4369 3493 4443">
     <span class='ocr_line' id='line_1_106' title="bbox 1911 4369 3493 4443; baseline 0.003 -21"><span class='ocrx_word' id='word_1_840' title='bbox 1911 4369 2312 4438; x_wconf 66' lang='lat' dir='ltr'><strong>2i).Contraria</strong></span> <span class='ocrx_word' id='word_1_841' title='bbox 2329 4369 2471 4421; x_wconf 91' lang='lat' dir='ltr'><strong>enim</strong></span> <span class='ocrx_word' id='word_1_842' title='bbox 2493 4369 2828 4436; x_wconf 70' lang='lat' dir='ltr'><strong>prascipiunt:</strong></span> <span class='ocrx_word' id='word_1_843' title='bbox 2844 4369 3110 4432; x_wconf 86' lang='lat' dir='ltr'><strong>Christus,</strong></span> <span class='ocrx_word' id='word_1_844' title='bbox 3127 4370 3298 4443; x_wconf 80' lang='lat' dir='ltr'><strong>inquit</strong></span> <span class='ocrx_word' id='word_1_845' title='bbox 3329 4371 3493 4426; x_wconf 79' lang='lat' dir='ltr'><strong>Parce</strong></span> 
     </span>
    </p>
   </div>
   <div class='ocr_carea' id='block_1_107' title="bbox 1917 4459 3493 4528">
    <p class='ocr_par' dir='ltr' id='par_1_107' title="bbox 1917 4459 3493 4528">
     <span class='ocr_line' id='line_1_107' title="bbox 1917 4459 3493 4528; baseline 0.003 -16"><span class='ocrx_word' id='word_1_846' title='bbox 1917 4459 2269 4528; x_wconf 85' lang='lat' dir='ltr'><strong>pauperibus;</strong></span> <span class='ocrx_word' id='word_1_847' title='bbox 2322 4473 2568 4512; x_wconf 88' lang='lat' dir='ltr'><strong>mamona</strong></span> <span class='ocrx_word' id='word_1_848' title='bbox 2623 4459 2824 4528; x_wconf 92' lang='lat' dir='ltr'><strong>inquit,</strong></span> <span class='ocrx_word' id='word_1_849' title='bbox 2861 4460 3006 4514; x_wconf 73' lang='lat' dir='ltr'><strong>Exue</strong></span> <span class='ocrx_word' id='word_1_850' title='bbox 3056 4461 3176 4514; x_wconf 92' lang='lat' dir='ltr'><strong>illos</strong></span> <span class='ocrx_word' id='word_1_851' title='bbox 3227 4461 3388 4515; x_wconf 85' lang='lat' dir='ltr'><strong>etiam</strong></span> <span class='ocrx_word' id='word_1_852' title='bbox 3429 4464 3493 4517; x_wconf 83' lang='lat' dir='ltr'><strong>iis</strong></span> 
     </span>
    </p>
   </div>
   <div class='ocr_carea' id='block_1_108' title="bbox 1914 4549 3490 4623">
    <p class='ocr_par' dir='ltr' id='par_1_108' title="bbox 1914 4549 3490 4623">
     <span class='ocr_line' id='line_1_108' title="bbox 1914 4549 3490 4623; baseline 0.001 -18"><span class='ocrx_word' id='word_1_853' title='bbox 1914 4568 2033 4622; x_wconf 65' lang='lat' dir='ltr'><strong>quae</strong></span> <span class='ocrx_word' id='word_1_854' title='bbox 2065 4552 2289 4607; x_wconf 90' lang='lat' dir='ltr'><strong>habent:</strong></span> <span class='ocrx_word' id='word_1_855' title='bbox 2314 4549 2561 4606; x_wconf 89' lang='lat' dir='ltr'><strong>Christus</strong></span> <span class='ocrx_word' id='word_1_856' title='bbox 2582 4552 2742 4616; x_wconf 92' lang='lat' dir='ltr'><strong>dicit,</strong></span> <span class='ocrx_word' id='word_1_857' title='bbox 2767 4551 2988 4606; x_wconf 72' lang='lat' dir='ltr'><strong>Elfundc</strong></span> <span class='ocrx_word' id='word_1_858' title='bbox 3019 4569 3367 4623; x_wconf 70' lang='lat' dir='ltr'><strong>qumcumque</strong></span> <span class='ocrx_word' id='word_1_859' title='bbox 3398 4555 3490 4608; x_wconf 85' lang='lat' dir='ltr'><strong>ha-</strong></span> 
     </span>
    </p>
   </div>
   <div class='ocr_carea' id='block_1_109' title="bbox 1916 4641 3484 4714">
    <p class='ocr_par' dir='ltr' id='par_1_109' title="bbox 1916 4641 3484 4714">
     <span class='ocr_line' id='line_1_109' title="bbox 1916 4641 3484 4714; baseline 0.002 -17"><span class='ocrx_word' id='word_1_860' title='bbox 1916 4643 2040 4705; x_wconf 86' lang='lat' dir='ltr'><strong>bes;</strong></span> <span class='ocrx_word' id='word_1_861' title='bbox 2071 4657 2316 4696; x_wconf 89' lang='lat' dir='ltr'><strong>mamona</strong></span> <span class='ocrx_word' id='word_1_862' title='bbox 2361 4641 2511 4708; x_wconf 89' lang='lat' dir='ltr'><strong>dicit,</strong></span> <span class='ocrx_word' id='word_1_863' title='bbox 2548 4642 2620 4696; x_wconf 80' lang='lat' dir='ltr'><strong>Ea</strong></span> <span class='ocrx_word' id='word_1_864' title='bbox 2652 4643 2813 4696; x_wconf 88' lang='lat' dir='ltr'><strong>etiam</strong></span> <span class='ocrx_word' id='word_1_865' title='bbox 2842 4658 2975 4711; x_wconf 85' lang='lat' dir='ltr'><strong>cape</strong></span> <span class='ocrx_word' id='word_1_866' title='bbox 3001 4661 3119 4714; x_wconf 75' lang='lat' dir='ltr'><strong>quae</strong></span> <span class='ocrx_word' id='word_1_867' title='bbox 3148 4645 3220 4698; x_wconf 94' lang='lat' dir='ltr'><strong>illi</strong></span> <span class='ocrx_word' id='word_1_868' title='bbox 3272 4645 3484 4702; x_wconf 88' lang='lat' dir='ltr'><strong>habent.</strong></span> 
     </span>
    </p>
   </div>
   <div class='ocr_carea' id='block_1_110' title="bbox 1987 4721 3487 4802">
    <p class='ocr_par' dir='ltr' id='par_1_110' title="bbox 1987 4721 3487 4802">
     <span class='ocr_line' id='line_1_110' title="bbox 1987 4721 3487 4802; baseline 0.004 -15"><span class='ocrx_word' id='word_1_869' title='bbox 1987 4734 2041 4787; x_wconf 89' lang='lat'><strong>6.</strong></span> <span class='ocrx_word' id='word_1_870' title='bbox 2084 4732 2245 4786; x_wconf 83' lang='lat' dir='ltr'><strong>Vides</strong></span> <span class='ocrx_word' id='word_1_871' title='bbox 2275 4747 2528 4802; x_wconf 83' lang='lat' dir='ltr'><strong>pugnam,</strong></span> <span class='ocrx_word' id='word_1_872' title='bbox 2557 4733 2708 4787; x_wconf 91' lang='lat' dir='ltr'><strong>vides</strong></span> <span class='ocrx_word' id='word_1_873' title='bbox 2752 4721 2996 4788; x_wconf 81' lang='lat' dir='ltr'><strong>bellum?</strong></span> <span class='ocrx_word' id='word_1_874' title='bbox 3029 4736 3264 4790; x_wconf 77' lang='lat' dir='ltr'><strong>Voltisne</strong></span> <span class='ocrx_word' id='word_1_875' title='bbox 3305 4748 3487 4794; x_wconf 82' lang='lat' dir='ltr'><strong>osten-</strong></span> 
     </span>
    </p>
   </div>
   <div class='ocr_carea' id='block_1_111' title="bbox 1915 4821 3490 4896">
    <p class='ocr_par' dir='ltr' id='par_1_111' title="bbox 1915 4821 3490 4896">
     <span class='ocr_line' id='line_1_111' title="bbox 1915 4821 3490 4896; baseline 0.006 -22"><span class='ocrx_word' id='word_1_876' title='bbox 1915 4821 2104 4876; x_wconf 89' lang='lat' dir='ltr'><strong>damus</strong></span> <span class='ocrx_word' id='word_1_877' title='bbox 2131 4823 2402 4892; x_wconf 89' lang='lat' dir='ltr'><strong>quomodo</strong></span> <span class='ocrx_word' id='word_1_878' title='bbox 2453 4824 2664 4893; x_wconf 87' lang='lat' dir='ltr'><strong>utrique</strong></span> <span class='ocrx_word' id='word_1_879' title='bbox 2695 4839 2854 4878; x_wconf 89' lang='lat' dir='ltr'><strong>nemo</strong></span> <span class='ocrx_word' id='word_1_880' title='bbox 2893 4825 3268 4894; x_wconf 88' lang='lat' dir='ltr'><strong>obtemperare</strong></span> <span class='ocrx_word' id='word_1_881' title='bbox 3296 4838 3490 4896; x_wconf 86' lang='lat' dir='ltr'><strong>potest,</strong></span> 
     </span>
    </p>
   </div>
   <div class='ocr_carea' id='block_1_112' title="bbox 1917 4913 3491 4983">
    <p class='ocr_par' dir='ltr' id='par_1_112' title="bbox 1917 4913 3491 4983">
     <span class='ocr_line' id='line_1_112' title="bbox 1917 4913 3491 4983; baseline 0.003 -16"><span class='ocrx_word' id='word_1_882' title='bbox 1917 4913 2010 4967; x_wconf 90' lang='lat' dir='ltr'><strong>sed</strong></span> <span class='ocrx_word' id='word_1_883' title='bbox 2039 4913 2265 4967; x_wconf 87' lang='lat' dir='ltr'><strong>alterum</strong></span> <span class='ocrx_word' id='word_1_884' title='bbox 2286 4923 2598 4969; x_wconf 90' lang='lat' dir='ltr'><strong>contemnat</strong></span> <span class='ocrx_word' id='word_1_885' title='bbox 2614 4915 2864 4983; x_wconf 89' lang='lat' dir='ltr'><strong>oportet?</strong></span> <span class='ocrx_word' id='word_1_886' title='bbox 2894 4931 2960 4969; x_wconf 90' lang='lat' dir='ltr'><strong>an</strong></span> <span class='ocrx_word' id='word_1_887' title='bbox 2993 4931 3076 4970; x_wconf 88' lang='lat' dir='ltr'><strong>res</strong></span> <span class='ocrx_word' id='word_1_888' title='bbox 3108 4915 3178 4970; x_wconf 91' lang='lat' dir='ltr'><strong>ita</strong></span> <span class='ocrx_word' id='word_1_889' title='bbox 3209 4917 3354 4972; x_wconf 87' lang='lat' dir='ltr'><strong>clara</strong></span> <span class='ocrx_word' id='word_1_890' title='bbox 3387 4928 3491 4983; x_wconf 90' lang='lat' dir='ltr'><strong>est,</strong></span> 
     </span>
    </p>
   </div>
   <div class='ocr_carea' id='block_1_113' title="bbox 1919 5006 3496 5077">
    <p class='ocr_par' dir='ltr' id='par_1_113' title="bbox 1919 5006 3496 5077">
     <span class='ocr_line' id='line_1_113' title="bbox 1919 5006 3496 5077; baseline 0.002 -18"><span class='ocrx_word' id='word_1_891' title='bbox 1919 5015 1976 5059; x_wconf 91' lang='lat' dir='ltr'><strong>ut</strong></span> <span class='ocrx_word' id='word_1_892' title='bbox 2001 5020 2106 5058; x_wconf 93' lang='lat' dir='ltr'><strong>non</strong></span> <span class='ocrx_word' id='word_1_893' title='bbox 2135 5015 2286 5074; x_wconf 86' lang='lat' dir='ltr'><strong>egeat</strong></span> <span class='ocrx_word' id='word_1_894' title='bbox 2314 5006 2597 5059; x_wconf 85' lang='lat' dir='ltr'><strong>oratione?</strong></span> <span class='ocrx_word' id='word_1_895' title='bbox 2626 5006 2944 5072; x_wconf 84' lang='lat' dir='ltr'><strong>Quomodo?</strong></span> <span class='ocrx_word' id='word_1_896' title='bbox 2973 5009 3162 5061; x_wconf 82' lang='lat' dir='ltr'><strong>Annon</strong></span> <span class='ocrx_word' id='word_1_897' title='bbox 3193 5006 3292 5062; x_wconf 94' lang='lat' dir='ltr'><strong>hoc</strong></span> <span class='ocrx_word' id='word_1_898' title='bbox 3323 5009 3496 5077; x_wconf 86' lang='lat' dir='ltr'><strong>reipsa</strong></span> 
     </span>
    </p>
   </div>
   <div class='ocr_carea' id='block_1_114' title="bbox 1917 5096 3493 5166">
    <p class='ocr_par' dir='ltr' id='par_1_114' title="bbox 1917 5096 3493 5166">
     <span class='ocr_line' id='line_1_114' title="bbox 1917 5096 3493 5166; baseline 0.001 -14"><span class='ocrx_word' id='word_1_899' title='bbox 1917 5097 2206 5160; x_wconf 87' lang='lat' dir='ltr'><strong>cernimus,</strong></span> <span class='ocrx_word' id='word_1_900' title='bbox 2267 5096 2537 5151; x_wconf 88' lang='lat' dir='ltr'><strong>Christum</strong></span> <span class='ocrx_word' id='word_1_901' title='bbox 2589 5097 2801 5166; x_wconf 89' lang='lat' dir='ltr'><strong>quidem</strong></span> <span class='ocrx_word' id='word_1_902' title='bbox 2855 5099 3144 5163; x_wconf 88' lang='lat' dir='ltr'><strong>contemni,</strong></span> <span class='ocrx_word' id='word_1_903' title='bbox 3192 5115 3493 5153; x_wconf 84' lang='lat' dir='ltr'><strong>mamonam</strong></span> 
     </span>
    </p>
   </div>
   <div class='ocr_carea' id='block_1_115' title="bbox 1919 5189 3494 5259">
    <p class='ocr_par' dir='ltr' id='par_1_115' title="bbox 1919 5189 3494 5259">
     <span class='ocr_line' id='line_1_115' title="bbox 1919 5189 3494 5259; baseline 0.001 -18"><span class='ocrx_word' id='word_1_904' title='bbox 1919 5205 2047 5244; x_wconf 82' lang='lat' dir='ltr'><strong>vero</strong></span> <span class='ocrx_word' id='word_1_905' title='bbox 2071 5189 2217 5242; x_wconf 89' lang='lat' dir='ltr'><strong>coli?</strong></span> <span class='ocrx_word' id='word_1_906' title='bbox 2242 5189 2464 5244; x_wconf 88' lang='lat' dir='ltr'><strong>Sentitis</strong></span> <span class='ocrx_word' id='word_1_907' title='bbox 2490 5204 2648 5258; x_wconf 90' lang='lat' dir='ltr'><strong>quam</strong></span> <span class='ocrx_word' id='word_1_908' title='bbox 2680 5191 2758 5242; x_wconf 79' lang='lat' dir='ltr'><strong>vel</strong></span> <span class='ocrx_word' id='word_1_909' title='bbox 2795 5190 2904 5259; x_wconf 92' lang='lat' dir='ltr'><strong>ipsa</strong></span> <span class='ocrx_word' id='word_1_910' title='bbox 2938 5191 3094 5243; x_wconf 74' lang='lat' dir='ltr'><strong>verba</strong></span> <span class='ocrx_word' id='word_1_911' title='bbox 3127 5205 3315 5257; x_wconf 62' lang='lat' dir='ltr'><strong>aspera</strong></span> <span class='ocrx_word' id='word_1_912' title='bbox 3345 5191 3494 5244; x_wconf 81' lang='lat' dir='ltr'><strong>sint?</strong></span> 
     </span>
    </p>
   </div>
   <div class='ocr_carea' id='block_1_116' title="bbox 1919 5281 3492 5351">
    <p class='ocr_par' dir='ltr' id='par_1_116' title="bbox 1919 5281 3492 5351">
     <span class='ocr_line' id='line_1_116' title="bbox 1919 5281 3492 5351; baseline 0.001 -16"><span class='ocrx_word' id='word_1_913' title='bbox 1919 5282 2068 5349; x_wconf 90' lang='lat' dir='ltr'><strong>Quod</strong></span> <span class='ocrx_word' id='word_1_914' title='bbox 2116 5282 2162 5336; x_wconf 92' lang='lat' dir='ltr'><strong>si</strong></span> <span class='ocrx_word' id='word_1_915' title='bbox 2189 5282 2374 5342; x_wconf 88' lang='lat' dir='ltr'><strong>verba,</strong></span> <span class='ocrx_word' id='word_1_916' title='bbox 2407 5291 2607 5351; x_wconf 91' lang='lat' dir='ltr'><strong>quanto</strong></span> <span class='ocrx_word' id='word_1_917' title='bbox 2640 5283 2809 5351; x_wconf 87' lang='lat' dir='ltr'><strong>magis</strong></span> <span class='ocrx_word' id='word_1_918' title='bbox 2854 5296 2941 5336; x_wconf 89' lang='lat' dir='ltr'><strong>res</strong></span> <span class='ocrx_word' id='word_1_919' title='bbox 2991 5281 3164 5351; x_wconf 60' lang='lat' dir='ltr'><strong>ipsa?</strong></span> <span class='ocrx_word' id='word_1_920' title='bbox 3196 5281 3388 5336; x_wconf 82' lang='lat' dir='ltr'><strong>Verum</strong></span> <span class='ocrx_word' id='word_1_921' title='bbox 3438 5283 3492 5336; x_wconf 89' lang='lat' dir='ltr'><strong>in</strong></span> 
     </span>
    </p>
   </div>
   <div class='ocr_carea' id='block_1_117' title="bbox 1920 5373 3497 5444">
    <p class='ocr_par' dir='ltr' id='par_1_117' title="bbox 1920 5373 3497 5444">
     <span class='ocr_line' id='line_1_117' title="bbox 1920 5373 3497 5444; baseline -0.001 -15"><span class='ocrx_word' id='word_1_922' title='bbox 1920 5376 2078 5430; x_wconf 88' lang='lat' dir='ltr'><strong>rebus</strong></span> <span class='ocrx_word' id='word_1_923' title='bbox 2105 5390 2169 5430; x_wconf 87' lang='lat' dir='ltr'><strong>ac</strong></span> <span class='ocrx_word' id='word_1_924' title='bbox 2195 5374 2348 5429; x_wconf 80' lang='lat' dir='ltr'><strong>factis</strong></span> <span class='ocrx_word' id='word_1_925' title='bbox 2377 5389 2480 5428; x_wconf 91' lang='lat' dir='ltr'><strong>non</strong></span> <span class='ocrx_word' id='word_1_926' title='bbox 2505 5389 2656 5444; x_wconf 73' lang='lat' dir='ltr'><strong>teque</strong></span> <span class='ocrx_word' id='word_1_927' title='bbox 2681 5383 2900 5443; x_wconf 84' lang='lat' dir='ltr'><strong>apparet</strong></span> <span class='ocrx_word' id='word_1_928' title='bbox 2922 5374 3030 5442; x_wconf 85' lang='lat' dir='ltr'><strong>ipsa</strong></span> <span class='ocrx_word' id='word_1_929' title='bbox 3058 5373 3334 5442; x_wconf 85' lang='lat' dir='ltr'><strong>asperitas,</strong></span> <span class='ocrx_word' id='word_1_930' title='bbox 3358 5390 3497 5443; x_wconf 88' lang='lat' dir='ltr'><strong>quo-</strong></span> 
     </span>
    </p>
   </div>
   <div class='ocr_carea' id='block_1_118' title="bbox 1921 5463 3500 5534">
    <p class='ocr_par' dir='ltr' id='par_1_118' title="bbox 1921 5463 3500 5534">
     <span class='ocr_line' id='line_1_118' title="bbox 1921 5463 3500 5534; baseline 0 -12"><span class='ocrx_word' id='word_1_931' title='bbox 1921 5469 2061 5522; x_wconf 89' lang='lat' dir='ltr'><strong>niam</strong></span> <span class='ocrx_word' id='word_1_932' title='bbox 2083 5481 2178 5520; x_wconf 88' lang='lat' dir='ltr'><strong>nos</strong></span> <span class='ocrx_word' id='word_1_933' title='bbox 2202 5465 2421 5521; x_wconf 89' lang='lat' dir='ltr'><strong>morbus</strong></span> <span class='ocrx_word' id='word_1_934' title='bbox 2447 5474 2691 5534; x_wconf 85' lang='lat' dir='ltr'><strong>occupat.</strong></span> <span class='ocrx_word' id='word_1_935' title='bbox 2711 5465 2840 5518; x_wconf 86' lang='lat' dir='ltr'><strong>Nam</strong></span> <span class='ocrx_word' id='word_1_936' title='bbox 2866 5479 3005 5519; x_wconf 89' lang='lat' dir='ltr'><strong>nunc</strong></span> <span class='ocrx_word' id='word_1_937' title='bbox 3025 5463 3260 5534; x_wconf 88' lang='lat' dir='ltr'><strong>quidem,</strong></span> <span class='ocrx_word' id='word_1_938' title='bbox 3285 5466 3500 5522; x_wconf 84' lang='lat' dir='ltr'><strong>etiamsi</strong></span> 
     </span>
    </p>
   </div>
   <div class='ocr_carea' id='block_1_119' title="bbox 1922 5555 3497 5626">
    <p class='ocr_par' dir='ltr' id='par_1_119' title="bbox 1922 5555 3497 5626">
     <span class='ocr_line' id='line_1_119' title="bbox 1922 5555 3497 5626; baseline -0.001 -12"><span class='ocrx_word' id='word_1_939' title='bbox 1922 5559 2024 5614; x_wconf 88' lang='lat' dir='ltr'><strong>hoc</strong></span> <span class='ocrx_word' id='word_1_940' title='bbox 2041 5559 2228 5613; x_wconf 89' lang='lat' dir='ltr'><strong>morbo</strong></span> <span class='ocrx_word' id='word_1_941' title='bbox 2256 5573 2359 5612; x_wconf 90' lang='lat' dir='ltr'><strong>non</strong></span> <span class='ocrx_word' id='word_1_942' title='bbox 2383 5559 2602 5612; x_wconf 89' lang='lat' dir='ltr'><strong>omnino</strong></span> <span class='ocrx_word' id='word_1_943' title='bbox 2627 5571 2754 5626; x_wconf 90' lang='lat' dir='ltr'><strong>pura</strong></span> <span class='ocrx_word' id='word_1_944' title='bbox 2779 5555 2849 5610; x_wconf 91' lang='lat' dir='ltr'><strong>sit</strong></span> <span class='ocrx_word' id='word_1_945' title='bbox 2868 5556 3068 5618; x_wconf 87' lang='lat' dir='ltr'><strong>anima.</strong></span> <span class='ocrx_word' id='word_1_946' title='bbox 3088 5566 3264 5613; x_wconf 89' lang='lat' dir='ltr'><strong>tamen</strong></span> <span class='ocrx_word' id='word_1_947' title='bbox 3292 5559 3416 5613; x_wconf 91' lang='lat' dir='ltr'><strong>dum</strong></span> <span class='ocrx_word' id='word_1_948' title='bbox 3442 5559 3497 5613; x_wconf 90' lang='lat' dir='ltr'><strong>in</strong></span> 
     </span>
    </p>
   </div>
   <div class='ocr_carea' id='block_1_120' title="bbox 1923 5645 3491 5719">
    <p class='ocr_par' dir='ltr' id='par_1_120' title="bbox 1923 5645 3491 5719">
     <span class='ocr_line' id='line_1_120' title="bbox 1923 5645 3491 5719; baseline 0 -15"><span class='ocrx_word' id='word_1_949' title='bbox 1923 5650 2022 5705; x_wconf 87' lang='lat' dir='ltr'><strong>hoc</strong></span> <span class='ocrx_word' id='word_1_950' title='bbox 2051 5651 2166 5719; x_wconf 79' lang='lat' dir='ltr'><strong>ipso</strong></span> <span class='ocrx_word' id='word_1_951' title='bbox 2191 5656 2331 5703; x_wconf 85' lang='lat' dir='ltr'><strong>statu</strong></span> <span class='ocrx_word' id='word_1_952' title='bbox 2362 5657 2575 5714; x_wconf 83' lang='lat' dir='ltr'><strong>manet,</strong></span> <span class='ocrx_word' id='word_1_953' title='bbox 2609 5655 2786 5716; x_wconf 81' lang='lat' dir='ltr'><strong>potest</strong></span> <span class='ocrx_word' id='word_1_954' title='bbox 2815 5656 2960 5701; x_wconf 85' lang='lat' dir='ltr'><strong>recte</strong></span> <span class='ocrx_word' id='word_1_955' title='bbox 2983 5645 3260 5715; x_wconf 74' lang='lat' dir='ltr'><strong>judicare:</strong></span> <span class='ocrx_word' id='word_1_956' title='bbox 3289 5657 3336 5702; x_wconf 87' lang='lat' dir='ltr'><strong>at</strong></span> <span class='ocrx_word' id='word_1_957' title='bbox 3367 5663 3491 5704; x_wconf 89' lang='lat' dir='ltr'><strong>cum</strong></span> 
     </span>
    </p>
   </div>
   <div class='ocr_carea' id='block_1_121' title="bbox 1925 5737 3498 5812">
    <p class='ocr_par' dir='ltr' id='par_1_121' title="bbox 1925 5737 3498 5812">
     <span class='ocr_line' id='line_1_121' title="bbox 1925 5737 3498 5812; baseline -0.003 -14"><span class='ocrx_word' id='word_1_958' title='bbox 1925 5741 2055 5800; x_wconf 84' lang='lat' dir='ltr'><strong>l‘cbri</strong></span> <span class='ocrx_word' id='word_1_959' title='bbox 2073 5749 2316 5812; x_wconf 88' lang='lat' dir='ltr'><strong>correpta</strong></span> <span class='ocrx_word' id='word_1_960' title='bbox 2341 5748 2441 5808; x_wconf 88' lang='lat' dir='ltr'><strong>est,</strong></span> <span class='ocrx_word' id='word_1_961' title='bbox 2458 5750 2511 5796; x_wconf 89' lang='lat' dir='ltr'><strong>et</strong></span> <span class='ocrx_word' id='word_1_962' title='bbox 2537 5739 2588 5794; x_wconf 91' lang='lat' dir='ltr'><strong>in</strong></span> <span class='ocrx_word' id='word_1_963' title='bbox 2612 5738 2726 5809; x_wconf 82' lang='lat' dir='ltr'><strong>ipsa</strong></span> <span class='ocrx_word' id='word_1_964' title='bbox 2749 5738 2825 5796; x_wconf 87' lang='lat' dir='ltr'><strong>rei</strong></span> <span class='ocrx_word' id='word_1_965' title='bbox 2847 5737 3117 5811; x_wconf 86' lang='lat' dir='ltr'><strong>voluptate</strong></span> <span class='ocrx_word' id='word_1_966' title='bbox 3140 5748 3398 5806; x_wconf 86' lang='lat' dir='ltr'><strong>versatur,</strong></span> <span class='ocrx_word' id='word_1_967' title='bbox 3417 5740 3498 5794; x_wconf 81' lang='lat' dir='ltr'><strong>la-</strong></span> 
     </span>
    </p>
   </div>
  </div>
