4044 6202
541 316 644 374 22⁸1

542 431 799 487 cultatem
823 417 1095 496 iudicandi
1123 416 1344 473 minimo
1380 420 1564 484 puram
1592 408 1772 472 habet,
1798 419 1905 461 non
1942 403 2125 496 ineor-

543 532 756 594 ruptttm
785 494 1035 574 tribunal.
1055 511 1298 567 Christus
1323 506 1476 570 dicit,
1494 503 1610 557 Nisi
1637 501 1748 570 quis
1768 494 2127 594 renuntiauerit

543 586 799 675 euntibus,
825 623 939 680 qua
978 601 1217 675 possidet,
1245 615 1346 651 non
1379 602 1453 650 est
1479 609 1620 649 meus
1651 590 1934 658 discipulus
1974 586 2123 657 (Luc.

547 707 634 761 Η.
661 701 812 773 35);
856 709 1100 753 mamona
1159 689 1350 759 inquit,
1382 686 1543 755 Eripe
1590 680 1849 773 esurienti
1896 690 2124 773 inanem:

546 770 789 853 Clu-istas
818 788 970 853 dicit,
993 784 1140 839 Vesti
1170 780 1371 836 nudum
1396 796 1412 845 ;
1444 777 1533 832 hic
1556 790 1706 840 vero,
1730 771 1937 828 Nudum
1965 770 2127 825 etiam

547 901 719 944 exue:
749 881 998 937 Christus
1021 875 1172 941 dicit,
1204 870 1539 928 Domesticos
1568 865 1790 923 seminis
1817 863 1889 918 tui
1933 870 2004 916 ne
2029 860 2128 915 de-

546 973 825 1047 spexeris;
879 982 1128 1025 mamona
1172 963 1383 1035 inquit,
1434 957 1862 1014 Domesticorum
1905 949 2131 1008 seminis

549 1044 624 1124 tui
653 1078 722 1121 ne
758 1060 1103 1123 miserearis;
1159 1054 1368 1112 etiamsi
1397 1060 1619 1107 matrem
1663 1047 1887 1114 videris,
1916 1044 2128 1101 etiamsi

548 1167 775 1231 patrem,
804 1166 1019 1226 sperne.
1080 1151 1145 1205 Et
1171 1148 1296 1218 quid
1337 1147 1459 1202 dico
1512 1152 1715 1215 patrem
1759 1150 1815 1195 et
1861 1137 2129 1195 matrem?

550 1251 717 1306 Tuam
743 1259 958 1318 quoque
986 1241 1175 1312 ipsius,
1200 1238 1395 1309 inquit,
1414 1236 1649 1290 animam
1678 1232 1870 1303 perde:
1891 1239 2127 1285 attamen

558 1342 793 1397 auditur.
827 1337 926 1392 Hei
974 1333 1142 1390 niihil
1199 1331 1249 1387 ei
1275 1331 1364 1401 qui
1392 1328 1526 1385 adeo
1553 1336 1715 1391 εαξη,
1744 1334 1801 1380 et
1828 1323 2051 1379 immitia
2076 1331 2131 1377 et

555 1432 666 1488 fera
698 1428 949 1485 mandata
975 1423 1223 1495 imponit,
1240 1422 1384 1476 dicto
1410 1419 1690 1475 audientes
1720 1415 1895 1486 potius
1918 1428 2127 1480 sumus,

552 1538 711 1594 quam
745 1520 818 1575 illi
845 1519 1000 1588 cujus
1029 1517 1163 1572 levia
1194 1512 1454 1583 nobisque
1479 1508 1735 1565 salutaria
1779 1508 1926 1577 jussu
1970 1512 2119 1560 sunt.

556 1617 692 1672 llinc
717 1613 987 1684 gehenna,
1016 1609 1143 1663 hinc
1196 1606 1355 1677 ignis.
1403 1602 1529 1657 hinc
1562 1600 1756 1655 ﬂuvius
1805 1600 1962 1669 ignis,
2006 1596 2131 1651 hinc

553 1706 753 1761 vermis
803 1704 961 1757 linetn
1014 1698 1282 1754 nesciens.
1312 1695 1437 1751 Scio
1485 1693 1686 1748 multos
1713 1700 1854 1757 esse,
1885 1691 1978 1760 qui
2034 1703 2132 1744 nos

554 1797 669 1851 haec
696 1794 939 1849 dicentes
966 1805 1073 1845 non
1113 1786 1350 1860 jucunde
1374 1785 1616 1840 audiant.
1645 1782 1775 1838 Nam
1803 1790 1975 1853 neque
2002 1779 2132 1834 mihi

551 1897 679 1944 sunt
704 1884 943 1956 jucunda
981 1883 1167 1947 dictu;
1200 1878 1327 1950 quid
1357 1877 1500 1933 enim
1548 1875 1631 1931 his
1670 1873 1913 1931 dicendis
1938 1887 2131 1929 censes

553 1977 734 2049 quor?
769 1977 973 2032 Vellem
1011 1973 1164 2031 vobis
1208 1978 1470 2042 perpetuo
1500 1983 1561 2023 ea
1588 1982 1708 2038 qum
1741 1966 1890 2037 regni
1920 1965 2132 2036 propria

553 2078 678 2125 sunt
707 2080 951 2132 narrare,
979 2063 1219 2134 requiem
1265 2062 1437 2126 illam,
1466 2074 1658 2131 aquam
1696 2057 1853 2128 plene
1883 2056 2132 2112 reﬁcien-

555 2170 685 2223 tem,
706 2157 893 2212 viridia
915 2169 979 2210 ac
998 2154 1120 2208 laeta
1143 2166 1358 2223 pascua.
1380 2149 1556 2220 inquit
1572 2148 1738 2214 enim,
1759 2148 1930 2217 Super
1944 2148 2134 2216 unum

552 2249 837 2318 refectionis
864 2245 1095 2300 educavit
1115 2260 1218 2307 me,
1248 2252 1297 2297 et
1326 2243 1379 2295 in
1402 2239 1513 2296 loco
1539 2250 1741 2311 pascuis
1769 2239 1841 2294 ibi
1865 2254 1946 2293 me
1970 2238 2131 2292 collos

554 2340 684 2396 cavit
712 2337 882 2409 (Paul.
913 2336 1005 2390 εξ.
1032 2336 1113 2405 2).
1151 2333 1354 2389 Vellem
1381 2331 1451 2388 de
1479 2332 1600 2387 loco
1625 2331 1717 2386 illo
1758 2330 1960 2399 dicere,
1993 2328 2134 2385 unde

555 2431 729 2492 dolor,
753 2428 1035 2498 aegritudo,
1065 2428 1240 2481 luctus
1277 2425 1429 2479 abest
1463 2442 1478 2479 ε
1511 2425 1702 2480 vellem
1733 2438 1954 2481 narrare
1983 2424 2135 2479 volt»

556 2531 755 2593 ptatem
783 2537 901 2590 quae
922 2532 987 2574 ex
1004 2519 1205 2575 Christi
1234 2519 1507 2574 consortio
1535 2519 1778 2589 capitur;
1813 2530 2135 2588 quamquam

554 2628 767 2669 omnem
817 2612 1147 2677 orationem,
1197 2626 1414 2666 omnem
1455 2611 1833 2682 cogitationem
1882 2620 2132 2681 superat:

554 2712 921 2757 verumtamen
972 2716 1067 2771 pro
1098 2700 1296 2755 viribus
1348 2701 1400 2756 in
1436 2701 1542 2756 isto
1586 2709 1903 2772 argumento
1929 2701 2136 2756 versari

559 2794 773 2849 vellem.
807 2790 913 2847 Sed
941 2790 1066 2861 quid
1095 2791 1293 2860 agam?
1321 2790 1436 2845 Non
1466 2791 1588 2847 licet
1611 2790 1678 2846 ad
1704 2806 1849 2858 eum,
1880 2789 1974 2862 qui
2000 2789 2137 2845 febri

556 2882 808 2938 laborans
831 2882 969 2936 male
995 2881 1177 2947 habet,
1196 2880 1264 2937 de
1290 2895 1456 2951 regno
1478 2882 1640 2936 verba
1669 2881 1876 2936 facere:
1910 2880 2137 2941 etenim.

555 2974 682 3031 dum
709 2975 781 3028 ita
808 2973 991 3039 habet,
1022 2971 1091 3027 de
1119 2971 1349 3027 sanitate
1374 2971 1744 3027 disserendum
1774 2982 1876 3027 est.
1904 2971 2020 3027 Non
2051 2986 2136 3029 res

554 3074 643 3122 cte
671 3066 720 3122 ei
750 3066 837 3136 qui
866 3078 1038 3134 prensa
1065 3063 1329 3119 obnoxius
1357 3074 1440 3118 cst
1469 3063 1536 3120 de
1566 3069 1768 3120 honore
1795 3065 2088 3121 disseretur
2118 3076 2134 3119 ι

556 3170 699 3211 nunc
726 3156 869 3212 enim
899 3154 1001 3210 hoc
1027 3168 1188 3208 unum
1213 3156 1470 3224 quarritur
1495 3194 1511 3222 ,
1542 3169 1573 3209 ιι
1600 3170 1755 3224 paena
1782 3166 1837 3211 et
1872 3158 2138 3227 supplicio

559 3245 779 3302 liberari
810 3263 823 3299 :
858 3246 960 3301 nisi
991 3245 1094 3301 hoc
1119 3261 1531 3316 consequamur,
1552 3249 1823 3318 quomodo
1851 3250 1981 3313 illud
2008 3265 2140 3307 con-

560 3339 890 3406 sequemur?
932 3337 1220 3407 Propterea
1263 3336 1443 3393 dehis
1472 3337 1686 3395 assidue
1734 3341 1947 3412 loquor,
1977 3350 2035 3397 ut
2070 3341 2138 3400 ad

558 3426 649 3481 illa
679 3427 839 3482 citius
863 3427 1162 3483 veniamus.
1192 3427 1324 3482 Nam
1352 3438 1408 3483 et
1452 3429 1594 3485 Deus
1620 3431 1735 3501 ipse
1779 3433 1900 3489 ideo
1937 3436 2140 3505 gehens

558 3536 681 3575 nam
708 3520 941 3574 minatus
970 3530 1074 3587 est,
1110 3529 1168 3575 ut
1196 3534 1356 3576 nemo
1386 3521 1438 3576 in
1487 3522 1787 3593 gehennam
1819 3526 2053 3596 decidat,
2081 3534 2139 3584 ut

557 3604 1000 3683 omnes'regnum
1025 3627 1400 3683 assequamur.
1431 3615 1494 3669 Et
1521 3630 1619 3670 nos
1645 3616 1847 3674 idcirco
1876 3620 2139 3690 gehennae

558 3715 820 3776 perpetuo
861 3705 1189 3761 mentionem
1220 3705 1467 3773 facimus,
1499 3716 1557 3762 ut
1584 3709 1649 3763 ad
1678 3724 1901 3779 regnum
1934 3727 2030 3769 vos
2058 3704 2144 3769 in;

559 3795 809 3861 citemus,
840 3804 898 3849 ut
927 3804 1137 3851 mentes
1160 3806 1371 3850 vestras
1401 3797 1593 3853 timore
1625 3800 1950 3869 mollientes,
1984 3804 2049 3859 ad
2073 3818 2136 3860 ea

557 3900 677 3954 quas
703 3899 868 3954 regno
889 3884 1050 3953 digna
1078 3891 1203 3938 sunt
1225 3883 1488 3952 facienda,
1510 3900 1853 3959 apparemus.
1875 3891 1954 3950 Ne
1981 3896 2142 3967 igitur

557 3991 699 4046 argre
725 3975 907 4031 feratis
934 3977 1221 4031 verborqu
1245 3978 1566 4046 gravitatem
1590 3999 1604 4036 :
1635 3982 1826 4040 borum
1850 3988 1993 4044 enim
2020 4004 2142 4046 ver-

562 4066 751 4123 borum
776 4068 1010 4138 gravitas
1037 4068 1183 4125 leves
1209 4069 1385 4126 reddit
1414 4072 1622 4130 animas
1643 4086 1855 4157 nostras
1882 4096 1912 4136 a
1944 4096 2136 4154 pec-ca-

1243 300 1298 358 S.
1336 293 1613 356 JOANNIS
1641 254 2114 351 CHRYSOSTDMI
2151 280 2466 341 ARCIIIEP.
2502 281 3038 342 CONSTANTINOP.

2235 408 2414 454 torum
2442 398 2697 470 pondere.
2720 396 2853 453 Nam
2879 406 2935 452 et
2961 395 3171 451 ferrum
3187 410 3351 466 grave
3370 403 3475 461 est,
3502 406 3557 452 et
3577 396 3806 454 malleus

2230 492 2446 564 gravis;
2498 500 2736 547 attamen
2785 489 2985 545 facth
3015 502 3140 545 vasa
3169 502 3329 545 aurea
3360 501 3413 545 ct
3454 501 3730 560 argentea,
3760 502 3818 547 et

2231 597 2351 654 qua
2376 582 2601 639 distorta
2631 589 2758 636 sunt
2786 580 3024 651 dirigunt
3050 598 3064 635 :
3096 579 3239 650 quod
3266 580 3371 634 nisi
3397 582 3578 651 gravia
3607 594 3807 648 essent,

2233 674 2516 731 distortum
2544 674 2824 729 materiam
2852 672 3088 744 dirigere
3117 672 3423 744 neutiquam
3470 685 3706 743 possent.
3736 676 3813 731 lin

2235 767 2396 835 etiam
2419 766 2597 836 gravis
2615 779 2799 821 sermo
2815 772 3003 819 uoster
3016 777 3345 834 componere
3361 764 3596 819 animum
3615 774 3810 835 potest.

2236 855 2532 912 Verborum
2565 856 2724 926 igitur
2740 855 3057 926 gravitatem
3090 854 3376 926 plagasque
3404 854 3474 910 ab
3504 855 3608 910 illis
3646 855 3815 911 factas

2239 965 2308 1006 ne
2335 948 2599 1020 fugiamus
2628 966 2642 1003 :
2691 961 2798 1003 non
2827 947 2971 1002 enim
2998 947 3118 1002 ideo
3144 947 3372 1004 infertur
3416 948 3572 1019 plaga
3597 957 3654 1004 ut
3688 950 3810 1003 ani~

2237 1059 2377 1100 mam
2427 1042 2635 1114 frangat
2681 1055 2747 1097 ac
2794 1042 3026 1108 laceret,
3056 1040 3151 1096 sed
3198 1050 3256 1095 ut
3296 1038 3550 1111 corrigat:
3600 1040 3814 1096 Scimus

2236 1137 2381 1193 enim
2423 1150 2519 1208 per
2549 1135 2647 1192 Dei
2673 1135 2894 1204 gratiam
2923 1134 3044 1204 quis
3069 1133 3138 1188 sit
3166 1132 3485 1189 verberandl
3514 1133 3727 1200 modus,
3757 1143 3811 1189 et

2235 1246 2395 1303 quam
2442 1231 2550 1285 alte
2595 1227 2897 1298 indigemus
2943 1227 3188 1297 plagam;
3222 1235 3279 1280 ut
3324 1241 3391 1280 ne
3419 1225 3813 1281 oomminuatur

2235 1338 2349 1389 vas,
2377 1321 2474 1378 sed
2506 1329 2567 1376 ut
2613 1319 2866 1391 poliatur,
2896 1329 2954 1375 ut
2978 1327 3327 1385 restauretur,
3360 1328 3419 1373 ιιι
3462 1327 3644 1388 optum
3690 1317 3814 1372 retis

2237 1415 2396 1470 datur
2418 1428 2528 1483 quo
2556 1420 2739 1468 utatur
2786 1411 3067 1478 Dominus,
3096 1419 3155 1466 ut
3183 1425 3249 1466 ex
3297 1409 3525 1465 sanitate
3573 1408 3815 1478 splendi-

2240 1505 2365 1561 dum
2397 1503 2673 1571 olieratur,
2702 1502 2949 1574 beneque
2976 1502 3245 1571 Sculptum
3275 1500 3327 1554 in
3368 1499 3456 1555 illa
3484 1498 3591 1567 die,
3626 1499 3678 1553 in
3704 1514 3812 1569 qua

2237 1599 2344 1653 erit
2365 1595 2563 1653 llumeu
2595 1595 2768 1667 ignis;
2802 1604 2859 1650 ut
2890 1608 2957 1650 ne
3001 1593 3257 1648 oll'eratur
3275 1608 3421 1665 pyra:
3446 1591 3544 1658 illi,
3574 1606 3693 1661 qua:
3740 1591 3821 1648 ibi

2238 1691 2415 1745 futura
2444 1698 2548 1744 est.
2580 1689 2711 1744 Nam
2741 1688 2842 1742 nisi
2872 1687 2997 1743 dum
3029 1685 3114 1741 hic
3152 1687 3302 1750 estis,
3333 1700 3425 1739 ros
3452 1684 3823 1740 inﬂammave-

2237 1783 2425 1847 rimus,
2458 1782 2571 1837 illic
2622 1781 2841 1836 omnino
2889 1779 3293 1834 inflammemiui
3326 1792 3549 1833 necesse
3582 1788 3684 1840 est,
3714 1791 3821 1831 nec

2238 1873 2353 1928 fieri
2380 1872 2537 1927 aliter
2564 1880 2779 1940 potest:
2808 1869 2930 1925 Dies
2955 1871 3087 1924 enim
3112 1867 3319 1922 Domini
3346 1870 3400 1922 in
3427 1868 3543 1937 igne
3568 1867 3823 1922 moriatur

2238 1965 2318 2035 (l.
2347 1963 2464 2018 Cor.
2486 1964 2540 2019 5.
2566 1964 2679 2033 lii).
2705 1962 2886 2018 Satius
2913 1970 2998 2018 est
3024 1968 3080 2015 ιιι
3105 1960 3170 2015 ad
3198 1961 3362 2016 breve
3383 1967 3589 2029 tempus
3619 1959 3822 2013 nostris

2238 2056 2581 2113 sermonibus
2612 2053 2865 2121 uramini,
2895 2068 3055 2125 quam
3087 2061 3346 2123 perpetuo
3371 2051 3585 2106 liamma
3615 2050 3727 2105 illa.
3760 2050 3819 2105 id

2237 2152 2381 2207 enim
2412 2148 2593 2204 futuro
2631 2147 2855 2204 omnino
2879 2161 3022 2211 esse,
3070 2147 3409 2216 perspicuum
3437 2154 3554 2210 est;
3582 2160 3644 2199 ac
3669 2158 3821 2212 szrpa

2240 2241 2395 2297 vobis
2442 2241 2682 2296 rationes
2708 2238 2882 2307 attuli,
2913 2240 3107 2315 quibus
3132 2237 3425 2294 contradici
3468 2253 3572 2292 non
3618 2245 3818 2306 petest.

2240 2335 2318 2389 Ae
2346 2333 2491 2389 solas
2515 2333 2729 2403 quidem
2773 2330 3077 2402 Scripturas
3106 2330 3317 2402 plenam
3364 2330 3515 2385 vobis
3546 2329 3701 2383 tidem
3734 2327 3820 2381 fa»

2239 2434 2364 2481 uere
2392 2424 2710 2495 oportebat;
2745 2424 2841 2479 sed
2884 2424 3134 2494 quoniam
3185 2420 3427 2477 nonnulli
3457 2420 3718 2491 proclives
3746 2418 3822 2473 ad

2241 2517 2645 2574 contentionem
2697 2528 2844 2585 sunt,
2897 2516 3063 2573 multa
3113 2516 3273 2571 etiam
3320 2511 3822 2570 ratiocinationibus

2241 2610 2527 2666 movimus.
2560 2609 2702 2664 Nihil
2731 2624 2863 2664 vero
2890 2609 3116 2678 impedit
3144 2608 3433 2677 quominus
3459 2614 3515 2661 et
3542 2616 3682 2659 nunc
3704 2612 3825 2659 eas.

2238 2700 2363 2756 dent
2395 2699 2702 2756 sileremus.
2730 2698 2985 2767 Quasnam
3013 2712 3142 2753 vero
3172 2697 3279 2753 illae
3308 2698 3504 2752 erant?
3531 2694 3711 2750 Justus
3732 2696 3826 2748 est

2245 2795 2422 2865 Deus:
2454 2807 2644 2849 omnes
2672 2790 2925 2859 fatemur,
2951 2800 3006 2847 et
3029 2789 3200 2846 Gra'ci
3223 2797 3279 2845 et
3302 2788 3474 2843 Judaei
3499 2797 3555 2843 et
3582 2786 3826 2842 haeretici

2241 2899 2299 2947 et
2323 2888 2634 2947 Christiani.
2666 2888 2738 2942 At
2766 2887 2891 2942 hinc
2936 2884 3091 2941 multi
3119 2884 3210 2954 qui
3239 2890 3545 2952 peccarunt,
3571 2880 3828 2936 abierunt

2243 2981 2496 3052 impune:
2522 2979 2675 3035 multi
2697 2978 2787 3048 qui
2813 2990 2935 3032 cum
2958 2976 3154 3030 virtute
3179 2974 3445 3041 vixerant,
3469 2981 3579 3026 tum
3599 2971 3825 3025 domum

2243 3074 2513 3139 abierunt,
2533 3082 2656 3127 cum
2680 3077 2965 3127 sescentas
2993 3068 3284 3122 subiissent
3303 3063 3655 3121 calamitates.
3676 3061 3827 3131 Ergo

2243 3168 2290 3224 si
2315 3166 2492 3238 justus
2504 3160 2683 3228 Deus;
2714 3162 2932 3217 ubinam
2958 3161 3042 3215 bis
3064 3157 3278 3230 quidem
3301 3157 3540 3228 prmmia,
3560 3154 3664 3208 illis
3687 3166 3828 3207 vero

2244 3254 2503 3327 supplicia
2536 3255 2754 3318 tribuet,
2787 3254 2832 3308 si
2865 3264 2972 3307 non
3002 3260 3086 3307 est
3113 3250 3380 3321 gehenua,
3409 3247 3454 3303 sl
3494 3261 3597 3300 non
3627 3255 3708 3300 est
3733 3259 3831 3298 τιδέ

2244 3347 2547 3405 surreetio?
2573 3343 2723 3401 Hanc
2747 3345 2909 3416 igitur
2938 3344 3198 3398 rationein
3230 3350 3284 3397 et
3311 3339 3417 3395 illis
3432 3347 3486 3394 et
3509 3337 3660 3392 vobis
3690 3335 3828 3404 ipsis

2245 3450 2459 3507 semper
2502 3438 2703 3504 canite,
2729 3449 2828 3491 nec
2871 3435 3012 3490 sinet
3049 3449 3145 3487 vos
3171 3432 3240 3488 de
3283 3430 3673 3486 resurrectione
3711 3442 3829 3481 non

2246 3531 2488 3587 credere.
2519 3529 2619 3598 Qui
2650 3542 2781 3584 vero
2818 3527 2890 3584 de
2935 3523 3331 3584 resurrectione
3371 3538 3478 3578 non
3520 3521 3747 3585 dubitat,
3778 3519 3829 3575 is

2248 3623 2436 3680 sedulo
2463 3632 2627 3692 atque
2651 3628 2857 3675 attente
2884 3619 3048 3675 vitam
3082 3630 3231 3672 suam
3255 3614 3484 3681 curabit,
3515 3622 3573 3667 ut
3614 3611 3826 3681 sempi-

2248 3724 2399 3770 terna
2449 3715 2591 3768 bona
2636 3718 3035 3781 consequatur:
3069 3723 3188 3779 qua:
3236 3708 3439 3762 utinam
3489 3719 3585 3759 nos
3629 3716 3830 3758 omnes

2245 3816 2658 3876 consequamur,
2688 3804 2858 3874 gratia
2909 3812 2963 3857 et
3011 3800 3341 3870 benignitate
3394 3794 3603 3853 Domini
3650 3793 3829 3849 nostri

2246 3900 2371 3956 Jesu
2399 3896 2598 3953 Christi
2618 3934 2633 3963 ,
2663 3895 2748 3950 cui
2774 3908 2895 3949 cum
2927 3892 3084 3947 Patre
3112 3901 3165 3946 et
3194 3889 3389 3961 Spiritu
3419 3897 3603 3942 sancto
3626 3885 3828 3956 gloria,

2245 3991 2553 4061 imperium,
2584 3989 2778 4053 honor,
2812 3998 2955 4041 nunc
2978 3992 3034 4040 et
3059 3996 3296 4054 semper,
3338 3989 3394 4036 et
3423 3981 3474 4035 in
3495 3978 3686 4035 secula
3717 3992 3830 4032 su»

2252 4085 2517 4142 culorum.
2547 4082 2737 4137 Amen.

2729 4220 2748 4231 _
2759 4206 3832 4230 ________—————-——I—-—-—

1864 4291 2213 4361 HOMILIA
2252 4299 2386 4363 Vi].

557 4423 685 4478 Car.
712 4422 768 4477 9..
794 4439 847 4477 v.
888 4422 941 4479 5.
979 4422 1091 4477 Hoc
1116 4425 1249 4479 enim
1276 4427 1527 4483 sentiatur
1551 4429 1606 4484 in
1638 4432 1779 4489 vobis
1797 4477 1813 4503 ,
1852 4440 1990 4510 quod
2011 4450 2060 4496 et
2085 4442 2142 4497 in

626 4512 827 4567 Christo
851 4512 978 4568 Jesu
1010 4530 1030 4569 :
1059 4516 1111 4569 6.
1139 4516 1227 4586 qui
1250 4532 1365 4570 cum
1382 4520 1435 4572 in
1455 4524 1620 4589 [arma
1641 4522 1736 4578 Dei
1755 4537 1900 4595 esset,
1932 4548 2032 4584 non
2051 4549 2141 4586 ra-

632 4606 803 4676 pinam
853 4606 1126 4662 erbitratus
1172 4616 1244 4663 est
1285 4626 1394 4666 esse
1438 4625 1491 4666 se
1528 4616 1770 4683 wquatem
1800 4618 1904 4675 Deo
1927 4661 1943 4688 ,
1974 4622 2025 4676 7.
2052 4624 2142 4679 scd

631 4700 951 4768 sentietipsum
971 4700 1265 4768 exinanivit,
1294 4702 1513 4771 formant
1539 4710 1669 4761 servi
1693 4710 1965 4781 accipiens,
1985 4715 2039 4769 in
2066 4716 2139 4771 si-

631 4789 965 4843 militudinem
1006 4791 1267 4846 hominum
1321 4797 1485 4866 factus
1505 4837 1521 4863 ,
1546 4807 1591 4850 et
1632 4799 1806 4855 habitu
1831 4804 2060 4861 iuventus
2086 4817 2142 4861 ut

632 4877 780 4931 homo
823 4893 842 4931 :
893 4879 947 4933 8.
996 4880 1279 4935 Ituntiliavit
1326 4887 1668 4956 semetipsum,
1701 4888 1865 4958 factus
1905 4896 2141 4952 obcdieus

630 4986 788 5039 usque
827 4969 896 5023 ad
924 4981 1166 5035 mortem,
1211 4986 1425 5029 mortem
1474 4988 1640 5032 autent
1666 4984 1849 5037 crucis.
1896 4986 1949 5041 9.
2007 4986 2141 5042 Pro-

632 5074 742 5135 pter
785 5063 922 5131 quod
963 5073 1010 5116 et
1058 5063 1193 5119 Deus
1220 5067 1460 5122 exultavit
1487 5070 1665 5132 illum,
1726 5082 1772 5128 et
1814 5077 2016 5131 donavit
2060 5078 2140 5132 illi

632 5173 843 5241 nomen,
895 5156 1030 5225 quod
1080 5165 1149 5210 est
1203 5174 1359 5228 super
1403 5176 1549 5215 omne
1608 5180 1827 5229 nomen,
1878 5168 1965 5222 10.
2008 5170 2139 5224 utin

634 5247 833 5301 nomine
854 5245 980 5300 Iesu
1010 5263 1155 5301 omne
1180 5265 1310 5319 genu
1355 5251 1587 5319 ﬂectatur
1636 5255 1938 5321 cwlestium,
1981 5267 2140 5313 terre-

635 5342 815 5393 strium
841 5351 885 5394 et
906 5342 1244 5411 infernarum,
1269 5343 1356 5397 ll.
1402 5353 1447 5397 et
1473 5347 1635 5400 omnis
1681 5348 1856 5418 lingua
1896 5351 2141 5418 conﬁtea-

636 5440 734 5573 Ἐν,
768 5432 887 5499 quia
941 5431 1192 5488 Dominus
1244 5432 1396 5489 Iesus
1426 5433 1656 5491 Christus
1701 5438 1754 5493 in
1799 5440 2018 5511 gloriam
2046 5440 2143 5497 Dei

688 5521 829 5573 atris.

688 5521 829 5575 atris.

633 5614 682 5669 l.
741 5614 990 5683 Exposita
1037 5633 1064 5670 ιι
1116 5618 1270 5674 nobis
1316 5618 1405 5674 illa
1449 5630 1575 5676 sunt
1610 5638 1728 5692 qua:
1765 5624 1831 5678 ad
1861 5625 2142 5683 hmrcticos

562 5708 898 5777 pertinebant
927 5725 940 5762 :
965 5709 1073 5779 jam
1101 5725 1232 5768 vero
1263 5720 1621 5783 opportunum
1667 5725 1749 5771 est
1777 5731 1957 5774 nosu-a
1980 5719 2140 5776 etiam

2245 4444 2461 4502 afferre.
2495 4442 2576 4497 Illi
2601 4442 2671 4496 itu
2694 4440 2879 4494 dicunt
2900 4436 3061 4492 verba
3084 4434 3207 4501 ista,
3252 4433 3371 4487 Non
3400 4431 3630 4502 rapinam
3668 4428 3831 4481 ηιξ-

2248 4548 2408 4592 tratus
2432 4545 2505 4591 est
2525 4576 2541 4600 ,
2595 4534 2737 4589 idem
2767 4531 2978 4595 valere,
3007 4543 3070 4584 ac
3110 4529 3154 4581 si
3200 4526 3449 4589 dixisset,
3482 4523 3655 4593 rapuit
3682 4539 3695 4576 :
3723 4532 3832 4576 nos

2245 4642 2376 4686 vero
2419 4627 2752 4691 ostendimus
2793 4625 3029 4693 ineptum
3072 4621 3122 4675 id
3174 4626 3331 4687 sume
3364 4616 3651 4673 absurdum
3677 4628 3827 4669 esse.

2243 4722 2522 4777 Neminem
2566 4720 2709 4775 enim
2737 4731 2887 4779 esse,
2921 4714 3012 4786 qui
3051 4721 3142 4767 aut
3167 4726 3234 4766 ex
3282 4710 3584 4780 hujusmodi
3612 4709 3729 4764 loco
3754 4708 3830 4764 ad

2243 4814 2406 4869 animi
2436 4812 2790 4867 humilitatem
2820 4808 3149 4873 cohortetur,
3178 4814 3267 4858 aut
3296 4804 3462 4859 Deum
3491 4802 3591 4857 hac
3618 4801 3833 4858 ratione

2243 4904 2500 4970 celebret,
2529 4903 2637 4956 imo
2665 4914 2765 4956 nec
2796 4898 3089 4953 hominem.
3132 4894 3269 4963 Quid
3302 4894 3461 4964 igitur
3486 4902 3587 4954 est.
3631 4906 3665 4945 ο
3689 4891 3832 4947 ύίιεο

2244 4993 2315 5047 eti
2333 4992 2356 5044 ?
2377 4990 2651 5047 Attendite
2677 5002 2760 5052 ea,
2792 5002 2911 5057 qua:
2938 5001 3079 5039 nunc
3115 4984 3384 5040 dicuntur.
3412 4982 3674 5051 Quoniam
3704 4981 3833 5050 piu-

2245 5083 2366 5137 rimi
2408 5080 2656 5134 homines
2680 5078 3009 5132 arbitrantur
3026 5118 3040 5142 ,
3073 5076 3119 5130 si
3143 5074 3420 5129 humiliter
3445 5084 3505 5127 se
3528 5075 3829 5143 gesserint,

2246 5174 2360 5227 fore
2380 5180 2440 5226 ut
2465 5169 2735 5241 prepriam
2762 5168 3005 5222 amittant
3028 5166 3336 5237 dignitatem
3353 5205 3370 5232 ,
3400 5175 3453 5219 et
3481 5163 3706 5218 minoris
3729 5163 3830 5216 ha-

2244 5264 2508 5327 beantur,
2559 5269 2720 5329 atque
2763 5258 2827 5313 ad
2870 5259 3202 5313 humiliorem
3246 5257 3421 5312 locum
3461 5254 3829 5318 descendant;

2247 5353 2388 5409 hunc
2433 5362 2634 5410 metum
2666 5352 2909 5408 adimens
2936 5351 3247 5421 Apostolus,
3287 5349 3579 5405 ostendens
3608 5364 3712 5404 non
3753 5348 3830 5401 ita

2246 5445 2401 5499 nobis
2427 5445 2765 5500 sentiendum
2792 5458 2911 5498 esse
2930 5485 2946 5510 ,
2969 5442 3037 5497 de
3067 5442 3185 5512 ipso
3218 5443 3328 5497 Deo
3354 5442 3519 5507 dicit,
3545 5442 3715 5496 Deum
3763 5440 3833 5494 ii-

2248 5538 2356 5592 lum
2383 5537 2734 5608 unigenitum,
2764 5537 2851 5607 qui
2875 5536 2926 5591 in
2953 5536 3119 5589 forma
3146 5536 3236 5590 Dei
3260 5544 3361 5599 cst,
3384 5534 3472 5605 qui
3491 5535 3623 5589 nihil
3653 5535 3834 5589 minus

2246 5628 2402 5683 Patre
2430 5627 2621 5694 habet,
2668 5628 2756 5698 qui
2784 5628 2832 5682 ei
2873 5626 3093 5695 aequalis
3119 5635 3221 5690 est,
3265 5638 3371 5679 non
3416 5626 3659 5694 rapinam
3708 5636 3834 5678 esse

2246 5720 2563 5776 arbitratum
2592 5732 2717 5778 esse
2755 5718 3013 5789 mquaiem
3062 5716 3191 5775 Deo.
3221 5716 3359 5786 Quid
3401 5724 3529 5772 vero
3573 5714 3715 5771 istud
3755 5713 3833 5768 sit
