4014 6200
460 287 568 346 εεθ
1132 283 1192 340 S.
1234 280 1516 340 JOANNIS
1544 278 2029 337 CIIRYSOSTOMI
2066 277 2386 336 ARCHIEP.
2423 278 2967 336 CONS'I'ANTINOP.
3597 291 3700 348 πο

460 398 758 456 ἀποθέσθαι
781 397 987 469 ταύτην
1009 397 1107 452 οὑκ
1136 398 1340 468 ἐτόλμα
1371 398 1576 452 λοιπόν.
1619 398 1732 451 Καὶ
1779 397 1872 450 ἐπὶ
1898 396 2026 450 ἄλλο

459 494 517 547 δέ
543 493 878 564 ἐλευσόμεθα
904 493 1224 562 ὑπόδειγμα.
1259 493 1356 544 Ἂν
1397 492 1452 544 δέ
1497 491 1573 562 μὴ
1615 490 1773 561 ἰσχύῃ
1799 490 1867 542 τὰ
1896 490 2028 542 ὑποο

460 584 728 655 δείγματα
753 584 812 636 τὸ
845 585 952 638 πᾶν
984 583 1353 654 παραστῆσαι,
1385 583 1460 654 μὴ
1502 581 1879 652 δυσχεραίνετε
1901 597 1914 611 ⁶
1955 581 2026 633 τὰ

461 678 572 748 γάρ
605 677 977 744 ὑποδείγματα
1003 673 1226 727 τοιαῦτά
1254 675 1404 728 ἐστι’
1438 674 1501 728 τδ
1548 675 1705 727 πλέον
1737 674 1929 742 ἀφιᾶσι
1957 675 2023 744 τῇ

461 769 669 840 διανοίᾳ
697 767 1027 836 λογίζεσθαι.
1072 766 1376 836 Ἐπανέστη
1405 779 1487 829 τις
1521 765 1748 836 βασιλεῖ,
1789 765 1882 818 καὶ
1929 765 2025 834 τὴν

463 861 732 930 βασιλείαν
757 861 1038 930 ἥρπασενο
1079 851 1233 921 οὗτος
1275 859 1572 913 ἀποθέσθαι
1606 860 1698 911 καὶ
1726 859 1928 927 κρύψαι
1965 858 2026 910 τὸ

459 953 689 1020 πρᾶγμα
717 949 775 1001 οὑ
799 948 971 1019 τολμᾷ⁴
994 967 1008 980 ο
1055 948 1121 1002 ἂν
1149 949 1257 1020 γάρ
1290 949 1438 1014 ἆπαξ
1465 947 1666 1022 κρύψῃ,
1692 949 1891 1012 εὐθέως
1929 949 2026 1001 άπ-

457 1039 673 1092 όλωλεν.
701 1038 771 1092 Ἢ
808 1039 903 1092 καὶ
938 1041 1028 1092 ἐπὶ
1059 1039 1220 1093 ἄλλου
1243 1040 1388 1103 τινὸς
1420 1040 1660 1110 ἔλθωμεν
1690 1040 2022 1107 ὑποδείγμα-

455 1147 546 1192 τος
567 1146 580 1158 ·
613 1123 745 1192 οἷον,
780 1130 996 1201 ἥρπασέ
1046 1129 1130 1193 τίς
1159 1147 1231 1194 τι,
1265 1130 1422 1184 τοῦτο
1451 1131 1668 1201 κατέχει
1702 1129 2020 1193 διαπαντό,⁶

456 1225 522 1277 ἂν
545 1224 652 1295 γὰρ
683 1224 974 1294 ἀπόθηται,
1009 1222 1212 1288 εὐθέως
1259 1224 1530 1278 ἀπώλεσε.
1568 1225 1676 1280 Καὶ
1715 1227 1850 1290 ὅλως
1876 1225 1926 1279 οί
1965 1224 2025 1290 ἐξ

456 1315 712 1386 ἁρπαγῆς
746 1314 960 1384 ἔχοντές
1000 1332 1072 1377 τι,
1103 1313 1398 1369 δεδοίκασιν
1427 1315 1723 1369 ἀποθέσθαι
1754 1316 1845 1368 καὶ
1890 1314 2024 1387 κρύ-

454 1407 573 1474 ψαι,
602 1406 696 1458 καὶ
743 1405 817 1476 μὴ
865 1405 1153 1468 διαπαντὸς
1195 1403 1331 1459 εἶναι
1359 1407 1416 1458 ἐν
1441 1408 1653 1478 ἐκείνῳ,
1697 1408 1755 1459 ἐν
1792 1404 1836 1474 ᾧ
1864 1409 2021 1461 εἰσιν.

468 1496 607 1548 Ἀλλ’
635 1497 733 1567 οὑχ
763 1498 813 1549 οἱ
845 1496 919 1568 μὴ
950 1497 1008 1560 ἐξ
1035 1497 1290 1568 ἁρπαγῆς
1316 1499 1528 1570 ἔχοντες
1549 1515 1564 1530 ·
1595 1495 1727 1563 οἷον,
1754 1501 1782 1552 ό
1813 1499 2023 1569 ἀνορω-

455 1607 556 1654 πος
578 1591 791 1660 ἀξίωμα
822 1591 933 1660 ἔχει
952 1591 1011 1644 τὸ
1030 1583 1166 1644 εἶναι
1183 1591 1416 1659 λογικός.
1448 1591 1557 1661 Οὐχ
1584 1589 1821 1661 εὑρίσκω
1849 1589 2025 1662 παρά·

453 1681 670 1749 δειγμα.
708 1682 781 1734 Οὑ
815 1683 920 1750 γὰρ
952 1682 1067 1734 ἔστι
1095 1679 1224 1752 παρ’
1249 1684 1382 1751 ἡμῖν
1422 1683 1564 1752 ἀρχὴ
1598 1683 1833 1752 φυσικήο
1871 1681 2023 1734 οὐδὲν

453 1771 562 1840 γάρ
590 1773 706 1823 ἐστι
754 1770 863 1823 τῶν
895 1771 1113 1840 ἀγαθῶν
1142 1772 1391 1841 φυσικὸν,
1425 1771 1611 1840 ἐπειδὴ
1659 1771 1752 1823 τοῦ
1793 1769 1926 1823 Θεοῦ
1954 1773 2021 1840 τῇ

455 1860 612 1928 φύσει
647 1861 824 1914 πάντα
875 1863 1344 1933 συγκεκλήρωται.
1379 1863 1444 1915 Τί
1471 1858 1564 1914 οὖν
1593 1879 1806 1930 φαμεν;
1832 1861 1955 1914 Ὅτι
1994 1863 2022 1914 6

451 1949 546 2002 τοῦ
579 1950 713 2003 Θεοῦ
742 1952 866 2014 Υἱὸς
894 1953 992 2004 οὑκ
1017 1953 1254 2022 ἐφοϐήθη
1280 1952 1582 2021 καταϐῆναι
1610 1952 1717 2005 ἀπὸ
1735 1951 1830 2005 τοῦ
1853 1951 2022 2018 ἀξιώ-

455 2057 622 2110 ματος
646 2057 659 2071 ·
697 2041 757 2093 οὑ
796 2042 904 2112 γὰρ
931 2043 1222 2112 ἁρπαγμὸν
1251 2044 1496 2113 ἡγήσατο
1531 2043 1627 2114 τὴν
1649 2043 1895 2114 θεότητα,
1921 2044 2023 2098 οὑκ

451 2130 702 2183 ἐδεδοίκει
756 2133 828 2200 μή
881 2149 964 2193 τις
1011 2132 1174 2184 αὑτὸν
1202 2133 1467 2202 ἀφέληται
1516 2134 1614 2203 τὴν
1670 2133 1848 2202 φύσιν,
1894 2137 1927 2203 ἢ
1962 2135 2022 2189 τὸ

450 2218 691 2288 ἀξίωμα.
710 2221 801 2270 Διὸ
823 2221 918 2271 καὶ
947 2219 1180 2272 ἀπέθετο
1208 2221 1357 2284 αὑτὸ,
1385 2221 1604 2293 θαρρῶν
1631 2222 1711 2274 ὅτι
1741 2221 1870 2275 αὑτὸ
1893 2223 2023 2277 ἀνα-

448 2308 714 2376 λήψεται·
762 2310 856 2361 καὶ
903 2309 1172 2380 ἔκρυψεν,
1220 2311 1520 2382 ἡγούμενος
1564 2313 1716 2366 οὐδὲν
1765 2314 2020 2368 ἐλαττοῦι

451 2399 577 2452 σθαι
604 2399 712 2451 ἀπὸ
744 2399 954 2454 τούτου.
981 2402 1080 2454 Διά
1103 2401 1262 2454 τοῦτο
1282 2405 1382 2456 οὑκ
1413 2400 1584 2468 εἷπεν,
1616 2404 1728 2474 Οὑχ
1750 2406 2018 2475 ἥρπασεν,

448 2489 587 2552 ἀλλ’,
624 2492 747 2559 Οὐχ
791 2492 1107 2560 ἁρπαγμὸν
1141 2494 1444 2562 ἡγήσατο·
1493 2496 1575 2548 ὅτι
1629 2498 1726 2566 οὑχ
1768 2498 2020 2568 ἀρπάσας

449 2576 564 2652 εἶχε
603 2581 701 2652 τὴν
752 2583 947 2653 ἀρχὴν,
979 2583 1115 2636 ἀλλά
1156 2585 1410 2656 φυσικὴν,
1443 2587 1504 2639 οὑ
1542 2587 1853 2661 δεδομένην,
1885 2591 2021 2644 ἀλλά

452 2673 678 2742 μόνιμον
702 2673 801 2728 καὶ
844 2675 1083 2745 ἀσφαλῆ.
1125 2677 1214 2729 Διὸ
1245 2677 1304 2730 οὑ
1339 2683 1686 2750 παραιτεῖται
1712 2683 1804 2736 καὶ
1829 2684 1888 2738 :6
1911 2683 2020 2738 τῶν

449 2765 810 2819 ὑπασπιστῶν
838 2766 1127 2821 ἀναλαϐεῖν
1153 2770 1358 2840 σχῆμα.
1394 2772 1451 2824 '0
1489 2773 1748 2844 τύραννος
1785 2777 2020 2832 δέδοικεν

447 2855 507 2907 ἐν
536 2854 756 2925 πολέμῳ
802 2856 1100 2910 ἀποθέσθαι
1145 2861 1243 2928 τὴν
1271 2861 1585 2932 ἁλουργίδα,
1624 2867 1652 2918 ό
1681 2866 1736 2918 δέ
1767 2867 2018 2936 βασιλεὺς

450 2946 589 3016 μετά
613 2947 814 3016 πολλῆς
843 2947 974 3001 αὑτὸ
1009 2953 1152 3002 ποιεῖ
1183 2953 1280 3021 τῆς
1323 2953 1642 3021 ἀσφαλείας,
1678 2957 1779 3010 Διά
1807 2959 1895 3024 τί;
1936 2962 2019 3014 ὅτι

447 3035 546 3106 οὑχ
567 3036 858 3108 ἁρπαγμὸν
892 3038 1004 3107 ἔχει
1051 3039 1149 3111 τὴν
1180 3042 1374 3113 ἀρχήν.
1414 3045 1525 3116 Οὑχ
1549 3046 1624 3110 ὡς
1646 3048 1896 3119 ἀρπάσας
1925 3048 2018 3106 οὖν

447 3127 547 3180 οὐκ
575 3128 881 3195 ἀπετίθετο,
916 3129 1032 3184 ἀλλ’
1061 3131 1136 3194 ώς
1171 3134 1405 3204 φυσικὴν
1429 3135 1588 3204 ἔχων,
1636 3141 1728 3192 καὶ
1763 3140 2016 3196 οὐδέποτε

447 3214 751 3285 ἀποστῆναι
807 3217 1131 3290 δῦναμένην,
1184 3220 1404 3292 ἔκρυψε.
1453 3225 1621 3280 Τοῦτο
1669 3229 1727 3281 τὸ
1764 3227 1899 3284 εἶναι
1930 3233 2018 3288 ἶσα

448 3305 568 3376 Θεῷ
601 3308 699 3377 οὑχ
731 3308 804 3370 ὡς
831 3309 1122 3380 ἁρπαγμόν
1147 3307 1311 3382 εἶχεν,
1342 3314 1476 3368 ἀλλά
1506 3319 1730 3385 φυσικόν
1749 3335 1764 3349 ⁸
1799 3321 1878 3374 διὸ
1907 3323 2021 3375 ἐκέ-

448 3414 619 3450 νωσεν
648 3399 856 3453 ἑαυτόν.
886 3401 994 3453 Ποῦ
1023 3403 1070 3454 οἱ
1096 3403 1365 3472 λέγοντες,
1397 3407 1480 3459 ὅτι
1517 3409 1762 3480 ἀνάγκην
1787 3413 2016 3484 ὑπέστη,

447 3491 530 3544 ὅτι
557 3490 838 3561 ὑπετάγης
877 3493 1150 3559 Ἑαυτὸν,
1200 3498 1384 3568 φησὶν,
1436 3499 1755 3566 ἐκένωσεν,
1803 3504 2021 3559 ἑαυτὸν

447 3580 866 3647 ἐταπείνωσεν,
890 3583 1159 3651 ὑπήκοος
1189 3591 1509 3658 γενόμενος
1531 3591 1709 3661 μέχρι
1738 3595 2015 3650 θανάτου.

448 3673 573 3737 Πῶς
603 3673 870 3739 ἐκένωσε;
923 3677 1180 3746 Μορφὴν
1204 3679 1428 3735 δούλου
1474 3686 1693 3749 λαϐὼν,
1718 3688 1788 3740 ὲν
1815 3688 2022 3758 ὁμοιώ-

447 3781 587 3833 ματι
624 3765 946 3833 ἀνθρώπιον
973 3773 1314 3840 γενόμενος,
1347 3777 1445 3830 καί
1474 3779 1736 3848 σχήματι
1757 3785 2020 3850 εὑρεθεὶς

449 3851 531 3917 ὡς
557 3851 880 3920 ἅνθρωπος.
925 3857 1187 3912 Ἐνταῦθα
1209 3863 1343 3932 πρὸς
1364 3865 1446 3929 τὸ,
1479 3867 1806 3937 Ἄλλήλους
1843 3874 2019 3942 ἡγού-

445 3958 616 4010 μενοι
655 3944 1060 4015 ὑπερέχοντας
1087 3951 1336 4017 ἑαυτῶν,
1371 3956 1530 4011 τοῦτο
1560 3955 1699 4026 εἷπε,
1734 3963 1815 4027 τὸ,
1851 3965 2016 4020 'Eav-

451 4029 559 4083 τὸν
581 4029 910 4124 ἐκένωσεν
948 4037 1070 4089 ἐπεὶ⁸
1100 4039 1150 4091 εί
1198 4041 1465 4114 ὑπετάγη,
1511 4047 1628 4100 οὑδέ
1659 4067 2014 4124 ταπεινοφρο-

454 4120 618 4192 σύνης
647 4118 714 4194 ἦν
745 4125 804 4177 τὺ
833 4129 1086 4198 πρᾶγμα,
1130 4133 1179 4184 εί
1215 4135 1288 4205 μὴ
1321 4137 1533 4191 οἴκοθεν
1555 4140 1711 4194 τοῦτο
1745 4118 1938 4210 είλετο,
1966 4148 2016 4200 εί

454 4209 529 4282 μὴ
563 4215 691 4282 παρ’
723 4214 935 4270 ἑαυτοῦ.
991 4218 1050 4271 Εἰ
1084 4219 1192 4292 γὰρ
1219 4223 1318 4275 οὑκ
1341 4224 1477 4296 ᾔδει,
1517 4227 1597 4280 ὅτι
1626 4227 1707 4281 δεῖ
1733 4229 1887 4284 τοῦτο
1920 4209 2014 4301 γε-

449 4303 656 4394 νέσθαι,
697 4304 846 4378 1246]
893 4309 1045 4362 ἔσται
1079 4312 1305 4384 ἀτελής⁹
1355 4319 1403 4370 εί
1447 4319 1520 4389 μὴ
1543 4319 1696 4385 εἰδὼς
1726 4323 2015 4394 περιέμενε

449 4391 537 4481 τὸν
561 4394 747 4464 καιρὸν
763 4395 856 4448 τοῦ
883 4401 1323 4471 προστάγματος,
1346 4405 1494 4460 ἔσται
1519 4411 1708 4481 καιρὸν
1725 4391 1824 4466 οὐκ
1839 4391 2014 4477 εἰδώς·

449 4479 565 4570 ῆνεί
593 4481 711 4552 ᾔδει
743 4485 837 4537 καὶ
876 4486 960 4538 ὅτι
999 4488 1081 4540 δεῖ
1116 4493 1393 4558 γενέσθαι,
1443 4498 1536 4549 καὶ
1585 4479 1712 4552 πότε
1742 4503 2013 4570 γενέσθαι,

450 4569 590 4665 τίνος
620 4571 807 4626 ἔνεκεν
835 4576 1172 4650 ὑποταγῆναι
1217 4583 1523 4656 ὑπέμενεν;
1558 4589 1676 4644 Ἵνα
1720 4591 1871 4665 δείξῃ
1919 4595 2016 4665 τὴν

450 4659 545 4712 τοῦ
576 4661 788 4734 Πατρὸς
822 4667 1118 4742 ὑπεροχήν.
1153 4673 1322 4728 Τοῦτο
1346 4677 1406 4729 οὑ
1456 4681 1664 4751 Πατρός
1705 4682 1822 4736 ἐστι
1842 4659 2014 4752 δεῖξαι

450 4752 550 4848 τῆν
579 4754 872 4848 ὑπεροχὴν,
897 4761 1011 4813 ἀλλ’
1036 4765 1244 4819 οἰκείαν
1263 4768 1535 4824 εὐτέλειαν
1555 4788 1570 4803 ο
1602 4773 1664 4826 οὑ
1697 4775 1804 4848 γάρ
1836 4778 2017 4832 ἱκανὸν

450 4844 510 4941 ’ξρ
535 4843 628 4941 τῩδ
653 4847 863 4941 Πετρδς
886 4851 1055 4941 δνομα
1077 4854 1246 4921 δεῖξαι
1266 4861 1335 4912 τὰ
1363 4862 1628 4932 πρεσϐεῖα
1652 4867 1744 4921 τοῦ
1768 4843 2012 4941 Πατρός;

451 4937 633 5008 Χωρὶς
667 4939 777 5010 γάρ
829 4940 1017 4995 τούτου
1055 4947 1231 5001 πάντα
1275 4950 1343 5002 τὰ
1373 4953 1514 5006 αὑτά
1549 4956 1666 5007 ἐστι
1714 4957 1794 5028 τῷ
1839 4937 2013 5015 Παιδί.

455 5029 662 5121 Ἄλλως
690 5031 767 5093 δέ,
795 5033 917 5085 ούδέ
947 5036 1105 5108 ἱκανὴ
1135 5038 1275 5111 αῦτη
1309 5043 1341 5112 ἡ
1380 5046 1512 5117 τιμὴ
1539 5046 1647 5101 ἀπὸ
1679 5049 1772 5102 τοῦ
1807 5051 2016 5121 Πατρὸς

451 5119 700 5190 διαϐῆναι
734 5124 868 5193 πρὸς
901 5127 992 5178 τὸν
1024 5127 1172 5182 Υίόν.
1207 5133 1390 5203 Χωρὶς
1418 5135 1476 5189 δὲ
1514 5137 1724 5207 τούτου,
1751 5119 2016 5196 πάντατά

451 5212 544 5264 τοῦ
575 5217 783 5286 Πατρὸς
807 5218 960 5273 κοινά
993 5219 1107 5273 ἐστι
1136 5221 1213 5292 τῷ
1244 5224 1422 5281 Παιδί.

527 5367 591 5438 β’.
609 5371 870 5428 Ἐνταῦθα
894 5377 1273 5452 ἐπιλαϐόμενοι
1287 5384 1381 5438 τοῦ
1399 5385 1562 5456 ῥητοῦ
1581 5389 1629 5442 οί
1646 5390 1752 5442 ἀπὸ
1764 5392 2017 5460 Μαρκίω-

452 5477 562 5525 νος,
611 5459 766 5528 Ἶδοὺ,
803 5469 1108 5535 φασὶν,οὑκ
1148 5475 1361 5543 ἐγένετο
1384 5476 1684 5548 ἄνθρωπος,
1735 5459 1870 5548 ἀλλ’,
1913 5484 2016 5538 Ἕν

452 5549 767 5622 ὁμοιώματι
811 5557 1120 5624 ἀνθρώπου
1143 5565 1476 5633 γενόμενος.
1509 5568 1633 5632 Πῶς
1674 5568 1731 5622 δέ
1766 5571 1912 5625 ἐστιν
1955 5574 2013 5626 ἐν

450 5640 756 5716 ὁμοιώματι
785 5648 1083 5718 ἀνθρώπων
1107 5656 1390 5724 γενέσθαι;
1428 5659 1585 5713 σκιὰν
1616 5663 2012 5737 περιϐαλλόμε-

2134 411 2256 461 νον;
2289 393 2499 448 Οὑκοῦν
2530 394 2745 448 εἴδωλον
2784 395 2942 450 τοῦτό
2986 399 3125 460 ἐστι,
3167 400 3262 452 καὶ
3295 401 3394 454 οὑκ
3421 400 3567 457 ἔστιν
3611 407 3704 460 ἀνο

2133 481 2352 553 θρώπου
2381 484 2631 554 ὁμοίωμα
2657 500 2671 514 ⁸
2720 484 3008 554 ἀνθρώπου
3043 488 3148 558 γᾲρ
3185 491 3458 560 ὁμοίωμα,
3494 494 3705 565 ἀνθρω-

2133 590 2232 636 πος
2255 574 2456 644 ἕτερος.
2499 575 2562 626 Τί
2607 574 2664 626 δέ
2711 575 2854 646 ἐρεῖς
2907 577 3127 650 Ἰωάννῃ
3155 579 3388 646 λέγοντι,
3423 585 3488 634 '0
3515 587 3708 654 Λόγος

2131 665 2287 733 σὰρξ
2311 666 2587 734 ἐγένετο;
2632 666 2790 718 Ἀλλά
2824 667 2917 719 καὶ
2948 669 3109 731 αὑτὸς
3155 663 3310 733 οὗτός
3341 690 3506 742 φησιν
3531 678 3560 727 6
3600 695 3707 740 μα-

2131 756 2321 826 κάριος
2352 755 2607 824 ἀλλαχοῦ,
2661 757 2764 809 Ἔν
2790 754 3102 826 ὁμοιώματι
3131 760 3358 828 σαρκὸς
3390 763 3704 832 ἁμαρτίας.

2131 845 2240 898 Καὶ
2277 844 2541 913 σχήματι
2574 844 2832 912 εὑρεθείς
2862 847 2944 912 ὡς
2979 847 3308 915 ἄνθρωπος.
3358 852 3510 916 Ἰδοὺ,
3546 855 3707 923 φησὶ,

2130 937 2243 990 Καὶ
2287 936 2569 1004 σχήματι,
2618 935 2732 997 καὶ,
2781 936 2879 1000 Ὠς
2911 935 3240 1005 ἅνθρωπος.
3295 939 3462 992 Τοῦτο
3499 942 3558 994 δὲ
3602 944 3710 996 οὑκ

2131 1027 2277 1080 ἔστιν
2309 1027 2590 1097 ἄνθρωπος
2619 1024 2854 1094 ἀληθῶς,
2885 1026 2945 1078 :6
2975 1028 3047 1089 ὡς
3081 1027 3365 1099 ἄνθρωπον
3395 1027 3558 1092 εἶναι,
3609 1033 3710 1085 καὶ

2131 1117 2191 1168 τὸ
2216 1118 2454 1186 σχήματι
2488 1111 2628 1168 εἶναι
2655 1115 2940 1185 ἄνθρωπον
2985 1133 2998 1146 ·
3033 1119 3093 1170 τὸ
3124 1120 3232 1190 γάρ
3279 1122 3518 1190 σχήματι
3562 1117 3710 1175 εἶναι

2131 1206 2434 1276 ἄνθρωπον,
2475 1206 2574 1259 οὑκ
2625 1205 2742 1258 ἔστι
2772 1205 2930 1274 φύσει
2977 1207 3260 1277 ἄνθρωπον
3301 1206 3461 1264 εἶναι.
3507 1212 3710 1278 Ὁρᾶτε

2135 1293 2251 1366 μεθ’
2274 1296 2406 1365 ὅσης
2456 1293 2565 1363 ἐγὼ
2606 1293 3021 1362 εὐγνωμοσύνης
3055 1299 3122 1348 τὰ
3167 1297 3314 1367 παρά
3341 1297 3450 1350 τῶν
3489 1299 3711 1370 ἐτέθρῶν

2129 1385 2318 1456 τίθημι
2349 1403 2363 1451 ;
2409 1385 2476 1437 Ἡ
2512 1383 2620 1453 γὰρ
2653 1383 2879 1453 λαμπρά
2907 1384 3030 1453 νίκη
3067 1387 3160 1438 καὶ
3185 1389 3250 1439 ἐκ
3275 1389 3596 1457 περιουσίας
3618 1407 3715 1458 γι-

2131 1475 2331 1546 νομένη
2359 1475 2497 1546 αὓτη
2531 1475 2700 1536 ἐστὶν,
2731 1475 2859 1526 όταν
2888 1474 2956 1526 τὰ
2983 1475 3243 1530 δοκοῦντα
3281 1479 3459 1531 αὑτῶν
3505 1480 3714 1550 ἰσχυρὰ

2131 1565 2268 1623 εἶναι
2297 1569 2396 1622 οὑκ
2420 1565 2890 1638 ἀποκρύπτωμεν·
2921 1567 2982 1619 τὸ
3015 1567 3122 1637 γὰρ
3155 1570 3529 1639 ἀποκρύπτειν
3558 1571 3716 1623 ἀπά-

2129 1679 2196 1732 τη
2229 1660 2346 1712 ἐστι
2378 1659 2598 1728 μᾶλλον,
2626 1660 2658 1730 ἢ
2688 1660 2832 1729 νίκη.
2866 1659 2930 1712 Τί
2958 1655 3050 1712 οῦν
3075 1676 3206 1728 φασι
3242 1661 3440 1730 (πάλιν
3468 1663 3576 1732 γὰρ
3602 1664 3716 1714 αὑ-

2130 1750 2198 1804 τὰ
2227 1749 2604 1819 ἀναλάϐωμεν)
2632 1763 2645 1813 ;
2675 1750 2768 1812 T6,
2805 1749 3088 1820 Σχήματι,
3117 1751 3215 1804 οὑκ
3239 1751 3352 1805 ἔστι
3390 1753 3570 1820 φύσει,
3606 1754 3717 1806 καὶ

2129 1841 2210 1903 τὸ,
2243 1841 2318 1904 ὡς
2364 1835 2648 1912 ἄνθρωπον
2677 1836 2836 1904 εἶναι,
2887 1842 2980 1895 καὶ
3021 1841 3102 1904 τὸ,
3146 1842 3204 1893 ἐν
3249 1842 3554 1912 ὁμοιώματι
3603 1845 3717 1896 ἀν-

2132 1931 2356 2001 θρώπου
2388 1927 2551 1995 εἶναι,
2587 1932 2686 1984 οὑκ
2715 1931 2829 1984 ἐστι
2861 1931 3018 1985 τοῦτο
3051 1932 3335 2002 ἄνθρωπον
3362 1929 3522 1990 εἶναι.
3559 1937 3712 2005 ’Ἄρα

2131 2022 2225 2074 καὶ
2274 2021 2335 2074 τὸ
2387 2022 2598 2092 μορφὴν
2645 2021 2829 2075 δούλου
2873 2022 3076 2088 λαϐεῖν,
3121 2023 3219 2076 οὑκ
3269 2023 3382 2076 ἔστι
3433 2025 3654 2094 μορφὴν
3681 2037 3714 2066 ι

2127 2111 2311 2164 δούλου
2345 2112 2550 2167 λαϐεῖν.
2578 2108 2784 2166 Οὐκοῦν
2817 2113 2964 2182 μάχη
2992 2113 3222 2166 ἐνταῦθα
3248 2129 3263 2144 '
3301 2116 3394 2167 καὶ
3419 2114 3506 2168 διά
3534 2115 3586 2166 τί
3621 2115 3716 2185 μὴ

2129 2200 2302 2254 ἐκεῖνο
2333 2203 2397 2255 σὺ
2432 2203 2694 2274 πρότερος
2729 2203 2911 2267 λύεις;
2965 2204 3171 2274 Ὥσπερ
3199 2205 3306 2275 γὰρ
3350 2203 3517 2257 ταῦτα
3545 2208 3720 2275 νομί-

2128 2290 2242 2354 ζεις
2270 2294 2402 2362 ἡμῖν
2424 2292 2778 2356 ἀντικεῖσθαι,
2811 2293 2955 2347 οὕτω
2987 2295 3078 2347 καὶ
3105 2295 3267 2363 ἡμεῖς
3296 2312 3478 2365 φαμεν
3520 2296 3716 2348 ἐκεῖνό

2130 2399 2208 2435 σοι
2256 2383 2607 2436 ἀντικεῖσθαι.
2647 2385 2720 2437 Οὑ
2761 2384 2868 2454 γάρ
2907 2381 3078 2446 εἶπεν,
3134 2384 3222 2448 Ὠς
3267 2387 3447 2456 μορφὴ
3487 2387 3712 2452 δούλου,

2128 2471 2267 2534 οὐδὲ,
2283 2469 2372 2524 Ἐν
2391 2470 2694 2540 ὁμοιώματι
2721 2459 2931 2545 μορφῆς
2946 2473 3152 2534 δούλου,
3174 2475 3313 2537 οἰδέ,
3347 2476 3434 2527 Ἐν
3459 2477 3715 2546 σχήματι

2131 2562 2342 2632 μορφῆς
2374 2559 2580 2626 δούλου,
2634 2560 2790 2628 ἀλλὰ,
2831 2563 3085 2631 Μορφὴν
3135 2563 3362 2617 δούλου
3388 2565 3583 2617 ἔλαϐε.
3633 2567 3714 2618 Τί

2127 2648 2220 2706 οὖν
2244 2656 2384 2719 ἐστι;
2413 2657 2506 2707 καὶ
2529 2653 2639 2724 γὰρ
2665 2654 2811 2722 μάχη
2842 2655 3006 2707 ἐστίν.
3033 2654 3270 2722 οὐδεμία
3300 2655 3468 2724 μάχη,
3494 2654 3568 2725 μὴ
3598 2657 3712 2722 γέ-

2127 2760 2291 2796 νοιτο·
2319 2743 2456 2797 ἀλλά
2495 2745 2580 2807 τίς
2623 2746 2651 2796 ό
2681 2743 2885 2814 ψυχρὸς
2923 2744 3100 2796 αὑτῶν
3131 2743 3286 2811 λόγος
3335 2746 3437 2812 καὶ,
3464 2749 3712 2814 καταγέ-

2127 2831 2340 2897 λαστος;
2374 2833 2601 2903 Μορφὴν
2618 2833 2824 2898 δούλου,
2851 2837 3035 2902 φασὶν,
3060 2834 3266 2898 ἔλαϐεν,
3296 2835 3456 2888 ὅτιτὸ
3487 2836 3708 2892 λέντιον

2128 2922 2566 2994 περιζωσάμενος
2595 2923 2741 2992 ἔνιψε
2769 2925 2892 2986 τοὺς
2917 2924 3081 2987 πόδας
3106 2923 3215 2977 τῶν
3246 2925 3524 2994 μαθητῶν.
3557 2925 3711 2979 Τοῦ-

2126 3031 2187 3067 το
2216 3014 2396 3085 μορφὴ
2415 3013 2599 3066 δούλου
2629 3015 2804 3080 ἐστίνς
2847 3014 2988 3066 Ἀλλ’
3017 3016 3117 3067 οὑκ
3157 3015 3271 3067 ἔστι
3319 3015 3475 3068 τοῦτο
3506 3019 3707 3086 μορφὴ

2126 3101 2334 3168 δούλου,
2370 3102 2484 3154 ἀλλ’
2529 3103 2688 3174 ἔργον
2732 3101 2940 3156 δούλου.
2981 3102 3207 3174 Ἕτερον
3249 3104 3306 3156 δέ
3349 3107 3490 3156 ἐστιν
3533 3106 3708 3176 ἔργον

2128 3187 2265 3246 εἶναι
2293 3191 2500 3258 δούλου,
2533 3192 2627 3245 καὶ
2674 3193 2856 3263 ἕτερον
2891 3193 3103 3264 μορφὴν
3133 3194 3318 3247 δούλου
3357 3195 3560 3251 λαϐεῖν.
3593 3199 3707 3250 Διά

2125 3282 2179 3336 τί
2208 3283 2314 3354 γὰρ
2346 3284 2444 3335 οὑκ
2466 3280 2637 3349 εἶπεν,
2665 3284 2745 3336 ὃτι
2777 3283 2978 3355 Ἐργον
2998 3287 3218 3354 ἐποίησε
3244 3286 3494 3350 δούλου,ὃ
3527 3288 3709 3356 6:13:6-

2128 3387 2315 3441 στερον
2343 3367 2444 3442 ἦν;
2492 3373 2744 3442 Ούδαμοῦ
2795 3373 2850 3425 δὲ
2889 3375 2946 3426 ἐν
2983 3377 3050 3444 τῇ
3107 3375 3293 3446 Γραφῇ
3336 3378 3516 3446 μορερὴ
3565 3379 3702 3431 ἀντὶ

2127 3463 2286 3534 ἔργου
2323 3465 2554 3534 είρηται.
2591 3465 2728 3517 Πολὺ
2757 3465 2864 3536 γὰρ
2897 3465 2957 3518 τὺ
2984 3465 3147 3534 μέσον
3179 3483 3193 3496 ο
3219 3467 3278 3520 τὸ
3319 3469 3415 3537 μὲν
3443 3469 3546 3538 γὰρ
3587 3468 3706 3536 <96-

2129 3555 2265 3618 σεώς
2285 3557 2419 3620 ἐστι,
2459 3555 2518 3607 τὸ
2555 3555 2611 3607 δέ
2646 3559 2946 3626 ἐνεργείας.
2991 3559 3098 3610 Καὶ
3139 3559 3196 3610 ἐν
3237 3561 3302 3628 τῇ
3342 3560 3594 3632 συνηθείᾳ
3637 3561 3706 3614 δὲ

2125 3646 2359 3715 οὐδαμοῦ
2395 3647 2492 3717 τὴν
2528 3646 2740 3717 μορφὴν
2777 3649 2898 3701 ἀντὶ
2929 3647 3090 3719 ἔργου
3125 3649 3374 3716 λέγοντες
3420 3652 3706 3722 λαμϐάνο-

2129 3752 2247 3804 μεν.
2277 3736 2482 3796 Ἀλλως
2511 3736 2586 3796 δὲ,
2619 3737 2736 3789 οὑδὲ
2763 3736 2822 3789 τὸ
2855 3737 3012 3806 ἔργον
3041 3741 3257 3810 ἐποίησε
3281 3743 3399 3793 κατ’
3431 3744 3702 3807 ἐκείνους,

2125 3824 2245 3878 οὑδὲ
2281 3823 2430 3896 [247]
2455 3824 2558 3895 μὴν
2575 3825 2883 3890 διεζώσατο.
2913 3829 2970 3880 Εἰ
2993 3828 3100 3900 γὰρ
3129 3832 3395 3899 φαντασία
3423 3833 3482 3884 τὸ
3509 3837 3703 3902 πράγ-

2129 3931 2205 3984 μα
2255 3911 2345 3985 ἦν,
2385 3916 2484 3968 οὑκ
2528 3912 2597 3986 ἦν
2643 3916 2870 3988 ἀλήθεια
2899 3934 2916 3950 ο
2960 3921 3008 3972 εί
3041 3920 3114 3991 μὴ
3161 3925 3348 3994 χεῖρας
3394 3919 3531 3992 εἶχε⁹
3574 3926 3703 3990 πῶς

2125 4004 2336 4074 ἔνιψενς
2364 4007 2412 4058 εί
2435 4005 2510 4075 μὴ
2540 4005 2708 4075 ὀσφὺν
2741 4003 2873 4077 εἶχε,
2906 4009 3022 4072 πῶς
3046 4010 3248 4064 λέντιον
3283 4015 3656 4084 περιεζώσατο
3681 4036 3699 4082 ;

2125 4099 2251 4149 ποῖα
2277 4097 2333 4150 δέ
2379 4098 2470 4150 καὶ
2509 4098 2696 4166 ίμάτια
2739 4099 2961 4166 ἔλαϐεν;
2999 4103 3218 4156 Ἔλαϐε
3247 4105 3353 4174 γὰρ
3385 4109 3455 4158 τὰ
3492 4107 3704 4172 ἱμάτια.

2123 4186 2328 4254 αὐτοῦ,
2382 4187 2566 4256 φησίν.
2601 4188 2812 4259 Ὥσπερ
2866 4185 2960 4242 οὖν
3002 4192 3120 4244 οὑδὲ
3157 4193 3217 4244 τὸ
3262 4194 3419 4263 ἔργον
3456 4196 3702 4250 ἐνταῦθα

2125 4279 2435 4350 εὑρίσκεται
2478 4281 2719 4348 γεγονὸς,
2753 4281 2887 4334 ἀλλά
2925 4283 3108 4354 ἀπάτη
3151 4286 3265 4338 ἐστῖ⁵
3297 4287 3471 4355 μόνον,
3516 4288 3702 4353 οὔτως

2124 4370 2244 4422 οὑδέ
2273 4370 2418 4439 ἔνιψε
2445 4373 2569 4434 τοὺς
2600 4371 2760 4434 πόδας
2804 4372 2913 4425 τῶν
2953 4375 3226 4443 μαθητῶν.
3260 4376 3321 4429 Εἰ
3350 4377 3452 4449 γὰρ
3483 4381 3513 4447 ἡ
3549 4382 3701 4432 ἀσώ-

2129 4479 2294 4532 ματος
2333 4461 2492 4531 φύσις
2524 4464 2622 4516 οὑκ
2651 4465 2844 4534 ἐφάνη,
2891 4467 2948 4518 ἐν
2978 4466 3189 4536 σώματι
3211 4469 3310 4520 οὑκ
3334 4465 3421 4539 ἦν.
3463 4470 3557 4532 Τίς
3594 4467 3698 4522 οὗν

2123 4553 2249 4615 τοὺς
2278 4553 2526 4623 μαθητὰς
2555 4553 2702 4624 ἔνιψε
2735 4572 2751 4622 ;
2793 4557 2859 4608 Τί
2881 4553 2975 4610 οῦν
3005 4559 3164 4612 πάλιν
3194 4560 3328 4630 πρὸς
3364 4557 3573 4613 Παῦλον
3599 4561 3698 4613 τὸν

2125 4642 2442 4712 Σαμοσατέα
2498 4644 2764 4716 ἐροῦμεν;
2815 4649 2925 4701 Καὶ
2953 4649 3004 4702 τί
3051 4651 3256 4713 ἐκεῖνος
3297 4646 3436 4716 εἷπε,
3485 4652 3693 4721 φησίνς

2122 4733 2292 4798 Αὐτὸς
2316 4734 2377 4788 τὸ
2403 4735 2534 4789 αὑτό
2560 4753 2721 4808 φησιν
2743 4755 2756 4768 ·
2790 4739 2904 4792 ἀλλ’
2929 4741 3028 4794 οὑκ
3057 4740 3342 4795 ἔστιτοῦτο
3356 4743 3603 4809 κένωσις,
3629 4747 3696 4799 τὸ

2123 4827 2337 4898 φύσεως
2372 4829 2499 4883 ὄντα
2520 4831 2866 4902 ἀνθρωπίνης
2901 4837 2992 4888 καὶ
3024 4835 3307 4907 ἄνθρωπον
3329 4837 3501 4907 ψιλὸν,
3536 4837 3694 4906 νίψαι

2121 4920 2248 4983 τοὺς
2277 4920 2618 4992 ὁμοδούλους.
2665 4923 2732 4975 Ἀ
2771 4925 2878 4994 γάρ
2924 4925 3150 4996 εἴπομεν
3182 4928 3318 4999 πρὸς
3353 4929 3692 4998 Ἀρειανοὺς,

2121 5006 2298 5061 ταῦτα
2334 5011 2426 5062 καὶ
2455 5010 2591 5080 πρὸς
2616 5012 2836 5076 τούτους
2866 5013 3084 5082 ῥητέον·
3125 5017 3276 5070 οὑδὲν
3306 5018 3413 5088 γάρ
3444 5017 3695 5087 ἀλλήλων

2121 5096 2489 5165 διεστήκασιν,
2511 5101 2626 5153 ἀλλ’
2659 5101 2692 5172 ἢ
2718 5102 2884 5172 ὀλίγῳ
2912 5104 3088 5174 χρόνῳ
3111 5122 3122 5134 ·
3159 5107 3253 5158 καὶ
3281 5107 3387 5175 γὰρ
3419 5107 3510 5158 καὶ
3541 5103 3692 5160 οὗτοι

2122 5187 2364 5240 κάκεῖνοι
2413 5187 2617 5258 κτίσμα
2661 5191 2753 5243 τὸν
2795 5192 2921 5244 Υίὸν
2959 5194 3054 5246 τοῦ
3096 5194 3230 5248 Θεοῦ
3287 5213 3440 5265 φασι.
3492 5197 3558 5248 Τί
3597 5193 3691 5250 οὗν

2123 5277 2353 5347 ἐροῦμεν
2375 5277 2508 5349 πρὸς
2524 5279 2714 5344 αὑτούς
2733 5299 2748 5348 ;
2769 5283 2830 5334 Εἰ
2849 5283 3129 5354 ἄνθρωπος
3147 5285 3241 5337 ἀνθ
3251 5285 3463 5356 ρώπους
3485 5288 3687 5355 ἔνι-ξεν.

2123 5367 2220 5420 οὑκ
2243 5367 2528 5434 ἐκένωσεν,
2558 5369 2656 5423 οὑκ
2682 5371 3042 5427 ἐταπείνωσεν
3065 5376 3253 5429 ἑαυτόν
3286 5391 3301 5406 ·
3333 5379 3381 5430 εί
3401 5376 3687 5448 ἄνθρωπος

2184 5677 2212 5708 ⁸
2233 5677 2327 5727 Pro
2349 5679 2529 5742 μορφήν
2553 5687 2684 5730 recte
2709 5680 2922 5731 Dunreus
2949 5684 3082 5748 φύσιν
3101 5686 3367 5751 legendum
3391 5698 3580 5740 censet.

3945 1822 3947 1928 l
