4044 6202
304 259 412 317 9.29

303 373 542 444 percipe.
570 371 721 437 Quod
754 369 976 440 quisque
1005 368 1199 438 rapuit,
1227 378 1280 421 et
1304 378 1499 438 praeter
1523 381 1890 435 trquuntacce-

300 468 395 535 pit,
417 466 468 517 id
486 466 758 532 deponere
771 476 1103 531 nequaquam
1123 460 1302 524 audet,
1319 461 1515 513 veritus
1532 474 1595 512 ne
1616 457 1890 510 amittatur

299 570 462 627 atque
513 557 791 617 elabatur,
843 553 938 609 sed
988 562 1248 623 perpetuo
1301 551 1438 621 apud
1476 567 1536 607 se
1571 550 1759 605 retinet
1794 559 1890 604 :at

297 652 386 718 qui
421 649 719 702 naturalem
749 647 1052 717 quampiam
1106 645 1414 715 dignitatem
1448 644 1634 709 habet,
1691 643 1735 697 is
1783 658 1885 696 non

296 742 493 795 metuit
545 742 614 794 ab
678 742 766 794 illa
830 742 988 795 etiam
1057 739 1315 809 dignitate
1371 737 1733 800 descendere;
1788 736 1891 788 scit

298 834 441 886 enim
471 848 529 885 se
558 831 690 884 nihil
722 830 1021 899 hujusmodi
1062 844 1339 898 passurum
1369 842 1509 882 esse.
1535 827 1764 880 All'eram
1797 842 1888 878 ex-

297 925 536 993 emplum
568 943 581 979 :
613 923 845 976 Altsaluu
907 930 1159 991 rapuerat
1219 918 1580 991 tyrannidem,
1636 919 1889 985 illamque

297 1018 572 1084 deponere
619 1031 722 1069 non
755 1014 1003 1067 audebat.
1050 1012 1156 1067 Sed
1204 1010 1346 1065 aliud
1395 1011 1553 1066 etiam
1586 1009 1886 1078 exemplum

297 1120 681 1177 proponi-mus.
717 1105 866 1172 Quod
896 1106 939 1158 si
967 1104 1216 1173 exempla
1244 1118 1357 1157 rem
1400 1112 1562 1156 totam
1591 1116 1887 1170 repra-sen-

300 1210 417 1252 tarc
463 1205 768 1266 nequeunt,
818 1211 886 1250 ne
928 1195 1150 1248 moleste
1196 1192 1421 1248 feralis:
1456 1194 1698 1261 exempta
1744 1191 1885 1245 enim

296 1298 419 1342 sunt
453 1286 790 1355 huiusmodi,
825 1290 1079 1355 majorem
1126 1292 1331 1355 partem
1362 1283 1527 1337 tuenti
1551 1281 1885 1350 cogitandam

296 1380 627 1449 relinquunt.
658 1379 712 1432 lu
761 1391 937 1447 regem
987 1377 1253 1446 quispiam
1286 1375 1511 1438 invasit,
1560 1388 1887 1442 regnumque

294 1474 512 1539 eripuit.
557 1471 654 1525 llic
704 1470 1014 1539 deponere,
1067 1478 1161 1523 aut
1207 1467 1479 1523 occultare
1512 1467 1884 1521 auctoritatem

293 1580 450 1618 suam
495 1563 715 1617 minime
766 1562 970 1616 audet:
1005 1576 1126 1615 nam
1181 1560 1224 1613 si
1272 1558 1440 1613 semel
1498 1558 1883 1623 occultaverit,

296 1656 479 1707 statim
513 1654 597 1707 illa
626 1653 914 1706 amittitur.
943 1650 1095 1718 Quod
1127 1650 1431 1719 exemplum
1481 1649 1597 1703 aliis
1633 1649 1793 1703 etiarn
1820 1664 1886 1703 ex

296 1747 462 1799 rubas
484 1748 587 1815 peti
613 1754 824 1815 potest:
850 1743 997 1798 verbi
1021 1744 1209 1813 gratia,
1236 1743 1279 1796 si
1316 1741 1435 1811 quis
1460 1741 1656 1811 aliquid
1688 1740 1885 1810 rapuit,

294 1837 351 1891 id
373 1846 632 1907 perpetuo
655 1837 875 1890 retinet:
896 1851 1150 1889 namcunt
1168 1834 1392 1902 primum
1413 1832 1535 1885 illttd
1555 1833 1883 1901 deposuerit,

293 1932 537 1985 amittet.
565 1929 893 1999 Omninoque
934 1927 1076 1999 quod
1118 1928 1341 1997 quisque
1378 1942 1440 1981 cx
1474 1926 1657 1994 rapina
1688 1922 1881 1987 habet,

301 2023 467 2075 timet
488 2020 750 2089 deponere
777 2032 934 2089 atque
964 2034 992 2071 a
1020 2034 1078 2073 se
1109 2033 1327 2073 movere
1348 2060 1363 2084 ,
1409 2025 1463 2071 et
1493 2031 1597 2070 non
1630 2025 1887 2085 perpetuo

304 2113 441 2169 illud
470 2113 710 2179 retinere,
741 2111 878 2182 quod
905 2111 1206 2181 occupavit.
1248 2111 1415 2166 Abest
1441 2124 1571 2164 vero
1598 2109 1684 2164 hic
1728 2110 1887 2162 timor

295 2207 374 2259 ab
404 2206 486 2268 iis,
518 2205 603 2274 qui
644 2204 859 2258 minime
880 2220 943 2258 ex
971 2204 1153 2272 rapina
1181 2202 1409 2267 habent;
1440 2212 1497 2256 ut
1522 2201 1683 2256 homo
1713 2200 1884 2271 digni-

292 2306 466 2351 tatem
496 2298 647 2351 istam
678 2296 837 2351 habet
860 2304 915 2349 ut
941 2295 1163 2349 rationis
1182 2308 1404 2363 compos
1430 2295 1517 2348 sit.
1541 2293 1647 2348 Sed
1678 2308 1781 2347 non
1809 2294 1887 2346 iu-

296 2389 460 2441 venio
485 2394 612 2441 satis
636 2398 817 2456 aptum
847 2387 1171 2457 exemplum.
1202 2386 1316 2440 Non
1342 2386 1484 2440 enim
1513 2394 1597 2440 est
1622 2385 1758 2454 apud
1789 2400 1884 2439 nos

295 2479 632 2547 principatus
656 2479 915 2532 naturalis
941 2496 953 2531 :
984 2478 1245 2532 bonorum
1278 2477 1475 2547 quippe
1504 2477 1705 2531 nullum
1733 2474 1886 2530 nobis

295 2569 545 2622 naturale
576 2578 679 2634 est,
704 2568 1133 2637 quandoquidem
1154 2567 1331 2622 omnia
1361 2568 1516 2621 sin‘tul
1547 2582 1666 2621 cum
1702 2575 1885 2619 natura

295 2659 396 2721 Dei
421 2659 701 2728 cenjuncta
726 2702 739 2724 ,
765 2659 1015 2727 illiustguc
1047 2658 1258 2729 pr0pria
1293 2669 1435 2711 sunt.
1466 2656 1603 2726 Quid
1627 2657 1783 2725 igitur
1806 2654 1887 2709 di-

292 2752 512 2805 cimus?
544 2751 637 2805 Dei
665 2751 861 2805 Filium
895 2752 1119 2804 veritum
1149 2764 1252 2804 non
1283 2764 1401 2804 esse
1428 2749 1493 2804 de
1516 2749 1682 2819 gradu
1708 2747 1882 2818 digiti-

292 2843 427 2896 tatis
463 2858 573 2897 sua:
600 2843 950 2909 descendere,
983 2845 1230 2912 quoniam
1262 2859 1363 2897 non
1391 2853 1473 2898 est
1496 2844 1782 2897 arbitratus
1805 2857 1888 2895 ra-

295 2935 481 3000 pinam
514 2933 681 3002 ipsam
709 2934 957 2987 deitatem
993 2952 1005 2987 :
1040 2949 1143 2987 non
1175 2934 1343 2987 timuit
1368 2950 1434 2987 ne
1457 2935 1573 3003 quis
1601 2934 1698 2989 sibi
1730 2942 1883 2987 natu-

297 3041 419 3077 ram
440 3032 531 3076 aut
553 3022 863 3092 dignitatem
896 3025 1144 3093 eriperet,
1171 3023 1527 3090 Quamobrem
1559 3025 1698 3080 illam
1727 3026 1884 3078 etiam

295 3117 575 3184 deposuit,
607 3132 710 3171 nan
741 3118 987 3173 dubitans
1010 3132 1066 3173 se
1090 3130 1426 3189 recepturum
1448 3137 1463 3185 ;
1485 3131 1641 3189 atque
1663 3119 1888 3173 abscon-

296 3207 417 3269 dit,
454 3224 556 3260 non
588 3208 709 3263 ideo
730 3225 788 3263 se
824 3210 1083 3263 tninurem
1117 3210 1229 3264 ﬁeri
1258 3211 1566 3265 arbitratus.
1599 3211 1887 3280 Propterea

300 3316 413 3353 non
433 3300 585 3365 dixit,
603 3300 719 3355 Non
750 3303 943 3370 rapuit,
961 3300 1074 3365 sed,
1105 3300 1225 3355 Non
1246 3303 1478 3370 rapinam
1506 3301 1776 3356 arbitratus
1795 3312 1883 3369 est.

299 3392 423 3445 Non
452 3393 590 3444 enim
618 3409 682 3445 cx
712 3396 894 3459 rapina
924 3392 1105 3447 habuit
1136 3394 1509 3463 principatum,
1540 3409 1711 3464 neque
1729 3395 1888 3448 etiam

297 3484 378 3535 ab
404 3484 505 3536 alio
526 3485 624 3536 sibi
653 3485 925 3548 traditum,
955 3484 1047 3538 sed
1080 3485 1409 3552 naturalem,
1439 3486 1683 3541 stabilem
1711 3501 1773 3540 ac
1804 3495 1888 3539 tu-

301 3586 447 3628 tum.
482 3575 601 3628 Ideo
631 3592 805 3645 neque
844 3577 1003 3630 etiam
1034 3577 1321 3631 satellitum
1349 3586 1627 3632 cunctatur
1652 3576 1889 3631 habitum

295 3681 540 3721 sumere.
572 3665 854 3737 Tyrannus
894 3668 1079 3721 metuit
1132 3668 1183 3721 itt
1236 3668 1377 3723 bello
1408 3684 1696 3738 purpuram
1725 3667 1889 3736 depo—

298 3772 471 3819 nere;
514 3772 604 3811 rex
664 3772 792 3811 vero
833 3756 884 3810 id
925 3757 1149 3812 tidenter
1175 3773 1237 3813 ac
1264 3768 1378 3813 tuto
1409 3758 1554 3813 facit.
1586 3759 1731 3813 Cur?
1759 3758 1890 3826 Quia

302 3862 421 3899 non
452 3862 517 3899 ex
549 3847 729 3915 rapina
756 3848 1111 3916 principatum
1145 3850 1320 3904 habet.
1344 3848 1462 3904 Non
1490 3866 1617 3920 ergo
1643 3866 1703 3905 ac
1733 3852 1775 3904 si
1806 3867 1891 3904 ra-

300 3938 516 4007 puisset
542 3953 646 3991 non
678 3938 946 4007 deposuit,
979 3938 1070 3993 sed
1122 3949 1179 3994 ut
1218 3940 1306 4010 qui
1348 3941 1639 3995 naturalem
1672 3940 1893 3994 haberet

298 4044 543 4098 emuque
596 4030 841 4085 amittere
881 4046 1168 4100 numquam
1202 4040 1412 4101 posset,
1446 4032 1748 4085 occultavit.
1785 4032 1894 4087 lloc

305 4120 533 4187 inquam
556 4161 570 4186 ,
613 4136 731 4175 esse
758 4122 1016 4190 aequalem
1052 4122 1159 4175 Deo
1182 4164 1195 4187 ,
1230 4137 1334 4175 non
1366 4138 1428 4175 ex
1463 4123 1640 4192 rapina
1675 4122 1891 4187 habuit,

304 4212 415 4264 sed
445 4225 473 4262 a
517 4219 737 4275 natura;
791 4211 1138 4280 quamobrem
1180 4211 1415 4282 seipsum
1459 4212 1767 4266 exinanivit.
1795 4213 1893 4268 ljbi

306 4312 444 4357 sunt
468 4306 555 4373 qui
578 4305 779 4367 dicunt,
815 4305 962 4358 illum
992 4304 1216 4359 subiisse
1244 4305 1612 4359 necessitatem
1634 4347 1648 4370 ,
1679 4320 1740 4359 ac
1766 4306 1892 4359 sub-

300 4397 511 4464 jectum
535 4395 715 4450 fuisse.
742 4396 1000 4465 Seipsum,
1033 4397 1219 4466 inquit,
1241 4397 1768 4466 exinmtivit,seipsittit
1797 4399 1894 4450 lm-

309 4487 553 4552 miliaoit,
604 4488 837 4541 abi-diem
876 4490 1043 4557 [acuis
1073 4505 1228 4553 usque
1272 4494 1338 4541 ad
1365 4489 1897 4553 mortem.Quontodo

308 4579 609 4633 esiuanivit
629 4578 652 4630 ἲ
670 4578 909 4631 Formam
939 4580 1067 4632 servi
1092 4580 1361 4648 accipiens,
1382 4582 1432 4631 in
1461 4579 1789 4633 similitudine
1807 4582 1898 4634 lio—

314 4672 515 4722 mimtm
545 4674 732 4738 factus,
765 4679 810 4721 et
849 4670 1023 4722 habitu
1062 4671 1292 4723 inventus
1337 4680 1387 4722 ut
1436 4671 1601 4724 homo.
1646 4671 1754 4724 lloe
1782 4672 1898 4725 loco

311 4770 569 4829 Spectatus
598 4760 663 4813 ad
698 4760 855 4825 illud,
889 4760 1189 4831 Superiores
1230 4761 1322 4815 sibi
1352 4762 1559 4814 invicem
1597 4762 1899 4815 arbitrantes

316 4852 591 4921 (Philipp.
624 4851 678 4905 2.
708 4853 742 4906 5
762 4852 781 4921 )
805 4893 821 4919 ,
854 4852 967 4906 lucc
996 4854 1157 4908 verba
1184 4853 1425 4924 protulit,
1456 4854 1692 4922 Seipsttm
1719 4855 1899 4907 exina-

320 4945 463 4996 nivit.
485 4944 696 4998 Etenim
720 4944 763 4997 si
788 4943 1059 5013 subjectus
1084 4944 1289 5010 fuisset,
1312 4960 1374 4999 ac
1396 4962 1500 4999 non
1528 4957 1718 5015 sponte
1742 4957 1902 5015 atque

317 5051 385 5088 ex
414 5035 593 5104 seipso
627 5035 725 5089 hoc
755 5037 1101 5105 suscepisset,
1130 5037 1179 5090 id
1213 5037 1525 5090 humilitatis
1552 5054 1654 5091 ttun
1689 5036 1897 5091 luisset.

319 5125 454 5179 Nam
492 5128 540 5192 ,εἰ
586 5128 851 5196 ignoravit
895 5127 995 5182 hoc
1036 5143 1155 5183 esse
1185 5128 1508 5190 faciendum,
1558 5129 1903 5197 imperfectus

321 5226 472 5268 certe
503 5217 662 5270 fuerit
702 5235 715 5269 :
750 5218 794 5270 si
844 5233 970 5270 vero
1019 5219 1264 5272 nesciens
1294 5229 1500 5285 tempus
1529 5219 1776 5286 praecepti
1810 5234 1899 5271 ex-

330 5309 608 5374 Speetavit,
666 5321 878 5379 tempus
928 5325 1058 5364 sane
1108 5325 1211 5362 non
1265 5312 1493 5362 noverit.
1543 5309 1693 5376 Quod
1750 5311 1790 5362 si
1848 5318 1902 5366 et

328 5398 620 5454 lteiendum
653 5416 772 5455 esse
795 5443 810 5466 ,
858 5411 912 5455 et
940 5416 1045 5469 quo
1093 5411 1334 5468 tempore
1384 5399 1683 5453 faciendum
1713 5400 1901 5466 scivit;

327 5504 563 5557 quonam
590 5504 751 5543 causa
782 5501 882 5553 cst,
914 5506 1008 5543 cur
1036 5489 1180 5543 illum
1208 5490 1504 5556 subjectum
1540 5488 1698 5544 fuisse
1726 5489 1905 5545 dieeu-

328 5582 444 5632 dunt
474 5582 584 5635 sit?
619 5581 687 5636 Ut
715 5581 909 5645 Patris,
959 5582 1228 5652 inquiunt,
1279 5582 1639 5650 praestantiam
1681 5580 1897 5638 indicet.

328 5670 463 5727 istud
502 5689 625 5729 rem
655 5689 759 5724 non
787 5682 867 5726 est
901 5673 1070 5726 Patris
1111 5672 1470 5742 praestantiam
1511 5670 1783 5743 indicare,
1810 5679 1901 5735 sed

664 5768 935 5830 PATBOL.
979 5772 1093 5833 an.
1145 5774 1334 5836 ιλιι.
1554 5766 1557 5767 ί

337 5857 345 5861 >
382 5858 443 5866 με

1197 253 1259 307 ΙΝ
1298 252 1510 309 EPIST.
1554 252 1643 307 AD
1683 250 1890 307 PlllLll

2010 249 2158 305 CAP.
2204 249 2264 303 ll.
2308 249 2537 305 ιιυλιιι.
2585 251 2693 308 Vll.
3472 263 3579 322 2Ἶο

1992 377 2142 417 suam
2173 363 2451 418 utilitatth
2481 383 2495 419 :
2522 365 2690 419 Patris
2734 368 2873 421 enim
2920 385 3114 425 nomen
3144 388 3315 431 nonne
3343 381 3472 435 satis
3495 391 3578 440 est

1992 454 2058 507 ad
2102 453 2441 508 iudicandum
2483 454 2655 510 Patris
2696 458 2923 526 priorem
2966 460 3019 513 in
3069 462 3275 532 origine
3313 468 3577 533 gradum?

1995 542 2105 597 Hoc
2134 552 2312 596 autem
2345 559 2451 596 uno
2475 555 2697 614 excepto
2718 587 2731 609 ,
2762 548 2901 617 quod
2932 549 3089 605 Pater
3119 568 3224 606 non
3253 565 3335 607 est
3355 599 3367 620 ,
3398 561 3575 613 omnia

2001 632 2187 689 eadem
2229 634 2387 689 habet
2430 635 2616 691 Filius.
2659 640 2736 692 Ae
2780 654 2909 694 sane
2960 659 3133 713 neque
3172 656 3327 716 aptus
3376 658 3458 703 est
3492 649 3580 706 hic

1993 726 2199 792 honor,
2230 729 2319 798 qui
2366 745 2394 783 a
2428 728 2583 783 Patre
2615 733 2885 799 perveniat
2921 734 2971 787 in
3017 735 3227 791 Filium.
3262 739 3375 795 lloc
3398 750 3577 798 autem

1992 830 2252 886 excepto,
2294 835 2643 891 qna-cumque
2685 821 2858 877 Patris
2900 834 3061 892 sunt,
3096 827 3229 883 Filio
3264 832 3422 887 etiam
3454 846 3578 890 sunt

1990 924 2317 964 communia.

2062 1000 2117 1054 2.
2168 1000 2355 1056 Contra
2387 1002 2764 1059 Marciouistas.
2788 1037 2858 1046 —
2881 1008 2990 1064 llo‘c
3037 1010 3154 1065 loco
3177 1011 3532 1074 Marcionistzn
3556 1061 3573 1087 ,

1992 1092 2134 1161 quod
2162 1093 2360 1147 dictum
2392 1104 2473 1147 est
2494 1096 2828 1164 arripientes,
2861 1098 3122 1167 inquiunt,
3152 1102 3265 1156 Non
3290 1119 3366 1159 est
3403 1107 3576 1164 factus

1992 1183 2180 1249 homo,
2242 1183 2334 1237 sed
2362 1226 2374 1247 ,
2432 1187 2485 1238 ltt
2532 1188 2878 1243 similitudine
2908 1190 3178 1245 huntintnn
3210 1196 3397 1251 laetus.
3426 1199 3573 1265 Quo-

1991 1274 2151 1328 modo
2180 1291 2305 1328 vero
2336 1285 2510 1347 potest
2538 1277 2657 1345 quis
2678 1278 2726 1330 in
2750 1279 3097 1336 similitudine
3120 1282 3389 1340 hominum
3422 1290 3530 1343 fieri
3552 1292 3578 1343 1'

1992 1364 2232 1418 Umbram
2284 1366 2734 1436 indutus?lgitur
2761 1369 2958 1425 idolum
3010 1372 3147 1426 istud
3187 1383 3299 1437 est,
3358 1379 3577 1434 minime

1991 1468 2120 1507 vero
2166 1454 2399 1508 hominis
2435 1458 2730 1512 similitudo
2774 1476 2785 1511 :
2824 1458 3054 1515 hominis
3096 1464 3238 1517 enim
3283 1466 3578 1523 similitudo

1991 1543 2129 1597 alter
2168 1547 2327 1598 homo
2358 1556 2457 1599 est.
2492 1547 2627 1613 Quid
2670 1559 2845 1603 auum
2898 1552 3246 1619 Γειδνυηιίυϋὶε
3285 1556 3475 1613 Juauni
3503 1564 3574 1615 ita

1989 1633 2205 1701 dicenti,
2246 1633 2464 1689 Verbum
2503 1656 2622 1691 cura
2653 1645 2839 1709 factum
2880 1652 2953 1695 est
2990 1642 3183 1711 (Joun.
3214 1648 3263 1700 i.
3295 1650 3439 1719 14)?
3471 1651 3571 1708 Ver

1993 1742 2108 1779 rmn
2160 1736 2213 1780 ct
2241 1726 2328 1782 hic
2360 1729 2471 1796 ipse
2501 1731 2531 1783 Ι)
2554 1743 2684 1785 -atns
2711 1734 2835 1787 alibi
2876 1736 3043 1804 inquit
3067 1779 3079 1801 ,
3131 1737 3196 1791 In
3239 1743 3576 1799 similitudine

1990 1819 2157 1870 carnis
2180 1821 2368 1885 peccati
2388 1822 2562 1891 (Rern.
2593 1824 2642 1878 8.
2676 1825 2750 1893 5).
2788 1824 2854 1878 Et
2884 1826 3055 1880 lmbittt
3078 1829 3307 1885 inventus
3328 1843 3383 1886 ut
3401 1836 3574 1890 ltomo.

1993 1908 2132 1962 Ecce
2162 1909 2429 1979 inquiunt,
2456 1913 2518 1965 Ιέε
2543 1914 2734 1979 habitu,
2759 1927 2832 1981 et,
2872 1916 2938 1970 Ut
2963 1917 3130 1971 homo.
3162 1922 3227 1973 At
3256 1937 3374 1977 esse
3398 1934 3447 1978 ιιι
3478 1923 3579 1978 lto-

1991 2000 2210 2065 minem,
2235 2010 2290 2054 ct
2317 2018 2438 2056 esse
2465 2003 2645 2058 habitu
2677 1992 2966 2073 hominem,
3004 2008 3103 2063 hoc
3135 2028 3468 2082 nequaquam
3491 2029 3574 2070 est

1992 2105 2116 2144 vere
2145 2090 2413 2147 hominem
2436 2110 2585 2148 esse:
2614 2097 2947 2151 habituenim
2974 2099 3241 2157 hominem
3265 2120 3322 2159 es
3353 2121 3403 2170 e,
3431 2106 3575 2164 aliud

1995 2192 2077 2234 est
2114 2198 2177 2236 ac
2215 2195 2399 2237 natura
2438 2201 2556 2240 esse
2597 2186 2887 2243 hominem.
2935 2190 3120 2246 Videte
3164 2210 3320 2263 quam
3348 2212 3449 2267 ego
3491 2200 3575 2252 in-

1991 2290 2164 2341 genue
2196 2286 2248 2329 et
2270 2294 2423 2345 requ
2451 2294 2628 2332 animo
2658 2297 2720 2334 ea
2742 2322 2754 2342 ,
2786 2298 2903 2351 quze
2930 2283 2997 2335 ab
3026 2284 3346 2342 adversariis
3383 2290 3574 2345 dicuno

1993 2375 2096 2426 tur,
2120 2365 2373 2420 afferam?
2394 2368 2541 2423 'l'unc
2567 2371 2705 2423 enim
2740 2372 2949 2426 demum
2980 2375 3252 2441 Splendida
3292 2396 3352 2434 ac
3383 2382 3581 2438 redun-

1993 2455 2126 2508 dans
2185 2458 2401 2512 victoria
2447 2469 2591 2528 parta
2633 2464 2755 2525 erit,
2811 2481 2931 2517 tum
2967 2466 3177 2521 illorum
3225 2485 3575 2540 argumenta,

1992 2563 2110 2616 qua:
2141 2547 2336 2616 aliquid
2362 2551 2571 2605 roboris
2597 2552 2845 2607 videntur
2872 2555 3084 2623 habere,
3113 2560 3578 2618 minimcabscou-

1992 2638 2232 2693 dertmus
2265 2658 2278 2693 ;
2322 2640 2654 2696 abse0ndvre
2681 2645 2821 2696 enim
2848 2686 2862 2709 ,
2917 2648 3092 2713 potius
3122 2649 3277 2704 dolus
3305 2663 3386 2707 est
3416 2672 3575 2727 quam

1992 2731 2234 2784 victm-ia.
2279 2732 2413 2797 Quid
2469 2734 2627 2802 igitur
2682 2735 3179 2802 inptiuut?rursus
3221 2746 3361 2797 enim
3388 2747 3578 2805 eadem

1996 2840 2296 2891 repetamus
2329 2843 2340 2877 :
2369 2827 2526 2880 Aliud
2558 2836 2635 2880 est
2661 2827 2842 2882 habitu
2888 2830 3156 2887 hominem
3185 2850 3340 2904 esse,
3380 2854 3442 2893 ac
3480 2858 3579 2894 Ita-

1995 2923 2141 2980 tura;
2167 2928 2325 2985 atquc
2354 2932 2474 2971 esse
2494 2930 2541 2971 ut
2569 2918 2867 2987 hominem,
2892 2924 3016 2976 etin
3041 2925 3387 2983 similitudine
3409 2929 3583 2987 hotni-
3667 2965 3669 2967 ι

1996 3007 2076 3059 nis
2130 3021 2286 3073 esse,
2331 3008 2472 3062 aliud
2515 3020 2595 3064 est
2649 3024 2806 3082 atque
2848 3016 3115 3070 hominem
3163 3034 3300 3074 esse.
3361 3021 3499 3093 Ergo
3526 3036 3581 3080 et

1995 3103 2217 3153 l’urntatn
2248 3104 2385 3156 servi
2418 3105 2678 3172 accipere,
2727 3122 2831 3160 nun
2871 3116 2955 3161 est
2985 3110 3207 3164 formant
3254 3114 3393 3169 servi
3436 3120 3579 3171 arci-

2002 3208 2145 3260 pere.
2169 3192 2359 3247 Secum
2388 3196 2542 3263 igitur
2574 3196 2673 3249 huc
2698 3198 2863 3265 ipsum
2897 3211 3110 3268 pugnat,
3132 3212 3185 3254 et
3212 3220 3374 3273 quare
3398 3215 3449 3259 tit
3474 3224 3581 3263 non

1996 3286 2141 3351 prior
2172 3286 2309 3339 istud
2336 3287 2622 3340 dissolvis?
2651 3290 2777 3342 Nam
2815 3293 3261 3359 quemadmodum
3291 3296 3403 3351 lta'c
3428 3302 3584 3355 nobis

1994 3375 2264 3430 adversari
2297 3379 2589 3445 exi5timas,
2634 3381 2702 3433 ita
2743 3390 2793 3435 et
2838 3398 2935 3436 nos
2977 3384 3116 3439 istud
3174 3386 3264 3441 tibi
3310 3390 3583 3447 adversari

1993 3470 2347 3524 ostendimus.
2372 3471 2487 3525 Non
2515 3473 2656 3525 enim
2699 3474 2852 3539 dixit,
2884 3475 2950 3530 Ut
2997 3475 3166 3532 forma
3192 3482 3353 3548 servi,
3387 3500 3580 3558 neque,

1997 3561 2053 3615 ln
2078 3561 2423 3617 similitudine
2447 3561 2634 3617 forma:
2661 3566 2822 3629 servi,
2854 3582 3046 3636 neque,
3093 3569 3145 3624 In
3190 3571 3369 3627 habitu
3399 3576 3584 3631 forma:

2001 3653 2167 3719 servi,
2194 3652 2306 3718 sed,
2340 3652 2581 3707 Formam
2607 3656 2733 3708 servi
2753 3659 2966 3725 accepit.
2991 3658 3127 3726 Quid
3156 3661 3313 3730 igitur
3343 3663 3441 3719 hoc
3464 3668 3587 3721 est?

1997 3743 2252 3799 subestne
2281 3744 2455 3815 aliqua
2483 3746 2535 3800 in
2568 3748 2744 3802 verbis
2768 3765 2938 3819 pugna
2961 3751 2984 3802 ?
3012 3751 3165 3805 Nulla
3190 3770 3383 3824 pugna,
3410 3757 3541 3812 absit
3566 3776 3585 3827 ;

1999 3835 2092 3890 sed
2121 3846 2202 3890 est
2233 3836 2445 3891 illorum
2479 3838 2723 3908 frigidum
2767 3857 2827 3895 ac
2866 3843 3150 3898 ridiculum
3180 3847 3401 3903 dictum.
3449 3850 3585 3906 For-

2000 3946 2178 3997 mam,
2212 3930 2471 4002 inquiunt,
2497 3934 2635 3987 servi
2666 3937 2889 4004 accepit,
2920 3953 3041 3991 cum
3074 3939 3238 3995 linteo
3263 3941 3586 3998 circumcin-

2000 4033 2116 4078 ctus
2145 4023 2527 4094 discipulorum
2562 4027 2724 4095 pedes
2767 4028 2911 4082 lavit.
2947 4030 3179 4086 lloceiue
3237 4032 3404 4088 tot-tua
3444 4038 3587 4092 servi

2000 4118 2118 4171 est?
2143 4116 2459 4188 Neutiquam
2493 4118 2658 4173 forma
2687 4122 2825 4175 servi
2848 4132 2950 4188 est,
2982 4124 3075 4178 sed
3095 4139 3228 4193 Opus
3243 4128 3381 4180 servi
3405 4150 3416 4180 :
3441 4128 3587 4182 aliud

2002 4224 2127 4262 vero
2153 4218 2235 4262 est
2263 4224 2397 4278 Opus
2425 4211 2563 4264 servi
2592 4225 2731 4270 esse,
2760 4226 2821 4264 ac
2868 4213 3089 4266 turmam
3130 4216 3270 4269 servi
3321 4220 3586 4284 accipere.

2002 4299 2111 4353 Cur
2135 4302 2275 4353 enim
2307 4318 2409 4353 non
2444 4301 2512 4352 ita
2543 4301 2695 4364 dixit,
2726 4302 2870 4371 Opus
2894 4305 3031 4355 Servi
3063 4303 3208 4369 fecit,
3239 4306 3379 4375 quod
3412 4310 3584 4362 mani-

2004 4392 2187 4444 festius
2218 4392 2369 4445 erat?
2398 4391 2669 4460 Nusquam
2717 4394 2936 4449 omnino
2991 4397 3041 4450 in
3070 4396 3342 4467 Scriptura
3388 4417 3587 4458 nomen

2004 4488 2188 4541 fornae
2222 4504 2318 4558 pro
2362 4504 2525 4557 opere
2550 4499 2631 4544 est
2671 4501 2997 4560 usurpatum.
3031 4492 3213 4563 Magna
3245 4496 3388 4549 enim
3431 4496 3588 4553 dill'e-

2006 4581 2173 4634 reutia
2207 4581 2485 4635 intercedit
2532 4601 2545 4636 ;
2591 4599 2709 4635 natu
2740 4584 2967 4638 alterum
2996 4584 3210 4655 quidem
3239 4598 3444 4643 natura:
3472 4598 3588 4659 est,

2005 4673 2229 4726 alterum
2274 4688 2400 4728 vero
2426 4674 2772 4743 Operationis.
2819 4675 2928 4731 Nec
2954 4692 3080 4732 vero
3110 4694 3359 4750 umquam
3388 4682 3441 4736 in
3470 4683 3590 4755 ipso

2006 4764 2164 4818 etiam
2191 4779 2284 4817 usu
2310 4765 2559 4835 loquendi
2580 4764 2802 4820 formam
2828 4782 2923 4837 pro
2942 4782 3106 4837 Opere
3120 4768 3367 4827 dicimus.
3390 4774 3591 4841 Quatu—

2006 4870 2163 4924 quam
2192 4854 2327 4923 apttd
2359 4855 2491 4908 istos
2524 4871 2590 4909 ne
2625 4871 2761 4923 Opus
2786 4858 3000 4928 quidem
3049 4859 3195 4926 fecit,
3236 4879 3410 4933 neque
3462 4883 3586 4922 suc-

2009 4947 2168 4999 einxit
2212 4961 2288 4999 se.
2318 4946 2547 5011 Etenim,
2588 4947 2630 4999 si
2669 4947 2718 5000 id
2760 4949 2938 5016 specie
2978 4961 3181 5006 tantum
3210 4954 3400 5022 ﬂebat,
3443 4958 3587 5012 nulla

1952 5066 1961 5070 ι
2009 5046 2125 5087 erat
2155 5037 2350 5089 veritas
2384 5055 2397 5088 :
2426 5037 2469 5089 si
2500 5051 2689 5090 manus
2718 5054 2821 5091 non
2851 5038 3107 5106 habebat,
3138 5045 3400 5113 quomoda
3426 5046 3593 5103 lavit?

2010 5126 2053 5179 si
2100 5140 2254 5179 renes
2286 5142 2389 5179 non
2442 5126 2643 5191 habuit,
2686 5132 2956 5197 quomodo
2998 5148 3055 5185 se
3095 5134 3260 5189 linteo
3296 5139 3591 5194 sueciuxit?

2010 5233 2175 5288 ecqua
2209 5234 2334 5272 vero
2362 5220 2519 5273 etiam
2541 5222 2855 5276 vestimenta
2902 5225 3321 5293 sntnpsit?natn,
3354 5229 3583 5297 Accepit,

2014 5311 2201 5380 inquit,
2234 5312 2521 5365 vestimenta
2546 5329 2636 5365 sua
2660 5312 2852 5381 (Jomt.
2883 5315 2968 5369 15.
2998 5320 3025 5369 4
3046 5319 3083 5383 ).
3111 5314 3175 5371 Ut
3202 5318 3358 5385 igitur
3382 5320 3588 5376 nuliuut

2012 5402 2416 5471 hicopus,quod
2446 5418 2566 5456 vere
2587 5403 2782 5458 factum
2813 5404 2990 5469 fuerit,
3009 5406 3297 5474 reperitur,
3318 5410 3410 5462 sed
3436 5426 3581 5469 mera

2014 5494 2186 5548 illusio
2211 5512 2222 5547 :
2246 5493 2314 5547 ita
2340 5508 2509 5563 neque
2530 5492 2911 5563 discipulorum
2935 5496 3098 5564 pedes
3114 5498 3262 5551 lavit.
3285 5499 3414 5554 Nam
3435 5501 3477 5554 si
3508 5502 3589 5554 in.

2013 5600 2265 5657 corporea
2280 5585 2362 5640 illa
2380 5595 2560 5639 natura
2582 5600 2685 5639 non
2702 5589 2963 5655 apparuit,
2984 5603 3156 5657 neque
3172 5589 3221 5643 iu
3240 5604 3461 5659 corpore
3475 5591 3591 5646 iuit.

2060 5680 2244 5737 Contra
2268 5679 2484 5734 Paulum
2505 5677 3116 5746 Sittitoscitctturtt.~Qttis
3136 5682 3290 5747 igitur
3306 5681 3595 5747 discipulus

3170 5773 3244 5835 15
