4044 6202
454 230 553 286 251

450 338 615 397 .laviti
642 334 778 407 Quid
826 346 1011 389 rursus
1053 328 1304 383 adversus
1356 324 1578 379 Paulum
1624 320 2032 377 Samosatcnum

452 428 786 488 sileremus?
832 423 1095 493 Quidnam
1135 420 1226 476 ille
1274 417 1446 472 dicit?
1487 414 1652 470 Plane
1704 411 1892 469 idem:
1924 423 2036 476 non

453 526 558 580 hoc
585 529 667 577 est
694 514 1004 579 esinanitio,
1026 526 1150 568 eum
1166 508 1254 578 qui
1277 516 1521 561 naturam
1542 501 1702 556 habet
1722 500 2034 565 humanam,

453 624 723 686 purusque
753 609 914 662 homo
948 588 1050 665 est,
1087 600 1265 653 lavare
1294 608 1603 651 conservos.
1625 592 1754 660 Qua:
1780 590 1922 686 enim
1943 587 2040 642 adp

453 679 650 764 versus
678 699 906 757 Arianos
940 692 1191 753 diximus,
1218 688 1378 745 etiam
1401 686 1656 742 adversus
1691 683 1820 737 istos
1848 679 2038 737 dicen-

457 799 586 855 dum
602 813 615 849 :
631 792 762 850 nihil
777 789 919 846 enim
943 787 1080 840 inter
1094 797 1189 838 eos
1210 780 1453 845 interest,
1471 776 1571 831 nisi
1587 776 1752 830 breve
1768 770 2036 842 quoddam

460 884 719 955 temporis
746 876 1086 935 intervallum
1123 891 1139 928 :
1171 872 1381 941 utrique
1423 867 1566 924 enim
1597 875 1898 921 creaturam
1926 873 2038 955 sta:-

460 952 612 1033 luunt
630 974 722 1030 Dei
739 971 956 1028 Filium.
979 967 1114 1036 Quid
1132 965 1290 1036 igitur
1309 962 1566 1017 adversus
1590 959 1736 1030 ipsos
1763 952 2040 1013 dicemus?

458 1069 515 1123 Si
538 1068 696 1122 homo
727 1062 971 1118 homines
999 1057 1145 1124 lavit,
1175 1071 1282 1110 non
1315 1049 1560 1116 inauivit,
1609 1063 1716 1103 non
1743 1043 2039 1102 humiliavit

463 1159 700 1228 seipsum
731 1153 815 1209 :si
853 1167 972 1207 cum
1004 1149 1164 1204 homo
1193 1153 1357 1207 esset,
1390 1157 1496 1197 non
1525 1139 1628 1196 hoc
1652 1135 2043 1228 rapuit,‘nimi-

460 1224 581 1305 rum
608 1261 729 1303 esse
753 1241 1010 1314 aequalem
1058 1239 1188 1303 Deo,
1235 1233 1472 1306 profecto
1493 1246 1600 1287 non
1630 1239 1711 1287 est
1740 1242 1837 1283 cur
1857 1224 2043 1283 laude-

461 1354 566 1401 tur.
590 1341 721 1397 Nam
744 1352 867 1394 eum
889 1332 1103 1409 quidem
1137 1329 1230 1401 qui
1276 1328 1419 1382 Deus
1459 1326 1531 1379 sit
1573 1321 1846 1378 hominem
1885 1317 2039 1409 lieri,

461 1449 652 1505 magna
683 1427 1073 1497 iucﬂabilisque
1113 1419 1411 1481 hmuiliatio
1457 1426 1574 1482 eSt;
1601 1429 1726 1505 eum
1774 1424 1904 1505 vero
1951 1408 2041 1505 qui

461 1499 626 1582 homo
674 1522 746 1578 sit
792 1519 1022 1575 humana
1055 1513 1264 1579 facere,
1317 1525 1437 1580 quae
1466 1505 1678 1562 tandem
1705 1499 2043 1562 humiliatio?

465 1615 688 1673 Ubinam
713 1625 842 1665 vero
868 1606 1038 1663 forma
1066 1602 1161 1659 Dei
1187 1600 1487 1671 appellatur
1511 1609 1647 1667 opus
1670 1594 1802 1650 Dei?
1830 1591 2043 1648 Etenim

460 1710 507 1764 si
545 1721 708 1779 purus
734 1704 896 1758 homo
933 1706 1085 1762 erat,
1133 1704 1294 1765 atque
1333 1707 1400 1749 ex
1448 1688 1702 1760 operibus
1747 1683 2045 1757 appellatur

462 1805 630 1859 forma
663 1799 788 1863 Dei,
819 1810 916 1852 cur
942 1807 1047 1849 non
1072 1800 1127 1846 et
1155 1789 1209 1845 in
1230 1787 1391 1842 Petro
1414 1785 1465 1840 id
1496 1783 1774 1846 faciamus,
1801 1778 1891 1850 qui
1925 1791 2043 1832 ma-

457 1896 576 1967 jora
594 1892 756 1950 etiam
776 1901 941 1961 opera
963 1881 1162 1942 edidit?
1191 1894 1287 1935 cur
1308 1891 1412 1933 non
1430 1882 1485 1931 et
1501 1874 1725 1967 Paulum
1748 1869 1924 1940 inquis
1937 1866 2045 1967 Dei

464 1961 690 2044 iormam
719 1976 1009 2037 habuisse?
1036 1990 1132 2032 cur
1155 1988 1259 2028 non
1302 1977 1359 2026 et
1383 1968 1622 2039 seipsum
1648 1963 1716 2018 ad
1739 1961 2045 2031 exemptum

464 2076 742 2153 proposuit
790 2071 1021 2131 Paulus.
1053 2066 1142 2138 qui
1182 2070 1441 2153 sexcenta
1483 2052 2045 2153 ministerianservil-ia

462 2143 724 2233 obivet'at,
751 2178 817 2221 ac
841 2161 1044 2217 nullum
1073 2151 1447 2212 recusaverat?
1473 2150 1548 2205 ait
1574 2148 1739 2213 enim,
1768 2143 1891 2200 Non
1913 2145 2064 2199 enim.

467 2257 798 2327 nosmetipsos
845 2251 1198 2325 pradicamus,
1228 2245 1316 2300 sed
1355 2241 1532 2298 Iesum
1573 2240 1828 2297 Christum
1858 2235 2050 2327 Abomi-

466 2367 613 2415 num,
642 2325 733 2402 nos
770 2354 944 2399 autem
982 2354 1149 2396 smus
1188 2345 1380 2391 vestros
1407 2350 1497 2404 per
1514 2330 1694 2387 Iesum
1724 2329 1813 2401 (2.
1838 2325 1959 2384 Cor.
1989 2327 2045 2381 ι.

465 2443 553 2513 5).
586 2437 832 2496 Ridicula
869 2449 935 2492 ae
958 2446 1111 2503 nugae
1135 2439 1282 2495 sunt,
1313 2441 1433 2498 qua:
1475 2424 1544 2481 ab
1586 2422 1704 2478 istis
1731 2420 2045 2513 ali'eruntur.

467 2511 764 2590 Eﬁnauieit
812 2527 1052 2600 seipsum,
1080 2521 1268 2593 inquit.
1304 2517 1586 2589 Quomodo
1611 2515 1848 2584 seipsum
1876 2511 2051 2566 humi-

466 2623 614 2681 liavit
634 2627 657 2681 ?
678 2619 765 2676 dic
791 2616 920 2674 mihi
942 2625 1096 2686 ;;quac
1124 2620 1204 2667 est
1224 2609 1340 2664 lure
1367 2603 1699 2663 exinanitio?
1729 2618 1848 2672 qua:
1877 2600 2052 2655 humi-

465 2712 659 2775 liatio?
688 2726 756 2766 an
782 2708 1036 2781 quoniam
1053 2701 1307 2760 miracula
1336 2697 1543 2757 edidit?
1565 2697 1634 2751 At
1653 2694 1756 2749 hoc
1777 2703 1832 2748 et
1852 2690 2049 2751 Paulus

466 2815 522 2862 et
536 2805 723 2861 Petrus
743 2798 1106 2873 prmstiterunt
1129 2811 1143 2849 :
1166 2789 1512 2862 quamobrem
1530 2801 1634 2841 non
1658 2784 1760 2842 hoc
1779 2782 2048 2873 proprium

468 2913 533 2953 ac
560 2872 829 2966 peculiare
858 2888 977 2944 Filii
999 2886 1176 2942 luerit.
1201 2881 1339 2949 Quid
1366 2880 1527 2950 igitur
1554 2877 1663 2966 sibi
1677 2875 1866 2966 volunt
1887 2872 2049 2966 verha

469 2962 582 3054 ina,
617 2985 682 3040 In
704 2979 1091 3039 similitudinem
1115 2975 1374 3029 hominum
1396 2968 1601 3043 factus?
1620 2965 1782 3021 iiuna
1812 2963 1905 3054 ille
1930 2962 2048 3054 qui—

475 3052 597 3137 dem
629 3084 809 3131 nostra
840 3069 1048 3132 habuit,
1094 3064 1260 3139 multa
1288 3076 1416 3118 vero
1446 3074 1552 3115 non
1601 3055 1819 3120 habuit;
1871 3052 2054 3122 hujus-

472 3172 617 3229 modi
645 3175 790 3234 sunt,
844 3179 950 3221 non
980 3146 1109 3220 esse.
1130 3167 1312 3212 uatum
1356 3170 1420 3211 ex
1451 3149 1831 3209 commixtione
1857 3158 2052 3214 corpo-

477 3281 621 3330 rum,
651 3267 924 3332 pcccatum
947 3270 1053 3312 non
1077 3250 1381 3308 admisisse.
1399 3246 1524 3305 liceo
1552 3243 1721 3314 ipsius
1749 3247 1900 3296 erant
1931 3251 2055 3332 pron-

477 3328 615 3427 pria,
645 3328 886 3418 nullique
926 3340 1204 3401 hominum
1245 3336 1573 3400 communia.
1600 3332 1720 3427 Non
1749 3332 1851 3427 hoc
1878 3328 2052 3384 solum

475 3422 592 3503 erat
619 3440 759 3519 quod
785 3436 1094 3509 apparebat,
1127 3431 1223 3489 sed
1262 3429 1422 3523 etiam
1455 3428 1613 3483 Deus.
1649 3422 2054 3523 Etenim-app»

478 3512 869 3606 rebatﬁquidem
900 3530 1083 3595 homo,
1106 3527 1159 3581 in
1188 3520 1370 3579 multis
1395 3532 1524 3612 vero
1549 3530 1654 3612 non
1685 3522 1802 3571 erat
1826 3512 2052 3612 similis,

477 3601 695 3685 tametsi
719 3634 881 3678 carne
910 3617 1101 3677 similis
1125 3622 1261 3671 erat.
1297 3610 1410 3671 [loc
1449 3607 1611 3679 igitur
1637 3605 1736 3660 ista
1767 3601 1929 3657 verba
1975 3601 2058 3654 in-

478 3718 681 3781 dicant,
712 3730 817 3769 non
843 3710 1003 3769 fuisse
1018 3720 1206 3777 purum
1227 3702 1533 3759 hominem:
1556 3705 1840 3768 propterea
1861 3692 2053 3762 inquit,

479 3809 548 3866 In
573 3803 902 3862 similitudine
947 3798 1202 3853 hominum
1232 3795 1251 3863 (
1278 3794 1425 3852 Rom.
1476 3790 1532 3844 8.
1586 3786 1674 3857 5).
1709 3783 1917 3845 Etenim
1960 3795 2058 3836 nos

480 3899 699 3975 quidem
726 3895 900 3951 anima
925 3898 981 3946 et
1007 3900 1204 3956 corpus
1230 3898 1449 3944 sumus;
1500 3879 1751 3975 ille-vero
1777 3875 1919 3975 Deus
1937 3913 1972 3975 τ.
2005 3880 2060 3927 ct

487 3964 661 4051 tinima
689 3996 745 4045 et
786 3996 1021 4054 corpus:
1051 3983 1331 4049 prepterea
1356 3971 1544 4047 inquit,
1589 3967 1654 4023 In
1703 3964 2056 4022 similitudine.

483 4082 695 4140 Etenim
738 4091 808 4133 ne
857 4071 1079 4128 audiens
1127 4079 1289 4123 voces
1342 4063 1494 4128 illas,
1548 4058 1839 4122 Exinnuirit
1884 4064 2064 4113 semet-

482 4177 682 4244 ipsum,
710 4164 1057 4226 mutationem
1095 4159 1325 4228 aliquam
1366 4152 1651 4244 suspiceris
1677 4148 2062 4244 aedegencm-

486 4240 693 4319 tionem
711 4266 767 4316 et
791 4253 1086 4319 interitum,
1116 4247 1357 4313 Manens,
1387 4242 1579 4315 inquit,
1610 4240 1753 4313 quod
1796 4247 1933 4307 erat,
1977 4250 2063 4291 as-

483 4351 715 4423 sumpsit
741 4344 880 4421 qnod
928 4357 1033 4399 non
1076 4346 1217 4406 erat,
1254 4345 1309 4393 et
1355 4350 1481 4392 caro
1509 4333 1679 4390 factus
1704 4327 2065 4405 perseveravit

488 4462 609 4503 esse
640 4447 779 4500 Dens
804 4438 1055 4495 Verbum.

555 4536 610 4591 3.
652 4534 762 4588 llac
793 4529 953 4600 igitur
994 4526 1201 4582 ratione
1242 4522 1439 4581 Paulus
1463 4519 1636 4583 dixit,
1687 4517 1917 4576 similem
1943 4530 2064 4571 esse

488 4627 688 4683 homini
709 4665 723 4687 ,
756 4633 912 4693 atque
933 4626 1213 4693 propterea
1240 4614 1384 4669 addit
1410 4654 1426 4678 ,
1463 4612 1524 4666 Et
1550 4613 1722 4666 habitu
1747 4628 1765 4666 :
1788 4626 1891 4665 non
1919 4611 2061 4663 enim

489 4727 675 4775 natura
698 4682 1262 4793 tlegcneravil,.iieqiie
1281 4705 1522 4762 confusio
1540 4704 1647 4758 ulla
1679 4702 1813 4758 facta
1843 4711 1943 4767 est,
1969 4700 2064 4756 sed

488 4808 671 4864 habitu
700 4804 869 4859 lactus
888 4791 1145 4857 estCNam
1162 4813 1284 4857 cum
1309 4796 1531 4858 dixisset
1553 4792 1781 4848 formam
1806 4791 1943 4847 servi
1977 4805 2066 4845 ac-

490 4904 722 4975 cepisse,
744 4897 969 4962 lideuter
995 4903 1178 4965 postea
1201 4890 1340 4953 istud
1368 4890 1527 4944 ctiam
1560 4887 1795 4958 protulit,
1816 4884 2064 4940 nimirum

487 5009 611 5050 cum
633 4988 759 5047 illud
789 4985 987 5042 nemini
1017 4999 1123 5038 non
1152 4998 1212 5037 os
1234 4980 1604 5035 obstruxisset.
1625 4978 1835 5035 Etenim
1865 4985 1918 5032 et
1946 4991 2067 5030 cum

489 5089 561 5141 ita
592 5083 739 5146 dicit,
764 5079 828 5132 In
850 5073 1183 5152 similitudine
1207 5073 1375 5125 carnis
1401 5070 1613 5142 peccati,
1647 5084 1751 5122 non
1784 5068 1882 5152 hoc
1918 5066 2066 5134 dicit,

497 5188 713 5230 carnem
734 5184 839 5224 non
859 5164 1129 5227 habuisse,
1271 5175 1487 5217 carnem
1506 5160 1653 5221 illam
1671 5173 1774 5212 non
1798 5148 2068 5228 peccasse,

493 5264 721 5318 similem
744 5270 921 5316 tamen
942 5254 1103 5309 fuisse
1118 5251 1423 5323 peccatrici.
1444 5250 1497 5304 ln
1514 5265 1619 5319 quo
1640 5248 1861 5311 similis?
1879 5250 2075 5305 Set-nn-

493 5355 622 5407 dum
651 5362 911 5412 naturam,
940 5361 1044 5400 non
1066 5341 1356 5399 secundum
1388 5340 1677 5395 malitiam:
1707 5350 1986 5410 propterea
2012 5340 2073 5392 si-

496 5443 639 5497 milis
654 5439 847 5494 animae
867 5432 1170 5507 peccatrici.
1189 5430 1650 5502 Quemadmodum
1668 5430 1828 5503 igitur
1844 5431 1914 5485 ibi
1936 5430 2075 5484 simi-

500 5530 733 5592 litudinis
752 5527 970 5584 nomine
996 5539 1122 5583 usus
1145 5531 1249 5587 est,
1281 5523 1531 5594 quoniam
1562 5538 1665 5576 non
1687 5522 1865 5576 omnia
1892 5536 2074 5592 mqua-

505 5626 626 5684 liter
654 5640 714 5682 se
746 5619 1012 5678 habebant
1043 5634 1057 5670 :
1085 5617 1158 5672 ita
1200 5624 1254 5671 ct
1298 5614 1384 5672 hic
1428 5613 1718 5672 similitudo
1742 5613 1937 5669 diciznr
1960 5656 1972 5679 ,
2007 5627 2074 5668 eo

1157 213 1213 269 S.
1254 208 1532 269 JO.\NNIS
1566 203 2035 265 CIIRYSOSTOMI
2073 200 2393 258 Αῐιειιιει).
2431 196 2963 256 ΟΟΝΒΤΑΝΉΝΟΡ.

3619 198 3728 257 339

2145 315 2291 385 quod
2325 331 2431 371 non
2460 315 2637 371 omnia
2669 314 2778 371 sint
2821 314 3084 386 muralia,
3135 322 3317 384 utpote
3342 311 3481 384 quod
3508 328 3615 369 non
3653 328 3725 373 ex

2139 406 2520 461 conunixtiune
2559 421 2883 475 corporum,
2915 404 3059 479 quod
3106 405 3224 460 sine
3269 416 3530 475 peccato,
3575 406 3727 475 quod

2141 497 2359 553 minime
2405 496 2579 552 nudus
2623 495 2807 552 homo.
2854 498 2931 552 Ac
2971 496 3193 566 puiehre
3230 495 3405 561 dixit,
3440 494 3505 551 Ut
3532 496 3724 553 homo:

2144 600 2250 640 non
2275 585 2416 640 enim
2439 596 2554 642 erat
2579 601 2717 641 unus
2746 602 2810 642 ex
2834 587 3037 652 multis,
3070 585 3164 642 sed
3203 595 3257 640 ut
3300 601 3439 641 unus
3478 600 3544 643 ex
3586 588 3727 643 mul-

2146 675 2234 731 tis.
2262 676 2448 747 Neque
2475 677 2614 733 Deus
2641 677 2873 733 Verbum
2921 679 2973 732 in
3024 677 3294 733 hominem
3337 677 3724 747 degeneravit,

2144 781 2318 837 neque
2347 767 2642 824 substantia
2683 778 2765 824 est
2809 777 3049 834 mutata;
3101 768 3196 823 sed
3252 779 3519 837 tamquam
3564 768 3726 823 homo

2144 856 2409 927 apparuit,
2452 872 2555 912 non
2582 857 2884 915 simulacris
2914 873 2978 913 ac
3009 858 3137 913 visis
3170 873 3267 914 nos
3295 857 3593 928 decipiens,
3625 858 3722 914 sed

2103 946 2106 949 λ
2144 944 2395 1001 erudiens
2423 950 2489 1001 ad
2517 947 2893 1003 humilitatem.
2922 949 3056 1003 Cum
3087 949 3248 1019 igitur
3275 949 3424 1014 dicit,
3455 949 3522 1006 Ut
3544 950 3721 1013 Ιιοιιιο,

2147 1034 2251 1092 hoc
2276 1037 2375 1092 sibi
2400 1038 2510 1093 vult
2539 1039 2894 1110 :cmteroqnin
2920 1049 2973 1095 et
2995 1040 3262 1096 hominem
3289 1041 3415 1096 alibi
3440 1042 3612 1112 ipsum
3634 1057 3730 1097 τοι·

2144 1136 2252 1194 cat,
2274 1136 2466 1184 ulcnm
2495 1128 2641 1194 dicit,
2668 1127 2814 1186 Unus
2842 1129 2997 1198 Deus,
3016 1142 3062 1186 et
3083 1149 3214 1186 uatis
3236 1134 3482 1188 mediator
3497 1132 3729 1190 Christus

2143 1217 2296 1275 Iesus
2320 1222 2396 1292 (l.
2423 1221 2557 1276 Tim.
2588 1222 2644 1281 2.
2676 1221 2753 1294 5).
2787 1223 2860 1279 Ea
2884 1223 3136 1289 diximus,
3164 1241 3284 1296 qua!
3312 1227 3568 1283 adversus
3594 1227 3727 1283 istos

2145 1311 2370 1371 dicenda
2393 1323 2564 1371 erant.
2588 1316 2855 1388 Deinceps
2873 1332 3000 1372 vero
3018 1317 3273 1374 adversus
3290 1333 3405 1383 eos,
3427 1320 3514 1390 qni
3531 1329 3726 1391 negant

2146 1406 2501 1476 assumpsisse
2516 1407 2772 1476 animam,
2801 1410 3108 1466 necessario
3127 1410 3436 1466 dicendum.
3464 1411 3519 1468 Si
3554 1411 3726 1467 forma

2149 1496 2244 1552 Dei
2288 1496 2552 1567 pet-fectus
2600 1501 2740 1555 Deus
2781 1510 2865 1556 est
2888 1542 2905 1568 ,
2952 1510 3101 1559 certe
3128 1515 3183 1559 et
3207 1502 3378 1558 forma
3427 1505 3569 1560 servi
3597 1520 3726 1574 per-
3803 1514 3809 1519 ‘

2148 1591 2317 1651 tectus
2337 1602 2420 1650 est
2447 1608 2655 1652 servus.
2680 1595 2873 1653 lterum
2903 1608 3088 1657 eontra
3116 1599 3346 1657 Arianos
3369 1601 3563 1672 agitur.
3592 1602 3723 1661 Cum

2147 1683 2200 1737 in
2222 1687 2386 1756 forma
2413 1684 2510 1742 Dei
2532 1696 2679 1752 esset,
2708 1688 2876 1759 inquit
2901 1731 2917 1756 ,
2949 1706 3049 1744 non
3078 1691 3315 1761 rapinam
3339 1692 3615 1749 arbitratus
3642 1703 3720 1749 est

2148 1789 2256 1828 esse
2281 1791 2337 1830 se
2360 1778 2605 1848 aqualem
2643 1776 2771 1835 Deo.
2816 1779 2913 1836 Hie
2941 1779 3010 1836 de
3038 1780 3317 1839 divinitate
3346 1783 3573 1855 loquens
3597 1801 3727 1840 nus-

2149 1881 2306 1934 quam
2337 1867 2452 1923 istis
2477 1867 2654 1925 verbis
2678 1872 2860 1935 ntitur,
2893 1871 3089 1929 Factus
3107 1872 3597 1944 cst,aul,Accepil.
3609 1872 3729 1938 sed.

2152 1955 2490 2026 Semetipsum
2513 1960 2786 2015 exinanioit
2810 1961 3028 2033 formam
3051 1963 3181 2018 servi
3205 1964 3480 2033 accipiens,
3509 1967 3562 2021 in
3589 1969 3735 2021 simi-

2151 2045 2367 2103 litudine
2412 2048 2675 2104 hominum
2703 2049 2888 2121 factus.
2932 2052 3027 2108 llic
3067 2053 3135 2111 de
3187 2053 3517 2112 humanitate
3558 2058 3727 2122 dicit,

2152 2138 2394 2209 Accepit,
2422 2151 2497 2206 et,
2531 2139 2726 2199 Factus
2749 2153 2852 2198 est.
2884 2143 2995 2201 llnc
3021 2145 3190 2202 factus
3218 2155 3319 2209 est,
3351 2146 3453 2202 hoc
3476 2150 3724 2220 accepit:

2153 2228 2282 2284 illud
2313 2246 2439 2287 vero
2461 2241 2598 2287 erat.
2629 2232 2792 2304 Igitur
2819 2249 2918 2290 nec
2942 2235 3351 2301 coninndamns,
3384 2253 3483 2295 nec
3505 2239 3730 2297 dive-lla.

2152 2334 2291 2375 mus.
2337 2318 2488 2378 Unus
2542 2322 2723 2389 Dens,
2764 2339 2902 2381 unus
2949 2324 3214 2390 Christus,
3262 2327 3429 2387 Filius
3461 2330 3576 2386 Dei.
3625 2330 3729 2388 γε.

2153 2426 2268 2465 rum
2292 2449 2309 2477 ,
2342 2425 2462 2467 cum
2492 2422 2611 2467 utor
2640 2413 2737 2469 ista
2769 2430 2924 2482 voce,
2956 2433 3123 2481 unus,
3167 2418 3415 2474 unionem
3446 2419 3591 2489 dice,
3619 2436 3728 2477 non

2153 2498 2523 2558 confusionem
2558 2520 2572 2557 :
2606 2520 2712 2560 non
2737 2506 2878 2560 enim
2907 2516 3096 2562 natuxa
3141 2506 3258 2564 ham
3283 2509 3336 2563 in
3376 2510 3523 2565 iliam
3570 2526 3725 2569 versa

2152 2590 2534 2664 degeneravit,
2578 2596 2672 2653 sed
2720 2598 2865 2653 unita
2917 2608 3020 2655 est.
3065 2598 3366 2657 Ilumiliavit
3409 2605 3734 2673 semetipsum

2153 2684 2319 2752 [actus
2342 2685 2578 2741 obediens
2598 2688 2838 2759 usquead
2861 2699 3092 2751 mortem.
3117 2701 3326 2746 mortem
3349 2703 3517 2749 autem
3542 2694 3730 2749 erucis.

2156 2775 2255 2841 En,
2286 2777 2569 2849 inquiunt,
2616 2779 2788 2838 lactus
2815 2791 2898 2837 est
2927 2782 3183 2838 obediens
3204 2825 3221 2850 ,
3264 2799 3385 2840 cum
3412 2786 3462 2841 ei
3505 2787 3726 2843 minime

2154 2869 2376 2938 aequalis
2417 2879 2560 2925 esset
2584 2871 2667 2924 cui
2696 2871 2954 2929 obedivit.
2999 2872 3043 2929 Ο
3081 2875 3259 2929 stolidi
3297 2890 3362 2930 ac
3405 2876 3729 2944 dentientes,

2158 2958 2260 3013 hoc
2302 2959 2370 3016 de
2398 2960 2489 3017 illo
2530 2961 2659 3017 nihil
2707 2961 2977 3032 detrahit;
3026 2980 3150 3020 nam
3196 2980 3294 3022 nos
3342 2967 3502 3022 etiam
3548 2967 3738 3025 amicis

2156 3053 2461 3122 obedimus,
2494 3070 2667 3125 neque
2693 3055 2745 3111 id
2771 3066 2945 3111 tamen
2975 3071 3074 3111 nos
3097 3057 3331 3119 minores
3359 3057 3506 3113 iacit.
3532 3058 3739 3129 Sponte

2159 3144 2323 3199 Filius
2349 3144 2489 3200 Patri
2517 3146 2788 3212 ohcdivit,
2842 3164 2947 3203 nm.
2979 3147 3032 3203 in
3078 3147 3327 3204 servilem
3371 3150 3735 3208 conditionem

2159 3234 2438 3299 decidens,
2468 3236 2562 3291 sed
2593 3235 2694 3292 hoc
2721 3238 2835 3307 ipso
2865 3239 3094 3293 maxime
3119 3253 3340 3295 servans
3366 3239 3737 3296 admirandam

2159 3326 2303 3382 illam
2328 3327 2566 3398 germani
2592 3326 2711 3382 Filii
2731 3326 3046 3399 dignitatem
3063 3371 3078 3395 ,
3109 3345 3358 3401 magnum
3383 3331 3529 3386 Patri
3558 3331 3738 3385 hnno-

2159 3434 2273 3476 rem
2299 3418 2622 3475 exhibendo.
2658 3420 2949 3483 llonoravit
2971 3422 3183 3476 Patrem
3204 3462 3222 3488 ,
3251 3438 3359 3477 non
3386 3432 3444 3478 ut
3473 3422 3647 3492 ipsum
3676 3433 3729 3477 tn

2158 3509 2363 3568 honore
2382 3511 2665 3582 spoliares,
2688 3511 2781 3569 sed
2806 3523 2862 3569 ut
2882 3515 3050 3584 magis
3071 3515 3395 3585 suSpicens,
3421 3525 3479 3569 ut
3499 3517 3581 3571 vel
3606 3515 3737 3572 hinc

2157 3616 2472 3673 germanum
2498 3604 2688 3659 Filium
2710 3620 3054 3676 agnosceres,
3075 3606 3216 3677 quod
3236 3606 3477 3663 omnium
3502 3609 3739 3665 maxime

2163 3693 2375 3751 Patrem
2427 3694 2789 3752 honoraverit.
2853 3696 3025 3754 Nemo
3072 3698 3239 3755 Deum
3293 3703 3362 3755 ita
3410 3699 3735 3759 honoravit:

2161 3794 2421 3855 quantum
2448 3785 2628 3842 habuit
2658 3788 2996 3844 celsitudinis
3019 3830 3035 3851 ,
3061 3798 3266 3847 tantum
3294 3792 3527 3848 vicissim
3558 3792 3733 3850 humi-

2164 3877 2334 3933 litatis
2358 3878 2541 3935 suhiit.
2571 3880 3030 3946 Quemadmodum
3051 3883 3297 3938 omnibus
3326 3884 3496 3955 major
3521 3895 3647 3952 est,
3678 3899 3742 3941 ac

2167 3984 2326 4025 nemo
2351 3968 2429 4024 illi
2473 3971 2693 4040 mqualis
2746 3987 2762 4027 :
2806 3972 2874 4026 ita
2925 3971 3084 4027 etiam
3133 3972 3189 4028 in
3225 3974 3381 4030 Patre
3423 3975 3743 4032 honorando

2165 4074 2354 4115 omnes
2379 4058 2544 4127 vicit,
2590 4075 2696 4117 non
2722 4070 2975 4129 coactus,
3020 4079 3196 4134 neque
3239 4065 3459 4122 invitus.
3501 4067 3608 4123 Sed
3643 4070 3744 4124 hoc

2166 4151 2325 4205 etiam
2371 4148 2584 4205 virtutis
2630 4151 2795 4220 ipsius
2837 4151 2935 4206 fuit
2966 4169 2980 4206 :
3008 4162 3100 4208 aut
3146 4153 3324 4224 potius
3367 4154 3566 4211 desunt
3611 4157 3745 4213 mihi

2167 4242 2324 4297 verba
2346 4283 2364 4308 ,
2395 4242 2586 4312 quibus
2614 4253 2753 4301 utar.
2796 4243 2985 4316 Patrue!
3016 4260 3266 4315 magnum
3310 4245 3438 4302 illud
3468 4255 3552 4302 est
3581 4261 3745 4319 atque

2170 4332 2545 4403 inexplicabile
2570 4375 2586 4401 ,
2635 4348 2847 4390 servum
2880 4335 3041 4402 ﬁeri;
3089 4334 3185 4391 sed
3226 4348 3452 4397 mortem
3484 4348 3749 4407 pratteru

2168 4425 2350 4482 subire
2370 4467 2385 4491 ,
2419 4426 2576 4497 longe
2604 4426 2781 4489 adhuc
2822 4427 3019 4496 majus.
3061 4428 3167 4483 Sed
3198 4437 3281 4483 est
3317 4429 3460 4490 aliud
3491 4429 3752 4500 quiddam

2170 4515 2272 4577 hoc
2306 4518 2496 4585 majus.
2522 4518 2791 4589 magisque
2812 4519 3118 4594 opinionem
3147 4535 3361 4575 omnem
3390 4535 3749 4591 exsuperans.

2168 4606 2310 4676 Quid
2338 4608 2464 4663 illud
2489 4610 2517 4662 't‘
2553 4608 2706 4681 Quod
2736 4627 2843 4667 non
2867 4612 3075 4680 quiuis,
3100 4627 3244 4665 mors
3272 4611 3462 4671 similis
3502 4614 3595 4668 sit.
3628 4613 3756 4671 [hoc

2169 4698 2537 4771 enini,‘quat.n
2572 4700 2828 4763 Dominus
2858 4702 3075 4772 pertulit
3099 4744 3115 4767 ,
3156 4704 3392 4759 omnium
3444 4705 3615 4774 turpis
3643 4704 3757 4760 ima

2173 4790 2473 4847 habebatur
2501 4808 2515 4845 :
2550 4790 2663 4846 lucc
2691 4792 2846 4862 plena
2876 4793 3200 4863 ignominiae,
3233 4794 3347 4846 lure
3369 4794 3753 4851 esst-orabilis:

2173 4881 2481 4937 Maledictus
2509 4881 2650 4937 enim
2676 4923 2690 4948 ,
2724 4881 2937 4950 inquit,
2965 4883 3127 4937 omnis
3147 4925 3163 4950 ,
3204 4884 3288 4955 qui
3318 4884 3497 4953 pendet
3534 4883 3587 4938 in
3613 4883 3762 4955 ligno

2173 4973 2373 5043 (Deut.
2413 4973 2503 5029 2|.
2530 4972 2663 5047 25)..
2705 4972 2995 5043 Propterea
3023 4975 3186 5033 etiam
3212 4974 3386 5035 Judaei
3433 4973 3534 5031 hac
3578 4975 3758 5045 ipsum

2176 5075 2349 5121 morte
2384 5063 2603 5121 allicere
2631 5063 2987 5131 studuerunt,
3019 5080 3128 5135 quo
3156 5065 3413 5125 infamem
3443 5065 3759 5129 redderent.

2177 5165 2234 5212 ut
2283 5156 2383 5209 nisi
2411 5153 2532 5224 quis
2555 5153 2623 5211 ah
2649 5170 2715 5210 eo
2746 5154 2946 5212 ideirco
2991 5155 3281 5219 deﬁceret,
3309 5155 3454 5228 quod
3499 5171 3535 5210 e
3578 5156 3764 5215 medio

2177 5246 2421 5301 sublatus
2446 5254 2613 5308 esset,
2641 5245 2829 5305 saltem
2859 5246 2978 5303 ideo
3008 5245 3282 5308 deﬁceret,
3308 5244 3453 5315 quod
3474 5246 3553 5301 sic
3579 5247 3766 5305 sublav

2181 5346 2265 5389 tus
2298 5343 2462 5393 esset.
2500 5336 2787 5405 Propterea
2817 5338 2976 5390 etiam
3009 5336 3149 5390 inter
3181 5334 3316 5389 duos
3343 5337 3581 5395 latrones
3610 5336 3767 5392 cruci

2178 5426 2373 5483 afﬁxus
2405 5435 2512 5492 est,
2546 5436 2601 5481 ut
2627 5427 2816 5482 eadem
2845 5426 2914 5481 de
2942 5427 3077 5495 ipso,
3107 5440 3171 5480 ac
3197 5425 3266 5480 de
3298 5425 3404 5480 illis
3431 5427 3774 5489 existimatio

2180 5530 2324 5576 esset
2367 5536 2382 5587 ;
2429 5534 2587 5593 atque
2633 5520 2946 5591 impleretur
2974 5517 3115 5590 ipsud
3146 5518 3369 5578 dictum
3399 5527 3481 5573 est
3506 5559 3521 5578 .
3553 5518 3622 5573 Et
3649 5536 3772 5579 nam

2188 5611 2373 5683 iniquis
2403 5624 2659 5683 reputate:
2683 5622 2755 5667 est
2793 5612 2811 5678 (
2839 5611 2967 5668 Isai.
2996 5615 3083 5669 53.
3119 5612 3184 5667 Η
3208 5612 3249 5681 ).
3281 5608 3390 5667 Sed
3417 5620 3564 5664 tanto
3594 5612 3773 5683 magis
