4044 6202
308 380 412 437 2‘53

287 494 466 548 elucet
494 491 694 547 veritas
719 531 735 555 ,
771 497 920 543 tanto
945 487 1205 543 illustrior
1231 483 1492 540 redditur.
1521 481 1702 549 Longe
1728 477 1871 532 enim

291 584 575 656 pulchrius
624 594 782 651 atque
831 578 1188 634 admiratione
1252 575 1466 645 dignius
1510 568 1873 642 spectaculum

290 684 535 746 apparet,
563 688 684 728 cum
711 680 790 727 tot
809 673 877 725 ab
899 671 1142 725 hostibus
1167 669 1426 723 adversus
1451 666 1622 735 ipsius
1648 661 1874 733 gloriam

290 770 533 826 artiﬁciis
574 784 637 823 ac
666 767 930 823 machinis
959 765 1209 820 adhibitis
1230 806 1246 829 ,
1298 762 1547 833 splendet
1577 770 1753 814 tamen
1784 755 1872 810 illa

291 874 345 919 et
378 864 547 933 magis
577 860 759 930 (alget.
802 859 879 913 liii
910 858 1052 913 enim
1083 872 1188 910 non
1217 856 1388 910 solum
1418 851 1558 923 quod
1589 847 1877 905 interfece-

291 965 415 1011 rant
439 997 453 1019 ,
484 955 578 1009 sed
608 952 768 1009 etiam
796 950 936 1020 quod
963 950 1067 1005 hoc
1089 948 1250 1003 modo
1280 946 1679 1002 interfecerant.
1715 942 1875 996 talem

294 1065 356 1105 se
381 1046 680 1103 reddidisse
712 1045 986 1113 putabant,
1017 1056 1173 1111 quem
1215 1038 1458 1092 homines
1485 1036 1879 1090 detestarcntnr

296 1154 361 1194 ac
388 1136 621 1195 maxime
651 1133 866 1204 quidem
905 1132 1302 1187 detestarentnr
1326 1146 1341 1194 ;
1394 1142 1493 1180 nec
1521 1135 1696 1179 tamen
1724 1121 1880 1191 quiti-

294 1245 455 1300 quam
482 1226 843 1297 profecerunt.
874 1224 1038 1278 l-Jr'tnt
1060 1237 1186 1275 vero
1210 1219 1367 1273 ambo
1389 1217 1465 1271 illi
1488 1217 1721 1269 latrones
1744 1211 1880 1265 adeo

293 1318 553 1381 scelesti;
606 1331 728 1370 nam
773 1323 959 1385 postea
998 1311 1134 1365 alter
1182 1317 1417 1364 mutatus
1459 1315 1578 1369 est;
1625 1313 1683 1356 nt
1719 1301 1878 1355 etiam

296 1411 423 1465 dum
452 1409 507 1463 in
533 1422 699 1462 cruce
724 1415 925 1467 essent,
957 1403 1008 1456 in
1036 1402 1209 1471 ipsum
1238 1401 1430 1469 probra
1454 1396 1695 1467 iacerent
1718 1434 1731 1455 ,
1761 1391 1882 1445 illo-

298 1517 526 1572 mmque
547 1500 783 1553 furorem
807 1510 910 1550 non
930 1492 1256 1548 conscientia
1280 1505 1498 1546 suorum
1516 1493 1879 1557 peccatorum,

298 1611 406 1649 non
431 1592 778 1662 supplicium,
810 1604 915 1641 non
943 1584 1184 1653 ejusdem
1219 1597 1392 1652 putum
1423 1577 1699 1648 perpessio
1724 1590 1882 1629 coer-

298 1696 447 1742 ceret
478 1703 492 1738 :
520 1683 662 1754 quod
691 1684 850 1735 etiam
884 1695 1021 1733 unus
1066 1679 1303 1747 ipsorum
1330 1674 1465 1728 dixit
1490 1714 1506 1737 ,
1550 1670 1884 1735 alterumque

302 1775 569 1842 increpuit
598 1774 680 1826 bis
706 1771 882 1825 verbis
907 1788 921 1823 :
955 1768 1136 1836 Neque
1161 1775 1215 1819 tu
1251 1766 1392 1819 times
1424 1762 1586 1817 Deum
1607 1803 1623 1828 ,
1668 1758 1804 1829 quod
1831 1759 1884 1812 in

300 1871 486 1924 eadem
509 1866 830 1919 damnatione
857 1879 1030 1916 sumus
1054 1859 1076 1933 (
1106 1860 1230 1913 Luc.
1260 1858 1350 1914 25.
1384 1857 1453 1912 40
1474 1855 1534 1927 )"l
1563 1854 1732 1909 Tanta
1762 1851 1882 1905 ilio—

305 1977 436 2015 rum
481 1958 814 2027 improbitas.
851 1953 961 2010 Sed
1007 1953 1141 2007 nihil
1185 1952 1311 2006 hinc
1355 1945 1661 2004 detrimenti
1716 1942 1886 2014 ipsius

309 2051 507 2119 gloria:
550 2049 759 2101 allatum
799 2055 880 2100 est
933 2062 948 2097 :
995 2042 1344 2115 quamobrem
1386 2039 1558 2110 inquit
1601 2054 1616 2090 :
1662 2035 1726 2089 Et
1753 2034 1888 2088 Deus

308 2143 551 2196 exultavit
577 2141 718 2194 illum
743 2182 758 2207 ,
789 2148 832 2193 ct
857 2137 1061 2191 donavit
1086 2136 1166 2190 illi
1192 2150 1374 2189 nomen
1402 2172 1418 2199 ,
1467 2130 1605 2201 quod
1630 2139 1703 2185 est
1733 2144 1887 2198 super

303 2251 459 2289 omne
482 2248 684 2286 nomen.

378 2325 436 2379 4.
464 2323 754 2392 Postquam
800 2319 999 2375 Paulus
1041 2318 1222 2373 carnis
1266 2316 1593 2371 mentionem
1638 2312 1887 2377 induxit,

305 2417 540 2471 ﬁdenter
566 2414 823 2483 deinceps
854 2412 1031 2467 omnia
1059 2410 1148 2465 illa
1172 2414 1605 2471 commemorat,
1644 2419 1764 2475 quae
1794 2402 1891 2457 hu-

304 2506 592 2560 militatem
636 2502 892 2557 indicant.
938 2502 1239 2570 Antequam
1266 2497 1409 2552 enim
1436 2496 1640 2551 diceret
1669 2492 1893 2549 formam

302 2596 450 2651 servi
475 2594 792 2663 sumpsisse,
809 2602 863 2647 et
883 2590 951 2645 de
972 2591 1247 2645 divinitate
1265 2589 1573 2653 dissereret,
1591 2584 1712 2640 vide
1735 2600 1893 2655 quam

301 2687 559 2743 excelse:
589 2684 822 2747 excelse,
848 2685 1083 2752 inquam,
1110 2696 1208 2750 pro
1228 2679 1463 2743 viribus;
1488 2693 1610 2733 nam
1638 2676 1779 2731 illius
1813 2673 1897 2729 di»

303 2778 572 2848 gnitatem
603 2790 709 2829 non
740 2775 1071 2844 assequitur;
1106 2772 1325 2827 minime
1353 2772 1496 2827 enim
1534 2779 1707 2840 potest
1733 2785 1747 2821 :
1771 2767 1897 2822 Cum

307 2870 360 2922 in
392 2871 564 2938 [arma
590 2865 685 2920 Dei
715 2874 868 2931 esset,
893 2865 1084 2933 inquit,
1114 2879 1215 2917 non
1240 2863 1476 2932 rapinam
1510 2861 1783 2914 arbitratus
1825 2868 1898 2913 est

305 2976 419 3014 esse
442 2975 499 3013 se
513 2959 763 3028 aqualem
784 2957 890 3011 Deo
908 2972 928 3010 :
952 2966 1005 3010 at
1026 2963 1308 3026 postquam
1331 2953 1464 3008 dixit
1484 2952 1757 3006 hominem
1778 2963 1899 3006 esse

308 3055 513 3107 factum
540 3092 561 3118 ,
591 3051 818 3105 lidentcr
844 3049 1042 3105 deinde
1080 3063 1199 3118 qua:
1229 3045 1452 3101 humilia
1502 3052 1627 3098 sunt
1655 3041 1857 3113 profert
1882 3082 1896 3106 ,

309 3150 416 3201 hoc
434 3146 625 3209 hctus,
649 3145 853 3199 nullum
873 3142 1136 3197 divinitati
1159 3140 1411 3195 damnum
1432 3136 1731 3207 importari,
1756 3134 1898 3206 quod

311 3237 541 3290 immitia
567 3235 634 3289 de
660 3235 825 3303 ipsius
850 3247 1010 3288 carne
1035 3239 1523 3287 commemorantur
1546 3270 1562 3294 ,
1598 3229 1693 3282 ista
1726 3226 1898 3281 susci-

314 3329 519 3397 piente.
566 3324 786 3395 Propter
810 3323 945 3395 quod
969 3332 1016 3378 et
1046 3322 1179 3377 Deus
1199 3322 1437 3377 exultavit
1465 3320 1631 3385 illum,
1662 3328 1709 3372 et
1735 3318 1897 3372 dona-

312 3422 382 3474 rit
407 3420 490 3473 illi
519 3434 703 3472 nomen
729 3457 746 3482 ,
777 3417 913 3486 quod
937 3424 1013 3470 est
1036 3431 1189 3483 super
1216 3430 1366 3468 omne
1392 3428 1575 3466 nomen
1594 3452 1608 3477 ,
1641 3421 1697 3464 ut
1723 3412 1775 3464 in
1804 3426 1900 3464 no-

312 3512 454 3565 mine
478 3509 605 3564 Jesu
627 3525 772 3563 omne
793 3524 925 3578 genu
944 3508 1197 3577 ﬂectatur,
1228 3503 1502 3561 cwlestium
1525 3512 1571 3557 el
1593 3502 1903 3556 terrestrium

311 3611 359 3656 et
384 3604 733 3672 infernarum,
767 3609 812 3651 ct
842 3598 1006 3652 onmis
1032 3597 1208 3669 lingua
1239 3597 1561 3664 conﬁteatur,
1586 3595 1703 3664 quia
1721 3592 1903 3647 Domi-

311 3710 410 3747 nus
433 3690 669 3748 Christus
695 3691 847 3744 Iesus
877 3690 930 3742 in
955 3690 1170 3759 gloriam
1194 3687 1292 3743 Dei
1321 3686 1513 3740 Patris.
1541 3687 1787 3740 Dicamus
1811 3683 1907 3738 ad-

316 3800 507 3839 versus
531 3783 815 3837 inureticos
836 3799 849 3835 :
870 3781 925 3836 Si
945 3781 1059 3835 haec
1076 3779 1147 3835 de
1164 3795 1266 3834 non
1287 3780 1563 3834 incarnato
1586 3777 1901 3843 afferuntur,

315 3877 361 3930 si
384 3877 454 3930 de
481 3875 600 3929 Deo
623 3873 817 3937 Verbo,
851 3871 1119 3943 quomodo
1141 3872 1313 3941 ipsum
1340 3871 1632 3926 exaltavit?
1659 3884 1724 3923 an
1750 3868 1906 3940 quasi

317 3967 440 4035 plus
488 3963 694 4034 aliquid
724 3966 771 4019 ei
800 3963 1052 4019 dederit?
1102 3963 1241 4033 Ergo
1272 3962 1371 4016 hae
1411 3960 1625 4031 quidem
1659 3977 1722 4014 ex
1755 3969 1907 4029 parte

322 4055 677 4127 imperfectus
706 4064 852 4120 erat,
885 4064 940 4110 et
969 4065 1187 4125 propter
1215 4068 1313 4109 nos
1356 4054 1585 4107 obtinuit
1614 4051 1906 4122 perfectio-

321 4167 469 4205 nem.
531 4149 740 4203 latcnim
789 4148 888 4202 nisi
949 4147 1101 4203 nobis
1154 4145 1540 4209 bencfecisset,
1580 4160 1683 4200 non
1739 4145 1909 4199 hono-

319 4259 434 4297 rem
482 4242 647 4297 istum
691 4250 834 4295 esset
872 4248 1255 4310 con~equutus.
1311 4238 1379 4291 Et
1408 4240 1652 4304 donavit,
1698 4238 1905 4308 inquit,

319 4349 528 4386 nonmn.
566 4331 704 4386 Ecce
727 4347 794 4385 ne
824 4347 1017 4385 nomen
1037 4330 1251 4399 quidem
1278 4371 1292 4393 ,
1325 4339 1579 4400 quantum
1605 4338 1780 4384 vestra
1808 4331 1910 4384 l'ert

320 4424 526 4491 σιιιὶιιίο,
563 4421 812 4476 habebat.
854 4422 1134 4490 Quomodo
1161 4435 1322 4485 vero,
1357 4422 1401 4475 si
1432 4420 1480 4475 id
1513 4419 1654 4490 quod
1683 4420 1785 4475 sibi
1809 4419 1907 4475 de-

320 4516 553 4570 bebatur
583 4514 807 4584 accepit,
829 4530 894 4569 ex
938 4515 1079 4570 dono
1115 4524 1170 4570 ct
1196 4514 1363 4585 gratia
1408 4513 1680 4583 accepisse
1734 4512 1912 4567 tuebi-

318 4623 444 4661 Innr
467 4624 482 4669 ;
510 4617 566 4661 et
606 4605 823 4670 Nomen,
850 4607 985 4675 quod
1010 4616 1080 4659 est
1105 4623 1257 4676 super
1280 4621 1428 4660 omne
1451 4620 1630 4659 nomen
1653 4604 1679 4658 ?
1711 4604 1905 4660 Verum

321 4707 375 4749 ct
400 4697 565 4765 quale
597 4695 669 4749 sit
717 4695 855 4749 istud
900 4710 1094 4750 nomen
1117 4736 1133 4760 ,
1187 4695 1481 4751 videamus.
1526 4694 1596 4750 Ut
1625 4697 1677 4749 in
1708 4696 1910 4750 nomine

317 4784 448 4840 least
475 4784 668 4839 Christi
692 4824 707 4847 ,
736 4786 927 4852 inquit,
958 4802 1105 4839 onme
1128 4802 1259 4854 genu
1287 4788 1539 4855 flectatur.
1581 4786 1788 4842 Nomen
1819 4787 1908 4841 isti

320 4876 549 4945 gloriam
604 4876 1044 4943 interpretantur.
1104 4876 1231 4930 litec
1273 4877 1433 4945 igitur
1472 4877 1641 4948 gloria
1691 4890 1907 4931 omnem

322 4964 548 5032 gloriam
570 4975 790 5033 supr-rat
814 4983 827 5017 :
847 4965 1014 5034 gloria
1034 4974 1233 5029 autem,
1260 4966 1523 5036 inquiunt,
1555 4966 1774 5021 omnino
1797 4965 1911 5019 ha-c

323 5064 443 5118 est,
475 5054 631 5109 illum
662 5070 856 5125 nempe
885 5055 1130 5111 adorare.
1162 5055 1344 5127 Longe
1373 5057 1573 5111 abestis
1601 5072 1630 5110 a
1668 5057 1758 5111 Dei
1792 5072 1907 5109 ma-

323 5146 607 5214 gnitudine
626 5188 640 5209 ,
672 5161 769 5201 vos
793 5147 883 5216 qui
916 5147 1078 5201 Deum
1109 5163 1266 5202 nosse
1297 5149 1497 5218 putatis
1518 5190 1533 5213 ,
1588 5157 1646 5203 ιιι
1678 5150 1791 5218 ipsa
1820 5164 1908 5203 sc-

327 5236 509 5303 ipsum
541 5238 703 5291 novit.
736 5236 902 5307 Atqui
926 5238 1007 5291 vel
1031 5238 1167 5291 istud
1196 5241 1326 5293 satis
1354 5239 1569 5305 indicat,
1599 5249 1854 5309 quantum
1879 5255 1908 5294 a

325 5334 477 5382 recta
505 5327 571 5380 de
616 5328 724 5383 Deo
751 5329 1017 5384 sententia
1057 5330 1242 5384 absitis
1272 5346 1288 5385 :
1317 5340 1569 5385 ett-terum
1601 5331 1702 5385 hoc
1747 5332 1909 5387 etiam

328 5417 608 5473 iudieahit.
648 5418 794 5482 llaec,
826 5420 913 5474 die
934 5420 1062 5474 mihi
1085 5462 1100 5486 ,
1127 5421 1299 5491 gloria
1317 5422 1441 5477 est?
1468 5422 1608 5492 Ergo
1628 5433 1910 5493 antequam

329 5506 579 5563 homines
626 5508 746 5564 facti
775 5519 998 5576 essent,
1040 5520 1323 5581 antequam
1370 5515 1583 5583 angeli,
1628 5526 1910 5584 antequam

330 5597 684 5669 archangeli,
732 5616 836 5653 non
883 5612 1000 5656 erat
1049 5602 1324 5671 ingloria.
1365 5604 1575 5660 Etenim
1618 5606 1662 5660 si
1708 5606 1821 5660 lucc
1849 5622 1910 5662 ea

329 5689 495 5754 gloria
528 5697 616 5742 est
638 5728 654 5749 ,
684 5705 804 5758 qua:
832 5701 1047 5761 superat
1094 5708 1308 5747 omnem
1338 5695 1600 5764 gloriam;
1644 5696 1745 5751 hoc
1769 5698 1911 5753 enim

328 5776 636 5847 signiﬁcant
667 5780 753 5835 ilia
784 5784 942 5837 verba
964 5826 977 5850 ,
1010 5784 1161 5851 Quod
1188 5796 1256 5842 est
1311 5802 1461 5857 super
1501 5804 1647 5843 omne
1690 5806 1868 5845 nomen
1894 5808 1912 5859 ,-

1174 374 1239 430 ΙΝ
1278 369 1493 427 El‘lST.
1536 370 1626 424 AD
1665 365 1950 423 PHILIPP.
1980 363 2136 421 CAP.
2178 362 2237 418 li.
2283 360 2513 419 llOMiL.
2560 363 2667 418 Vii.

3455 359 3559 417 25$

1980 484 2125 530 certe
2144 474 2354 530 tametsi
2378 476 2430 529 in
2450 475 2617 545 gloria
2645 482 2780 542 erat,
2805 482 2859 529 at
2879 474 3068 531 saltem
3091 475 3142 530 in
3166 475 3374 530 minore
3399 493 3555 547 qtta‘u

1982 580 2123 620 nunc
2150 567 2240 619 sit.
2287 566 2400 620 llue
2427 566 2588 636 igitur
2615 575 2885 636 spectans,
2916 576 2970 622 et
2995 568 3064 621 ob
3089 568 3228 622 hanc
3255 580 3471 621 causam
3499 576 3560 621 ut

1981 656 2201 727 gloriam
2230 665 2626 726 assequeretur,
2641 657 2816 711 omnia
2848 657 3106 724 condidit,
3132 666 3431 712 nouantem
3460 657 3563 713 hoc

1984 747 2148 802 nitate
2176 747 2454 815 adductus,
2477 749 2571 803 sed
2605 748 2812 819 indigus
2835 749 3040 819 glorite,
3063 765 3182 820 qute
3203 764 3232 804 a
3260 749 3415 805 nobis
3443 765 3564 819 prec

1986 839 2352 895 ﬁeisceretur?
2378 840 2580 897 Videtis
2622 841 2948 896 amentiam?
2974 842 3162 897 videtis
3190 843 3563 913 impietatem?

1985 932 2167 1001 Itaque
2197 933 2240 986 si
2274 932 2389 987 haec
2416 932 2482 987 de
2521 934 2797 987 incarnato
2823 934 3085 997 dicerent.
3120 945 3265 990 recte
3293 935 3564 994 dicereut;

1984 1022 2109 1076 sinit
2136 1022 2277 1076 enim
2327 1023 2467 1077 Deus
2508 1023 2740 1079 Verbum
2785 1025 2854 1080 de
2902 1040 3063 1080 carne
3110 1025 3226 1080 haec
3261 1026 3404 1090 diei;
3454 1043 3562 1080 non

1986 1114 2132 1187 enim
2155 1115 2388 1169 divinam
2433 1126 2675 1171 naturam
2708 1126 2965 1188 tangunt,
2999 1118 3093 1173 sed
3124 1120 3300 1173 omnia
3333 1119 3383 1172 itt
3412 1134 3560 1174 teco-

1987 1208 2185 1272 nomia,
2213 1208 2264 1262 id
2292 1217 2373 1262 est
2404 1209 2455 1262 in
2485 1218 2755 1278 assumpta
2781 1208 3111 1265 humanitate
3139 1210 3344 1266 haerent
3373 1229 3386 1265 :
3421 1228 3565 1267 nunc

1987 1312 2115 1352 vero
2131 1297 2195 1352 ad
2222 1298 2472 1353 deitatem
2500 1300 2596 1355 ista
2623 1301 2851 1370 maligne
2870 1302 3398 1358 accommodautibus
3421 1304 3567 1360 nulla

1987 1398 2229 1457 superest
2255 1392 2426 1444 venia.
2459 1392 2818 1458 Quamobrem
2842 1433 2855 1457 ,
2906 1392 2951 1446 si
2999 1392 3212 1463 quando
3239 1393 3551 1459 dixerimus,

1990 1479 2268 1534 Hominem
2307 1482 2444 1537 Deus
2486 1482 2611 1537 fecit
2657 1484 3011 1540 immortalem
3037 1527 3055 1553 ,
3105 1486 3313 1541 etiamsi
3342 1486 3410 1543 de
3454 1498 3567 1545 toto

1987 1569 2195 1637 dicam,
2231 1572 2356 1641 quid
2387 1572 2558 1627 dicam
2604 1574 2734 1628 seio.
2775 1575 2912 1643 Quid
2951 1592 3079 1632 vero
3132 1578 3218 1632 illa
3260 1579 3361 1634 sibi
3408 1581 3569 1635 verba

1990 1660 2195 1725 volunt,
2225 1661 2508 1716 Cwlestium
2531 1673 2577 1717 et
2603 1666 2910 1719 terrestrium
2939 1676 2985 1720 et
3013 1668 3357 1736 infernarum?
3383 1669 3439 1725 id
3460 1682 3567 1738 est,

1990 1752 2166 1807 omnis
2197 1754 2425 1807 mundus
2451 1796 2464 1820 ,
2510 1762 2570 1809 et
2595 1754 2765 1825 angeli
2794 1766 2850 1811 et
2902 1757 3145 1813 homines
3175 1771 3227 1814 et
3254 1758 3526 1817 daemones
3554 1780 3567 1814 :

1991 1841 2074 1895 vel
2108 1841 2208 1898 hoc
2238 1843 2534 1912 signiﬁcat,
2583 1853 2639 1899 et
2673 1846 2805 1915 justi
2834 1855 2889 1901 et
2929 1857 3257 1916 peccatores.
3302 1849 3368 1903 Et
3404 1853 3568 1906 omnis

1991 1932 2167 2002 lingua
2214 1936 2551 2002 conﬁteatur,
2601 1937 2720 2008 quia
2765 1936 3016 1993 Dominus
3058 1940 3209 1994 Jesus
3246 1940 3475 1996 Christus
3521 1946 3581 1997 in

1991 2025 2206 2095 gloriam
2234 2025 2331 2079 Dei
2365 2026 2554 2081 Patris.
2604 2029 2655 2083 Id
2688 2038 2796 2092 est,
2831 2041 2887 2085 ut
2914 2047 3101 2087 omnes
3135 2033 3233 2087 hoc
3264 2036 3441 2090 dicant
3472 2054 3486 2090 :
3517 2036 3578 2091 hi

1997 2132 2122 2171 vero
2161 2118 2330 2188 gloria
2376 2120 2549 2175 Patris
2591 2130 2692 2177 est.
2753 2122 2913 2179 Vides
2962 2125 3195 2195 ubique,
3242 2143 3362 2182 eum
3408 2129 3577 2184 Filius

1992 2209 2319 2280 glorilieatur
2342 2253 2356 2275 ,
2387 2213 2674 2282 gloriﬁcari
2726 2213 2937 2271 Patrem
2958 2219 2983 2271 'l
3021 2217 3206 2274 itidem
3238 2234 3367 2275 vero
3409 2221 3579 2277 dede-

1994 2310 2178 2356 corato
2217 2302 2351 2358 Filio
2374 2303 2728 2360 dedecorator
2762 2307 2923 2362 etiam
2970 2308 3148 2366 Pater.
3179 2310 3311 2365 Nam
3357 2313 3402 2369 si
3432 2315 3574 2383 apud

1998 2406 2095 2446 nos
2125 2392 2225 2447 hoc
2255 2394 2311 2447 lit
2334 2435 2350 2461 ,
2401 2395 2487 2450 ubi
2516 2397 2652 2450 inter
2684 2407 2886 2466 patrem
2917 2408 2970 2453 et
3000 2400 3137 2456 lilios
3166 2403 3390 2457 multum
3428 2405 3570 2459 inte-

1997 2496 2139 2550 rest;
2168 2488 2337 2541 multo
2363 2490 2531 2558 magis
2559 2491 2610 2543 in
2645 2491 2755 2545 Deo
2784 2534 2795 2554 .
2825 2493 2912 2547 ubi
2943 2494 3071 2547 nihil
3103 2494 3430 2551 discriminis
3450 2538 3465 2561 ,
3517 2498 3570 2554 in

2001 2578 2172 2648 ipsum
2201 2589 2255 2634 ct
2288 2580 2458 2636 honor
2480 2592 2534 2637 et
2558 2582 2792 2639 dedecus
2823 2585 3158 2642 redundabit.
3181 2588 3313 2643 Nam
3339 2590 3384 2644 si
3411 2592 3580 2657 orbis,

2001 2672 2209 2742 inquit,
2245 2672 2401 2728 inerit
2429 2674 2698 2745 subjectus
2726 2676 2863 2732 Filio
2888 2718 2904 2744 ,
2936 2678 3035 2733 hoc
3076 2681 3241 2750 gloria
3272 2690 3354 2736 est
3383 2683 3577 2741 Patris.

2004 2764 2142 2833 Ergo
2171 2774 2225 2820 et
2250 2780 2370 2819 cum
2398 2766 2622 2821 dicimus
2650 2782 2771 2822 esse
2800 2770 3089 2839 perlectum
3114 2812 3129 2837 ,
3183 2788 3287 2828 non
3334 2774 3578 2845 indigen-

2004 2862 2109 2909 tem
2135 2895 2150 2921 ,
2184 2855 2351 2910 nihilo
2390 2858 2651 2913 minorem
2685 2859 2843 2914 Patre
2867 2901 2881 2925 ,
2934 2861 3049 2916 hmo
3074 2861 3240 2932 gloria
3275 2863 3448 2917 Patris
3474 2864 3578 2920 ρει.

2007 2948 2118 3004 Iioc
2144 2957 2199 3004 et
2228 2950 2478 3020 potentia:
2505 2951 2671 3020 ipsius
2700 2968 2946 3023 magnum
2976 2954 3226 3009 indicium
3253 2965 3305 3009 et
3332 2955 3584 3014 bonitatis

2004 3053 2058 3096 et
2086 3042 2361 3112 sapientiae
2385 3086 2400 3111 ,
2432 3044 2571 3115 quod
2604 3044 2794 3101 Filium
2824 3049 2979 3102 talem
3009 3050 3208 3118 geuttit,
3240 3050 3381 3120 quod
3415 3051 3582 3108 nihilo

2006 3132 2288 3198 minorem,
2322 3150 2494 3203 neque
2515 3136 2652 3205 quod
2683 3137 2748 3191 ad
2779 3137 3064 3193 bonitatem
3097 3181 3111 3204 ,
3148 3156 3319 3212 neque
3348 3142 3487 3212 quod
3515 3145 3584 3198 ad

2005 3223 2321 3292 sapientiam
2374 3226 2563 3280 attinet
2623 3228 2754 3281 Cum
2784 3230 3078 3298 sapientem
3110 3246 3229 3286 che
3257 3232 3378 3287 dico
3406 3242 3463 3288 ut
3495 3234 3584 3290 Pa-

2008 3322 2165 3380 trem,
2193 3323 2247 3368 et
2269 3314 2433 3368 nihilo
2453 3319 2737 3382 minorem,
2764 3318 2862 3372 hoc
2890 3335 3093 3390 magum
3115 3322 3286 3378 Patris
3311 3325 3588 3395 sapientia:

2010 3405 2264 3460 indicium
2307 3416 2392 3462 est
2420 3426 2434 3462 :
2466 3424 2586 3464 cum
2612 3410 2733 3465 dico
2761 3420 3034 3482 potentem
3063 3431 3216 3485 mque
3244 3432 3365 3474 esse
3389 3434 3454 3474 ac
3478 3419 3583 3475 Pa-

2010 3507 2145 3554 trem
2171 3540 2186 3566 ,
2221 3498 2320 3555 hoc
2350 3504 2599 3572 potentia:
2646 3504 2818 3560 Patris
2849 3505 3100 3561 indicium
3142 3519 3262 3563 est:
3297 3526 3420 3566 cum
3464 3512 3586 3567 dico

2010 3588 2209 3645 bonum
2237 3606 2355 3647 esse
2386 3593 2510 3648 item
2541 3604 2599 3648 ut
2630 3594 2861 3662 Patrem,
2890 3594 2994 3651 hoc
3024 3597 3276 3655 bonitatis
3304 3615 3590 3671 argumen-

2013 3688 2123 3735 tum
2154 3683 2446 3738 maximum
2472 3726 2487 3751 ,
2516 3685 2605 3755 qui
2637 3686 2792 3741 talem
2832 3688 3114 3758 genuerit,
3145 3705 3211 3745 se
3232 3705 3337 3745 non
3370 3691 3589 3746 inferio-

2013 3790 2124 3829 rem
2157 3791 2329 3845 neque
2359 3776 2652 3844 minorem,
2692 3779 2781 3850 qui
2831 3796 3162 3852 nequaquam
3194 3782 3311 3853 ipso
3350 3786 3420 3839 sit
3459 3784 3593 3840 info-

2011 3865 2141 3931 rior,
2176 3882 2510 3939 nequaquam
2541 3870 2714 3924 minor
2742 3879 2901 3942 atque
2926 3873 3166 3943 indigus:
3189 3890 3309 3930 cum
3339 3876 3460 3932 dico
3484 3893 3588 3931 non

2012 3971 2133 4013 esse
2163 3960 2425 4014 minorem
2456 3961 2749 4016 secundum
2779 3964 3109 4030 essentiam,
3154 3965 3246 4021 sed
3290 3968 3583 4036 aequalem,

2013 4064 2187 4118 neque
2224 4051 2442 4105 alterius
2483 4067 2603 4108 esse
2646 4053 2958 4109 substantiae
2990 4073 3004 4107 :
3034 4055 3157 4111 hinc
3202 4057 3361 4111 etiam
3405 4073 3592 4114 rursus

2014 4139 2179 4195 Deum
2222 4142 2517 4198 mirabilem
2569 4144 2832 4213 prardico,
2884 4154 2936 4199 et
2990 4146 3280 4214 potentiam
3328 4149 3491 4218 ipsius
3534 4159 3589 4204 ct

2016 4234 2306 4290 bonitatem
2332 4244 2384 4288 et
2416 4236 2754 4303 sapientiam,
2783 4237 2871 4304 qui
2905 4236 3065 4290 alium
3090 4252 3157 4293 ex
3179 4254 3238 4293 se
3267 4241 3420 4296 nobis
3444 4244 3587 4312 ejus-

2015 4326 2157 4380 modi
2191 4325 2509 4393 prompserit
2533 4365 2548 4390 ,
2585 4324 2684 4379 hoc
2711 4336 2957 4394 excepto,
2980 4328 3121 4396 quod
3153 4329 3311 4385 Pater
3340 4347 3446 4387 non
3477 4346 3581 4390 est.

2014 4415 2409 4483 Quamobrem,
2458 4431 2807 4486 quaecumque
2847 4417 2915 4472 de
2959 4417 3098 4474 Filio
3141 4436 3328 4492 magna
3358 4424 3591 4493 dixero,

2015 4510 2192 4564 omnia
2224 4508 2338 4564 haec
2366 4510 2418 4562 in
2451 4508 2661 4563 Patrem
2691 4509 3086 4565 redundabuut.
3113 4512 3245 4567 Nam
3270 4515 3314 4568 si
3343 4518 3592 4588 exiguum

2016 4600 2155 4655 istud
2196 4616 2260 4655 ac
2283 4601 2401 4656 lete
2427 4616 2441 4666 ;
2470 4601 2720 4671 exiguum
2763 4601 2904 4655 enim
2930 4601 2997 4655 ad
3035 4603 3125 4659 Dei
3152 4603 3378 4675 gloriam
3412 4619 3494 4666 est
3518 4652 3532 4674 .
3564 4629 3595 4665 ιι

2016 4693 2216 4750 mundo
2239 4694 2384 4748 illum
2406 4693 2650 4757 adorari;
2671 4694 2736 4747 ad
2759 4692 2982 4764 gloriam
3006 4695 3099 4752 Dei
3122 4699 3372 4770 pertinet,
3394 4717 3595 4773 quanto

2018 4788 2186 4859 magis
2208 4787 2409 4858 reliqua
2436 4787 2612 4841 omnia
2641 4786 2666 4840 ?

2087 4882 2140 4936 5.
2180 4880 2437 4936 Christum
2463 4895 2563 4932 non
2589 4894 2700 4933 rere
2721 4879 2931 4934 colimus
2957 4881 3056 4936 nisi
3076 4882 3347 4938 imitemur.
3380 4883 3597 4940 Humili.

2018 4982 2095 5026 tas
2120 4971 2419 5025 Christianis
2456 4969 2716 5039 competit.
2734 4998 2807 5009 -
2826 4969 3119 5026 Credamus
3146 4973 3304 5043 igitur
3330 4974 3395 5029 ad
3428 4977 3596 5047 ipsius

2015 5063 2237 5133 gloriam
2261 5102 2276 5125 ,
2299 5071 2353 5114 et
2374 5059 2613 5114 vivamus
2631 5059 2698 5114 ad
2724 5059 2890 5130 ipsius
2916 5060 3138 5132 gloriam
3171 5081 3184 5119 :
3212 5064 3433 5122 alterius
3454 5068 3594 5122 enim

2018 5156 2134 5211 sine
2182 5156 2351 5208 altero
2397 5151 2543 5206 nulla
2593 5151 2817 5207 utilitas.
2867 5152 3033 5220 Nam,
3090 5171 3209 5210 eum
3257 5158 3403 5213 illum
3451 5171 3596 5216 recte

2018 5245 2232 5316 quidem
2274 5243 2672 5315 glorificamus,
2717 5244 2811 5299 sed
2856 5260 2961 5300 non
3006 5256 3152 5301 recte
3180 5248 3436 5319 vivimus,
3471 5263 3596 5309 tunc

2022 5337 2253 5391 maxime
2282 5335 2332 5389 in
2375 5334 2546 5403 ipsum
2587 5336 2961 5392 contumeliosi
3005 5352 3224 5404 sumus,
3264 5342 3459 5413 quippe
3504 5348 3596 5414 qui

2020 5430 2167 5484 illum
2213 5428 2491 5482 Dominum
2532 5441 2595 5481 ac
2635 5427 2940 5497 Magistrum
2987 5428 3336 5497 proﬁtentes,
3390 5434 3587 5490 nihilo-

2020 5521 2195 5575 minus
2223 5535 2344 5575 eum
2384 5520 2811 5587 contemnimus,
2858 5535 2957 5575 nec
2985 5522 3220 5579 terribile
3265 5526 3391 5580 illud
3427 5529 3592 5583 tribu-

2021 5612 2108 5667 nal
2136 5612 2580 5683 pertimescimus.
2629 5610 2840 5666 Etenim
2884 5611 3100 5669 Grtecos
3138 5616 3351 5691 quidem
3384 5619 3591 5690 impure

2020 5704 2228 5767 vivere,
2272 5717 2442 5772 neque
2480 5700 2778 5755 mirandum
2822 5712 2937 5768 est,
2984 5720 3155 5775 neque
3187 5716 3334 5763 tanto
3372 5707 3587 5781 dignum

2023 5790 2283 5862 supplicio
2328 5806 2342 5843 :
2385 5797 2438 5842 at
2491 5785 2826 5843 Christianos
2889 5797 3155 5845 tantorum
3226 5797 3598 5859 mysteriorum
