4044 6202
327 342 431 399 237

327 469 546 526 magnos
576 452 793 523 spiritus
821 464 1066 514 sumere,
1099 448 1149 501 itt
1178 448 1369 517 quibus
1398 457 1572 500 tecum
1601 445 1901 499 communi-

321 560 441 603 Cum
483 548 636 599 bruta
664 543 953 597 animantia
987 551 1041 594 et
1070 540 1209 594 servi
1241 549 1293 592 e-l
1325 538 1606 591 homicidze
1634 546 1688 590 et
1716 536 1904 589 molles

320 650 373 694 et
420 640 656 691 latrones
700 643 753 689 et
803 633 1170 701 sepulcrorum
1221 627 1599 697 perfossores?
1649 628 1716 680 At
1761 626 1903 679 {edes

322 730 555 784 exstruis
602 723 948 795 splendidas?
994 722 1057 773 Et
1096 719 1278 790 quanti
1329 717 1471 771 hoc?
1510 717 1659 771 tnulti
1702 715 1901 785 graculi

319 819 651 889 splendidius
694 816 969 878 habitant,
1002 822 1056 867 ct
1087 810 1539 879 magnificentiora
1571 808 1764 862 habent
1804 807 1899 861 do-

318 912 537 967 micilia.
574 912 762 963 Annon
796 907 942 961 vides
983 907 1050 959 ab
1081 905 1143 957 iis
1186 904 1348 973 ip~is,
1381 902 1470 970 qui
1510 902 1560 954 in
1602 901 1799 953 divitiis
1831 905 1899 954 ita

317 1005 625 1066 insaniunt,
671 1001 723 1054 iu
754 999 897 1068 agris
926 1012 989 1050 ac
1019 995 1304 1049 solitudine
1339 1005 1637 1047 exstructas
1675 992 1895 1057 domos,

313 1096 657 1164 graculorum
682 1108 801 1145 esse
823 1088 1127 1142 domicilia?
1149 1088 1217 1140 At
1243 1087 1389 1140 vocis
1413 1086 1581 1155 gratia
1612 1083 1898 1154 superbis?

313 1187 476 1241 Olore
520 1195 571 1239 et
616 1184 836 1237 luscinia
871 1195 1155 1249 numquam
1194 1180 1392 1247 poteris
1426 1192 1619 1231 canere
1660 1168 1893 1229 suavius.

315 1281 380 1331 At
405 1278 600 1330 artium
628 1272 1006 1329 multitudine?
1039 1271 1237 1339 Ecquid
1262 1272 1313 1323 in
1340 1270 1421 1323 his
1442 1284 1540 1336 ape
1568 1269 1896 1336 sapientius?

310 1370 499 1438 ecquis
539 1366 846 1436 variegandi
880 1364 1070 1418 artifex
1093 1404 1106 1426 ,
1140 1363 1321 1432 ecquis
1361 1363 1564 1429 pictor,
1592 1360 1774 1429 ecquis
1803 1375 1892 1412 ar—

307 1461 572 1513 chitectus
618 1458 769 1510 istius
803 1456 997 1511 imitari
1038 1469 1198 1522 opera
1245 1452 1474 1522 poterit?
1506 1454 1573 1506 At
1600 1451 1893 1506 subtilitate

308 1551 515 1603 vestis?
544 1548 648 1602 Sed
682 1545 768 1601 hic
800 1557 849 1600 te
880 1561 1092 1600 aranea:
1122 1545 1361 1597 vincunt.
1394 1546 1463 1597 At
1493 1543 1771 1596 velocitate
1800 1557 1893 1612 pe-

305 1640 479 1693 dmn?
509 1640 712 1693 Rursus
743 1639 926 1706 primze
961 1636 1129 1689 hrtttis
1159 1633 1519 1688 animantibus
1544 1632 1849 1687 deferenda!
1872 1672 1888 1697 ,

308 1733 503 1800 lepori,
551 1734 760 1795 datum;
811 1738 867 1785 et
913 1738 1042 1798 quot
1088 1727 1324 1797 jumenta
1371 1724 1650 1779 velocitate
1698 1723 1888 1793 pedum

305 1826 534 1879 miu'une
579 1825 880 1878 vincuntur.
919 1823 987 1875 At
1031 1830 1204 1873 mutas
1247 1818 1445 1873 sedes?
1488 1817 1682 1871 Verum
1723 1816 1889 1870 nihilo

308 1918 432 1986 plus
457 1917 675 1979 avibus;
706 1915 783 1968 ha:
804 1915 945 1968 enim
976 1912 1181 1966 facilius
1207 1910 1632 1981 peregrinantur,
1652 1925 1713 1963 ac
1732 1909 1888 1964 sedes

312 2015 527 2060 Intttant
558 2024 569 2057 :
606 2023 705 2059 nun
742 2006 934 2059 viatico
961 2046 975 2069 ,
1024 2018 1129 2058 non
1170 2002 1425 2072 jnmcutis
1464 2011 1655 2072 egent,
1688 2002 1779 2056 sed
1819 2002 1884 2055 ad

309 2098 491 2151 omnia
527 2097 625 2149 illis
650 2096 728 2149 ala
758 2096 888 2149 satis
916 2104 991 2148 est
1024 2096 1174 2149 :hmc
1207 2093 1375 2154 navis.
1409 2092 1522 2146 hare
1548 2093 1844 2160 jumentum
1867 2133 1881 2158 ,

304 2188 417 2241 inec
445 2188 765 2252 vehiculum,
792 2187 907 2241 brec
928 2195 1140 2250 ventus,
1168 2196 1216 2239 et
1249 2184 1503 2255 quidquid
1532 2184 1673 2237 aliud
1702 2196 1885 2251 νομιιι-

302 2279 397 2332 lari
430 2288 611 2346 queat.
643 2280 709 2331 At
743 2287 899 2332 acute
939 2278 1154 2332 cernis?
1182 2293 1363 2330 verum
1394 2292 1495 2329 non
1525 2290 1695 2345 a‘qnc,
1725 2284 1883 2345 atque

298 2388 490 2440 caprea
514 2381 605 2422 aut
627 2372 828 2439 aquila.
856 2371 920 2423 At
944 2381 1096 2424 acute
1117 2370 1310 2423 audis?
1338 2367 1429 2423 sed
1452 2371 1633 2421 asinus
1654 2369 1877 2421 acutius.

300 2468 367 2518 At
397 2465 533 2518 bene
561 2464 784 2518 olfacis?
816 2479 1000 2516 verum
1027 2462 1175 2516 canis
1207 2462 1425 2515 minime
1452 2475 1509 2515 se
1539 2459 1635 2513 abs
1663 2472 1712 2513 te
1743 2459 1879 2513 vinci

298 2558 515 2622 patitur.
550 2558 617 2608 At
659 2555 877 2623 parandi
921 2555 1089 2608 victus
1133 2552 1417 2606 artilicium
1465 2552 1657 2605 tenes?
1696 2566 1877 2604 verum

296 2648 536 2701 formica:
581 2648 746 2700 redis.
786 2649 851 2699 At
893 2661 1078 2698 aurmn
1122 2644 1343 2714 gestas?
1382 2659 1563 2697 verum
1605 2658 1707 2695 non
1755 2643 1878 2695 item

291 2752 451 2806 atque
497 2738 689 2792 Indica:
737 2738 995 2790 l'ormieze.
1034 2739 1100 2788 At
1143 2736 1345 2788 sanitas
1391 2744 1440 2786 le
1480 2734 1672 2787 effert?
1710 2734 1881 2786 multo

293 2831 489 2882 melius
522 2829 691 2880 brutis
717 2826 1081 2878 animantibus
1110 2834 1193 2879 est
1220 2866 1233 2888 ,
1267 2824 1379 2877 sive
1411 2823 1698 2875 bonitatem
1726 2821 1877 2875 babi-

292 2930 401 2978 tus,
435 2918 549 2970 sive
595 2916 949 2986 parandarum
987 2932 1163 2969 rerqu
1211 2930 1327 2983 qua!
1370 2914 1433 2968 ad
1480 2914 1639 2967 vitam
1682 2914 1881 2968 faciunt

292 3009 599 3063 farultalem
654 3018 909 3076 spectes:
946 3023 1049 3060 non
1100 3007 1184 3060 illa
1235 3016 1599 3073 paupertatem
1651 3005 1872 3059 timent:

294 3100 551 3168 Respicite
580 3100 745 3163 enim,
774 3098 963 3167 inquit,
994 3098 1219 3151 volatilia
1248 3098 1379 3161 cwli,
1419 3112 1532 3168 qua:
1558 3113 1657 3148 non
1684 3108 1871 3158 serunt,

288 3209 453 3261 neque
496 3200 714 3254 metant,
750 3207 907 3259 neque
941 3199 1243 3259 congregant
1278 3190 1329 3241 in
1360 3189 1540 3241 horrea
1573 3188 1782 3259 (Matth.
1814 3190 1867 3242 6.

287 3284 407 3354 26).
433 3284 596 3353 Ergo,
618 3284 845 3352 inquies,
870 3283 1019 3335 bruta
1044 3282 1153 3350 ipsa
1179 3280 1329 3335 nobis
1349 3282 1714 3350 prtestantiora
1735 3281 1874 3334 Deus

285 3376 525 3430 condidit
542 3376 724 3429 .\’ides
737 3384 929 3444 quanta
948 3375 1017 3427 sit
1036 3373 1479 3427 inconsiderantia
1494 3373 1518 3423 ?
1536 3373 1701 3437 vides,
1717 3387 1872 3441 quam

285 3468 625 3536 negligenter
666 3482 751 3518 res
793 3466 1200 3518 examinentur?
1242 3464 1405 3526 vides,
1453 3472 1704 3532 quantum
1747 3463 1872 3516 illud

282 3559 354 3611 sit
383 3598 395 3618 ,
441 3556 583 3623 quod
622 3571 800 3608 rerum
834 3556 1067 3622 ipsarum
1106 3554 1307 3622 pondus
1337 3553 1691 3606 examinatum
1725 3552 1877 3605 nobis

282 3650 561 3718 largitur?
605 3648 701 3702 Ille
740 3647 828 3716 qui
875 3663 982 3715 pra:
1023 3646 1271 3699 omnibus
1315 3644 1616 3699 hominibus
1657 3659 1876 3712 magnos

279 3741 515 3809 spiritus
543 3739 805 3799 sumebat,
840 3739 917 3791 vel
950 3737 1117 3789 brutis
1146 3736 1301 3790 vilior
1329 3750 1448 3790 esse
1474 3736 1743 3789 convictus
1772 3742 1873 3789 est.

280 3830 395 3884 Sed
434 3845 533 3883 nos
559 3830 604 3883 ei
634 3844 953 3898 parcamus;
984 3843 1158 3895 neque
1188 3827 1358 3896 ipsmn
1390 3828 1674 3891 imitemur,
1705 3841 1878 3895 neque

278 3924 411 3992 quia
444 3937 603 3988 supra
636 3929 831 3973 nostra:
863 3929 1064 3972 natura:
1092 3920 1454 3973 conditionem
1486 3918 1552 3971 de
1579 3933 1637 3971 se
1670 3922 1875 3987 magni-

282 4018 390 4070 lice
421 4014 610 4076 sentit,
639 4013 903 4081 dejectqu
934 4012 1079 4065 illtuu
1110 4012 1159 4063 in
1188 4011 1460 4063 brutorum
1492 4010 1679 4063 ordine
1701 4009 1879 4076 jacere

283 4107 563 4176 patiamur
583 4144 597 4167 ,
635 4105 727 4157 sed
769 4103 891 4157 inde
922 4106 1092 4171 ipsum
1124 4100 1468 4155 extrahamns
1496 4109 1655 4168 atque
1678 4101 1877 4155 eveha-

282 4213 436 4256 tuns,
467 4211 574 4247 non
604 4194 817 4259 quidem
844 4194 1008 4262 ipsius
1029 4193 1231 4261 gra'ia;
1264 4208 1382 4244 mnu
1417 4192 1503 4245 ille
1524 4191 1759 4261 quidem,
1787 4193 1876 4261 qui

283 4290 434 4341 hanc
463 4285 824 4338 conditionem
858 4286 1043 4338 subeat
1070 4284 1263 4351 dignus
1292 4293 1372 4336 est
1402 4299 1415 4345 ;
1449 4283 1541 4336 sed
1574 4290 1629 4336 ιιι
1659 4283 1748 4337 Dei
1783 4283 1880 4336 lut-

281 4380 528 4435 mauitas
560 4377 834 4446 honosque
856 4376 921 4428 ab
942 4390 1006 4429 eo
1033 4376 1185 4429 nobis
1210 4376 1438 4429 tributus
1462 4374 1877 4429 demonstretur.

282 4471 428 4522 Sunt
467 4467 637 4530 enim,
672 4476 797 4519 sunt
839 4466 1056 4519 omnino
1100 4464 1366 4534 quaedam,
1418 4466 1468 4517 in
1510 4464 1703 4533 quibus
1749 4464 1878 4517 nihil

283 4560 469 4615 brutis
495 4558 853 4611 animantibus
887 4557 1162 4610 nobiscum
1190 4571 1475 4609 commune
1497 4567 1599 4609 est.
1625 4555 1879 4620 Quaenam

285 4651 409 4704 ha‘e
429 4650 454 4701 ?
485 4649 685 4708 Pietas,
713 4655 761 4700 et
790 4647 893 4699 vita
922 4646 1103 4698 virtuti
1127 4660 1453 4713 congruens.
1482 4645 1578 4699 llic
1602 4660 1705 4698 non
1732 4656 1881 4714 potes

286 4742 343 4794 in
393 4739 632 4793 medium
682 4736 948 4790 adducere
993 4745 1337 4799 scortatores,
1372 4751 1476 4789 non
1522 4736 1728 4798 molles,
1776 4753 1879 4792 non

291 4850 3311 4873 ΝΜ*-

1215 331 1281 389 ΙΝ
1322 331 1535 389 EPIST.
1578 331 1670 387 AD
1709 329 1996 387 PlllLll’l‘.
2039 335 2184 389 CAP.
2234 338 2289 391 ll.
2335 338 2563 394 llOMlL.
2606 339 2742 396 Vill.

3487 351 3592 404 9.59

2009 446 2339 513 homicidas;
2375 452 2529 519 longe
2556 455 2713 507 .enim
2742 457 2809 507 ab
2837 455 2941 509 illis
2980 455 3258 510 distamus.
3293 460 3427 524 Quid
3464 477 3588 514 vero

2009 538 2110 591 hoc
2130 540 2248 592 est?
2273 540 2435 594 Deum
2461 544 2725 608 novimus,
2751 545 2914 612 ipsius
2945 549 3324 615 providentiam
3348 558 3588 620 agnosci-

2008 643 2153 690 mus,
2194 629 2261 681 de
2301 631 2701 687 immortalitate
2741 635 3223 706 philosophamur:
3261 641 3343 694 hic
3392 644 3583 696 cedunt

2008 719 2179 773 bruta.
2230 721 2303 774 De
2346 722 2644 791 hnjnsmodi
2696 727 2854 781 rebus
2898 744 3000 781 nou
3048 729 3354 786 lia-sitantes
3403 738 3581 788 sobrie

2005 814 2414 869 sentimnszbic
2459 816 2584 870 nihil
2632 818 2799 872 brutis
2843 836 3128 877 commune
3170 827 3443 879 nobiseum
3478 838 3578 883 est.

2004 902 2133 956 Nam
2165 921 2283 957 cum
2311 908 2560 961 omnibus
2601 908 2706 962 illis
2746 910 3026 966 inferiores
3070 914 3259 973 siuius.
3312 917 3377 970 iis
3404 930 3579 971 tamen

2004 994 2348 1064 imperamus.
2398 998 2450 1052 ln
2489 999 2589 1053 hoc
2616 1002 2755 1053 enim
2789 1013 2965 1055 exstat
2998 1005 3202 1072 imperii
3238 1008 3572 1075 lttngtliltttln,

2000 1087 2141 1155 quod
2174 1088 2301 1156 ipsis
2334 1090 2612 1145 inferiores
2634 1134 2647 1157 ,
2682 1109 2901 1161 regmun
2937 1105 3110 1149 tamen
3145 1098 3194 1150 in
3232 1100 3340 1166 ipsa
3370 1102 3577 1153 obline-

2001 1191 2119 1229 mus
2143 1194 2157 1241 ;
2187 1187 2243 1230 ut
2265 1178 2441 1232 discas
2463 1197 2567 1233 non
2600 1193 2649 1236 le
2676 1182 2858 1236 harmu
2884 1202 3059 1239 rerum
3083 1202 3200 1241 esse
3223 1206 3456 1253 causam,
3481 1193 3573 1245 sed

2000 1266 2163 1321 Deum
2187 1270 2273 1338 qui
2305 1280 2355 1324 te
2383 1272 2637 1332 condidit.
2670 1284 2723 1326 ct
2750 1278 3007 1330 rationem
3042 1279 3262 1347 largitus
3289 1291 3391 1335 est.
3422 1283 3570 1335 ltetia

1996 1369 2050 1413 et
2080 1360 2297 1429 laqueos
2327 1364 2426 1417 illis
2455 1366 2721 1421 tendimus
2743 1409 2755 1427 .
2787 1369 2837 1420 iu
2866 1385 3000 1435 quos
3033 1372 3143 1438 ipsa
3173 1374 3493 1439 impellimus
3518 1388 3572 1428 et

1995 1455 2255 1522 capimus.
2287 1454 2580 1510 Moderatio
2607 1462 2747 1512 enim
2780 1462 2932 1514 nobis
2959 1463 3129 1525 adest,
3161 1466 3403 1533 a'quitas,
3434 1467 3569 1518 leui-

1996 1551 2106 1607 tas,
2138 1546 2479 1612 pecuniarum
2506 1548 2876 1617 deSpieientia.
2907 1553 3009 1606 Sed
3050 1555 3295 1620 quoniaut
3341 1564 3392 1607 tu
3434 1572 3571 1609 unus

1993 1648 2058 1687 ex
2099 1635 2473 1704 arrogantibus
2503 1653 2597 1703 es,
2632 1640 2866 1709 nihilque
2909 1640 3097 1695 horum
3146 1644 3341 1708 habes,
3380 1648 3570 1701 merito

1992 1726 2077 1780 vel
2119 1742 2227 1794 pra:
2258 1729 2505 1783 oumibus
2550 1730 2849 1784 hominibus
2888 1734 3164 1802 magniﬁce
3193 1736 3259 1790 de
3291 1747 3341 1790 te
3370 1740 3565 1799 S~'l|ll8.

1990 1822 2070 1874 vel
2102 1835 2209 1888 pra:
2239 1822 2486 1875 omnibus
2517 1824 2683 1878 brutis
2711 1825 2999 1879 luuniliter.
3029 1826 3172 1880 Talis
3202 1828 3343 1883 enim
3375 1840 3457 1883 est
3483 1848 3569 1885 ar-

1991 1912 2229 1979 rogantia
2257 1920 2310 1965 et
2336 1913 2557 1968 audacia
2592 1932 2605 1967 :
2640 1915 2725 1969 vel
2765 1925 2958 1984 praeter
2985 1933 3193 1986 a‘qtnnu
3226 1934 3345 1974 sese
3372 1921 3523 1974 ell‘ert
3550 1962 3564 1985 ,

1987 2003 2069 2057 vel
2101 2004 2279 2057 itidem
2311 2020 2369 2059 se
2394 2005 2578 2071 dejieit
2601 2047 2616 2071 ,
2654 2022 2910 2075 nusquam
2942 2010 3155 2062 modum
3190 2025 3428 2066 servans.
3460 2013 3565 2066 llac

1986 2096 2201 2164 quidem
2252 2112 2309 2151 re
2351 2098 2584 2167 a‘qnales
2631 2114 2817 2153 sumus
2861 2102 3097 2165 angelis;
3151 2118 3370 2170 regnum
3413 2104 3565 2158 nobis

1989 2188 2305 2255 promissum
2328 2198 2429 2252 est,
2454 2199 2507 2243 et
2533 2190 2729 2245 chorea
2748 2207 2866 2247 cum
2890 2192 3118 2247 Christo.
3139 2196 3237 2261 Qui
3262 2212 3384 2249 vere
3407 2196 3565 2249 houo

1984 2287 2068 2332 est
2096 2278 2329 2347 vapulat.
2361 2289 2411 2334 et
2438 2296 2544 2334 non
2572 2282 2863 2336 succumbit
2889 2299 2903 2347 ;
2937 2295 3159 2339 mortem
3186 2284 3431 2355 (Ιεενίεἰι,
3458 2304 3561 2341 non

1986 2370 2182 2431 lretnit,
2214 2386 2318 2423 non
2360 2372 2586 2437 metuit,
2633 2388 2736 2425 nou
2767 2374 2970 2443 appetit
3005 2376 3173 2443 plura.
3203 2377 3560 2443 Quamobrem

1982 2460 2070 2529 qui
2117 2461 2248 2514 tales
2280 2476 2383 2514 non
2415 2471 2575 2525 sunt,
2616 2462 2786 2517 brutis
2824 2473 2948 2518 sunt
2991 2465 3308 2522 deteriores.
3340 2468 3563 2535 Quando

1981 2550 2121 2605 enim
2151 2552 2310 2605 rebus
2337 2552 2551 2621 quidem
2578 2554 2642 2606 ad
2672 2570 2866 2623 corpus
2891 2557 3277 2623 pertinentibus
3302 2560 3434 2613 alios
3462 2562 3560 2612 l20~

1981 2642 2153 2696 mines
2177 2643 2362 2707 vincis,
2394 2643 2555 2697 animi
2584 2659 2712 2698 vero
2733 2648 3061 2699 ornamentis
3082 2662 3268 2711 cares;
3295 2652 3562 2716 quomodo

1984 2732 2150 2785 brutis
2179 2749 2283 2786 non
2314 2748 2373 2787 es
2402 2733 2672 2787 deterior?
2698 2736 2807 2805 Age
2829 2735 2970 2787 enim
2998 2736 3045 2788 iu
3073 2738 3303 2790 medium
3332 2740 3559 2793 adduca-

1983 2840 2099 2877 mus
2124 2840 2308 2878 eorum
2337 2826 2589 2894 aliquem,
2620 2826 2707 2895 qui
2738 2841 2855 2880 cum
2886 2828 3043 2891 vitio,
3072 2828 3157 2896 qui
3190 2830 3403 2884 minime
3433 2846 3563 2884 con-

1979 2926 2232 2985 grncnler
2260 2916 2474 2979 rationi,
2498 2916 2585 2985 qui
2615 2918 2665 2969 in
2694 2917 2901 2971 deliciis
2929 2927 2981 2971 ct
3008 2918 3349 2972 immoderata
3378 2936 3554 2973 rerum

1982 3004 2303 3058 abundantia
2334 3008 2539 3059 vivunt.
2577 3007 2681 3059 Isto
2712 3022 2881 3075 equus
2906 3017 2986 3060 est
3016 3008 3325 3074 pugnacior,
3357 3024 3446 3061 sus
3473 3027 3556 3060 m-

1981 3096 2207 3161 bnslior,
2239 3097 2388 3165 lepus
2421 3097 2687 3164 velocior,
2735 3113 2870 3167 pavo
2901 3097 3217 3163 formosior,
3260 3100 3376 3152 olor
3414 3101 3557 3155 vocis

1983 3187 2241 3241 suavitate
2274 3189 2610 3257 pr:estantior
2629 3230 2645 3252 ,
2675 3189 2891 3257 elephas
2923 3190 3089 3257 tnajor
3110 3231 3124 3253 ,
3154 3192 3324 3259 aquila
3354 3193 3557 3260 pchpi-

1978 3279 2157 3331 eaeior
2180 3319 2193 3340 ,
2224 3293 2411 3332 omnes
2437 3292 2561 3332 aves
2589 3280 2830 3333 ditiores.
2867 3279 3018 3334 Unde
3051 3281 3209 3350 igitur
3247 3282 3437 3350 dignus
3461 3299 3519 3337 es
3538 3324 3553 3349 ,

1980 3373 2069 3439 qui
2097 3372 2266 3425 brutis
2288 3371 2620 3424 domineris?
2644 3387 2708 3425 ex
2736 3372 2981 3425 ratione?
3005 3373 3217 3427 Minime
3249 3374 3296 3427 id
3321 3376 3553 3443 quidem.

1980 3460 2202 3528 Quando
2232 3461 2373 3514 enim
2415 3461 2502 3514 illa
2531 3501 2545 3524 ,
2578 3469 2633 3513 ut
2660 3461 2972 3529 oportebat,
3007 3478 3113 3517 non
3141 3466 3304 3518 uteris
3325 3507 3339 3521 .
3375 3482 3558 3521 [ιιι-ηις

1982 3551 2085 3605 illis
2111 3566 2169 3605 es
2190 3551 2425 3604 deterior
2446 3569 2458 3604 :
2479 3550 2693 3620 quando
2715 3552 2856 3606 enim
2885 3554 3090 3622 ratione
3110 3556 3361 3622 prmditus
3384 3557 3557 3608 mium

1979 3657 2136 3711 quam
2165 3642 2251 3694 illa
2280 3652 2638 3711 congruenter
2681 3643 2873 3696 rationi
2920 3644 3052 3696 vivis
3078 3685 3091 3708 ,
3125 3644 3291 3697 satius
3320 3644 3411 3696 tibi
3442 3660 3483 3697 ei
3503 3656 3562 3699 at

1981 3747 2154 3801 neque
2172 3732 2321 3785 initio
2342 3732 2539 3786 factum
2562 3748 2681 3787 esse
2704 3732 2923 3786 rationis
2941 3742 3261 3802 compotem.
3280 3732 3391 3787 Non
3414 3735 3555 3787 enim

1982 3829 2119 3881 idem
2152 3837 2252 3890 est,
2281 3844 2400 3881 cum
2436 3830 2787 3897 principatum
2812 3828 3103 3896 acceperis,
3137 3828 3280 3881 ilhnu
3306 3827 3556 3897 prodere,

1981 3931 2139 3990 atque
2170 3922 2321 3975 initio
2351 3936 2454 3975 non
2485 3921 2777 3990 acetapisse.
2814 3919 2941 3987 [legi
2973 3919 3287 3973 Satellitiluts
3319 3919 3430 3971 suis
3458 3918 3559 3971 de-

1984 4013 2163 4065 leriori
2196 4013 2360 4065 satius
2397 4022 2511 4066 erat
2557 4025 2729 4080 neque
2766 4026 2996 4079 purpttra
3037 4024 3095 4063 se
3127 4008 3382 4063 induésse.
3414 4009 3556 4062 Idem

1984 4103 2083 4157 hac
2119 4104 2171 4156 in
2203 4117 2259 4157 re
2288 4104 2485 4157 evenit.
2516 4102 2879 4171 lntelligcntes
2911 4102 3068 4169 igitur
3109 4102 3186 4153 vel
3234 4101 3397 4154 Inanis
3430 4101 3558 4168 ipsis

1983 4211 2081 4249 nos
2111 4210 2230 4249 esse
2279 4194 2576 4248 deteriores
2600 4233 2614 4255 ,
2648 4193 2748 4245 nisi
2782 4194 3031 4245 virtutem
3063 4192 3353 4245 habeamus
3378 4231 3393 4255 ,
3437 4191 3559 4243 huic

1984 4283 2297 4339 exercenda:
2327 4298 2542 4351 cperam
2573 4282 2762 4335 demus
2787 4321 2802 4346 ,
2845 4291 2901 4334 ut
2946 4281 3191 4334 homines
3223 4281 3438 4343 fiamus,
3476 4281 3558 4333 ιρι

1987 4376 2161 4443 potius
2187 4372 2393 4440 angeli;
2428 4370 2808 4440 promissisque
2840 4370 2992 4424 bonis
3022 4371 3279 4431 huamur,
3311 4370 3474 4437 gratia
3506 4380 3562 4423 ct

1989 4466 2310 4534 benignitate
2338 4462 2544 4517 Domini
2574 4461 2739 4516 nostri
2766 4460 2891 4515 Jesu
2917 4460 3133 4525 Christi,
3157 4460 3241 4513 cui
3263 4476 3379 4511 eum
3408 4460 3559 4513 Patre

1986 4568 2040 4613 et
2069 4558 2269 4626 Spiritu
2311 4564 2499 4609 sancto
2535 4555 2727 4624 gloria,
2770 4553 3074 4621 imperium,
3107 4552 3307 4618 honor,
3338 4569 3477 4607 nunc
3506 4561 3559 4607 et

1985 4666 2229 4720 semper,
2256 4659 2309 4704 et
2336 4648 2388 4703 in
2416 4647 2609 4702 smcula
2634 4646 2979 4701 szeenlornm.
3010 4646 3202 4698 Amen.

1627 4916 1967 4977 HOMILIA
2010 4918 2186 4978 VIII.

291 5068 424 5123 Car.
459 5067 511 5120 2.
544 5082 593 5117 v.
632 5065 714 5118 1‘2.
746 5063 944 5132 Itaque,
969 5061 1215 5114 carissimi
1245 5062 1358 5123 mei,
1388 5060 1514 5113 sicut
1544 5076 1739 5130 semper
1768 5062 1883 5115 obe-

375 5160 552 5217 distis,
587 5174 687 5208 non
733 5161 783 5207 in
823 5154 1089 5223 prwscntia
1135 5152 1229 5205 mei
1275 5162 1466 5203 ttnrtum
1488 5193 1501 5213 ,
1536 5150 1623 5204 sed
1652 5161 1697 5204 et
1727 5151 1882 5204 multo

377 5254 535 5320 magis
563 5267 695 5303 nunc
724 5251 774 5300 in
802 5248 1026 5300 absentia
1063 5264 1170 5299 mea
1192 5286 1207 5312 ,
1237 5262 1348 5297 cum
1383 5248 1559 5298 timore
1586 5257 1628 5298 et
1672 5258 1885 5298 tremore

369 5354 584 5396 vestram
627 5340 837 5393 salutent
868 5339 1167 5405 aperantiui.
1209 5338 1289 5391 ιδ.
1326 5335 1459 5388 Dens
1489 5345 1561 5389 est
1600 5337 1763 5399 enim,
1800 5335 1882 5403 qui

366 5444 608 5502 aperatar
645 5434 696 5483 in
738 5430 874 5482 vobis
911 5438 954 5481 et
985 5429 1106 5481 velle
1135 5438 1179 5480 et
1208 5428 1407 5496 operari
1440 5444 1530 5494 pro
1555 5426 1684 5478 bona
1711 5426 1883 5479 volan-

369 5535 491 5579 tale.
536 5525 617 5575 Η.
656 5520 841 5573 Omnia
882 5531 1047 5571 autem
1083 5520 1231 5587 facile
1259 5520 1365 5570 sine
1407 5518 1883 5569 murmurationibtts

366 5629 413 5673 et
442 5613 877 5674 Itwsitationibus,
928 5613 1008 5667 l3.
1058 5622 1107 5663 ut
1136 5613 1243 5665 sitis
1280 5612 1391 5665 sine
1427 5612 1663 5679 querela,
1696 5620 1739 5663 ct
1766 5610 1885 5663 sim-

370 5714 528 5779 plices
548 5751 560 5771 ,
590 5708 683 5773 lilii
726 5706 817 5759 Dei
848 5707 953 5758 sine.
979 5705 1363 5773 reprehensione
1399 5704 1449 5755 in
1479 5704 1639 5755 medio
1667 5702 1883 5755 nationis

365 5816 541 5868 praetr
570 5810 615 5849 et
646 5813 890 5865 μανι-ἐνδυ*
908 5836 923 5863 ,
954 5798 1080 5850 inter
1108 5812 1227 5866 quos
1258 5795 1426 5848 lacctis
1456 5796 1583 5847 sicut
1614 5794 1879 5848 luminaria

2065 5062 2115 5114 iu
2145 5060 2362 5120 mando,
2410 5056 2495 5110 lli.
2539 5055 2740 5110 verbum
2768 5055 2880 5111 vita:
2914 5056 3218 5109 continentes
3257 5052 3325 5105 ad
3348 5050 3565 5123 gloriam

2061 5168 2219 5203 meant
2248 5149 2298 5201 in
2329 5148 2458 5199 diem
2480 5146 2685 5201 Christi.

2064 5244 2114 5296 l.
2148 5240 2549 5294 Adnnmitiones
2578 5238 2965 5293 laudationibus
2999 5232 3357 5303 temperand:e
3395 5243 3557 5287 sunt:

1992 5354 2112 5389 nam
2159 5335 2257 5387 hoc
2290 5333 2447 5386 modo
2483 5332 2533 5385 in
2583 5330 2775 5384 bonam
2805 5340 3004 5397 partem
3047 5328 3410 5395 accipiuntur,
3440 5339 3561 5378 cum

1990 5442 2084 5481 eos
2111 5440 2241 5494 quos
2274 5437 2554 5477 monemus
2580 5462 2594 5485 ,
2624 5419 2689 5473 ad
2722 5435 2870 5474 suam
2906 5420 3138 5486 ipsorum
3170 5416 3561 5471 aemulationem

1993 5530 2341 5586 provocamus
2366 5532 2379 5566 :
2403 5512 2544 5581 quod
2578 5526 2718 5565 nunc
2746 5511 2903 5563 etiam
2938 5510 3131 5563 Paulus
3163 5508 3304 5564 fecit.
3335 5506 3565 5562 Attende

1992 5614 2166 5658 autem
2199 5619 2356 5668 quam
2391 5602 2694 5671 prudenter.
2727 5600 2924 5669 Itaque,
2955 5600 3199 5653 carissimi
3225 5600 3339 5661 mei,
3374 5598 3563 5667 inquit.

1992 5697 2105 5753 Non
2154 5694 2255 5750 hoc
2302 5694 2441 5749 unde
2483 5703 2643 5763 atque
2688 5692 2931 5747 absolute
2977 5691 3147 5754 dixit,
3175 5690 3432 5755 Obedite;
3472 5688 3565 5745 sed

1995 5805 2275 5865 postquam
2315 5790 2433 5845 illos
2473 5786 2742 5855 laudavit,
2783 5794 2943 5858 atque
2984 5800 3046 5841 ea
3077 5783 3239 5839 verba
3281 5782 3556 5854 prmnaisit.
