4044 6202
421 333 529 389 239

424 448 572 501 Sir-ut
598 459 794 512 semper
822 439 1072 496 obedlstis.
1109 438 1161 494 Id
1191 449 1309 505 est,
1339 439 1522 491 hortor
1562 445 1721 505 atque
1763 435 1992 489 obsecro

429 552 556 600 vos,
589 546 645 588 ιιι
685 535 960 588 imitemini
1002 548 1106 586 non
1146 531 1313 594 alios,
1355 529 1446 582 sed
1483 544 1573 580 vos
1602 528 1763 599 ipsos.
1799 526 1917 580 Non
1944 528 1996 580 in

426 626 691 691 prmentia
715 626 810 678 mei
833 634 1028 676 tantum
1048 638 1066 675 :
1086 626 1171 674 sed
1195 620 1350 674 multo
1371 620 1530 689 magis
1551 621 1600 672 in
1621 618 1843 672 absentia
1865 635 1993 672 mea.

423 719 550 784 Cur,
585 717 751 771 Multo
775 719 934 786 magis
963 716 1012 767 in
1043 713 1267 768 absentia
1288 729 1396 765 mea
1416 712 1440 764 .’
1463 712 1611 765 'l'tnte
1639 710 1852 780 quidem
1885 710 1994 764 for-

427 821 568 863 tasse
604 808 924 861 videbamini
967 806 1142 858 otnnia
1178 804 1350 859 facere
1381 820 1474 871 pro
1505 815 1681 857 vestra
1715 803 1765 854 in
1797 817 1880 855 me
1909 816 1995 854 re-

423 901 694 961 verentia,
739 897 988 967 quodque
1032 896 1158 950 mihi
1205 894 1460 950 bottoretn
1509 896 1814 957 haberetis,
1856 909 1996 948 nunc

422 1005 552 1042 vero
595 1003 701 1042 non
749 988 840 1041 ita.
880 986 1032 1053 Quod
1073 986 1118 1041 si
1164 1001 1303 1040 tlllllc
1345 986 1602 1054 majorem
1637 985 1796 1039 etiam
1831 985 1994 1039 animi

421 1076 821 1132 contentionem
843 1092 904 1130 ac
929 1076 1254 1145 diligentiam
1280 1076 1652 1140 ostenderitis;
1681 1075 1809 1128 illud
1836 1075 1993 1129 simul

421 1169 728 1234 constabit,
760 1179 887 1222 tunc
915 1183 1124 1238 quoque
1149 1166 1243 1222 Dei
1269 1182 1426 1221 causa
1453 1205 1470 1227 .
1503 1183 1606 1220 non
1636 1183 1749 1221 mea
1779 1181 1874 1220 vos
1895 1166 1994 1220 ad-

421 1259 610 1314 ductos
635 1273 776 1314 esse.
809 1259 923 1321 Die,
945 1274 1090 1328 rogo.
1125 1257 1288 1312 Paule
1312 1297 1328 1323 ,
1361 1257 1486 1326 quid
1519 1258 1610 1313 tibi
1641 1258 1762 1312 vis?
1790 1257 1904 1312 Non
1935 1266 1993 1311 ιιι

423 1365 509 1404 me
535 1349 766 1402 audiatis
786 1391 800 1411 ,
834 1348 925 1402 sed
959 1357 1015 1401 ιιι
1043 1363 1164 1402 cum
1198 1347 1386 1401 timore
1415 1355 1470 1401 et
1499 1357 1730 1403 tremore
1759 1357 1992 1401 vestram

423 1441 660 1509 ipsorum
699 1441 920 1494 salutem
949 1440 1241 1509 operetnini
1274 1457 1287 1494 :
1317 1455 1421 1494 non
1455 1447 1628 1507 potest
1653 1438 1796 1494 enim
1829 1441 1872 1493 is
1903 1440 1993 1508 qui

421 1532 538 1586 sine
567 1531 756 1586 timore
787 1531 947 1596 vivit,
980 1529 1295 1599 praeclarum
1321 1530 1592 1600 quidpiam
1633 1540 1687 1585 et
1723 1529 1996 1585 admiran-

421 1623 546 1678 dum
572 1624 753 1678 edere.
782 1623 965 1693 Neque
990 1633 1192 1678 tautmn
1219 1625 1370 1689 dixit,
1399 1621 1623 1693 Timore,
1646 1625 1739 1682 sed
1765 1626 1991 1691 addidit,

427 1715 491 1768 Et
517 1723 762 1778 tremore,
790 1715 879 1784 qtti
923 1715 1095 1785 major
1117 1715 1331 1785 quidam
1362 1726 1416 1771 et
1441 1716 1809 1770 vehementior
1836 1719 1995 1772 timor

422 1813 504 1858 est
529 1822 543 1860 :
577 1805 825 1858 nitnirum
857 1805 906 1858 id
937 1807 1180 1869 studens,
1210 1818 1267 1860 nt
1295 1809 1413 1860 illos
1443 1809 1754 1863 attentiorcs
1782 1809 1988 1863 reddat.

424 1891 572 1951 Ilunc
603 1898 827 1951 habebat
859 1898 1104 1953 timorem
1140 1899 1331 1952 l’aulus
1360 1917 1372 1951 :
1405 1909 1685 1970 propterea
1715 1902 1874 1956 etiam
1906 1902 1990 1955 di-

421 1989 575 2043 cebat
599 2007 612 2040 :
638 1985 812 2043 Timeo
841 2006 1045 2048 nucum
1073 1991 1186 2044 aliis
1225 1993 1584 2059 prtrdicavero,
1614 1995 1721 2063 ipse
1753 1996 1994 2064 reprobus

420 2081 604 2149 ψει-ἰαι-
637 2081 711 2152 (l.
743 2079 860 2136 Cor.
894 2081 947 2138 9.
991 2081 1104 2150 Ξῖ).
1145 2083 1275 2137 Nam
1316 2085 1360 2138 si
1406 2100 1524 2153 qua:
1563 2086 1627 2140 ad
1661 2088 1818 2141 vitam
1859 2087 1994 2144 hanc

423 2172 720 2240 pertinent,
762 2175 878 2227 sine
921 2173 1112 2228 timore
1156 2184 1298 2229 recte
1341 2177 1541 2245 acquiri
1588 2192 1690 2231 non
1735 2190 1990 2247 possunt,

419 2273 616 2332 quanto
644 2265 817 2318 minus
844 2265 1179 2333 spirintalia?
1207 2265 1301 2321 Dic
1326 2268 1489 2330 enim,
1521 2269 1640 2338 quis
1671 2269 1854 2325 literas
1877 2272 1993 2328 sine

422 2357 612 2408 timore
637 2353 861 2409 didicit?
889 2356 1008 2425 quis
1037 2366 1206 2411 artem
1240 2359 1408 2412 tenuit
1437 2360 1554 2414 sine
1584 2361 1812 2416 timore?
1839 2363 1991 2431 Quod

418 2445 465 2500 si
505 2444 594 2498 ubi
635 2461 738 2498 non
784 2447 1026 2502 imminet
1061 2447 1340 2512 diabolus,
1373 2449 1466 2504 sed
1512 2453 1625 2506 sola
1671 2453 1990 2523 negligentia

421 2537 802 2608 impedintento
839 2547 959 2603 est,
991 2548 1140 2594 tanto
1179 2555 1314 2610 opus
1359 2553 1440 2597 est
1481 2543 1665 2599 labore
1687 2586 1701 2608 ,
1732 2555 1789 2599 nt
1824 2548 1990 2600 solam

418 2627 562 2682 illam
592 2628 886 2682 naturalem
918 2630 1290 2700 negligentiam
1322 2631 1597 2688 vincamus
1627 2650 1640 2687 :
1667 2635 1753 2688 ubi
1786 2645 1989 2690 tantum

418 2718 687 2788 impendet
716 2719 910 2773 bellum
935 2760 950 2784 ,
984 2728 1126 2773 tanta
1159 2720 1538 2792 impedimenta
1564 2765 1579 2788 ,
1613 2725 1700 2793 qui
1732 2727 1844 2780 lieri
1875 2743 1992 2780 um-

415 2823 573 2878 quam
604 2809 798 2878 poterit
827 2818 882 2863 ιιι
919 2810 1035 2864 sine
1063 2811 1254 2864 timore
1292 2811 1517 2866 salutem
1559 2819 1992 2885 consequamur?

416 2899 522 2955 Sed
560 2915 662 2970 qua
705 2902 910 2955 ratione
952 2901 1036 2956 hic
1081 2903 1130 2955 in
1164 2903 1318 2957 nobis
1359 2904 1678 2960 excitabitur
1709 2909 1901 2962 timor?
1934 2911 1988 2965 Si

417 2994 544 3047 illud
583 2993 635 3047 in
674 2994 853 3047 animo
892 2993 1234 3049 habuerimus
1257 3033 1274 3062 ,
1307 2997 1503 3065 ubique
1541 2999 1732 3053 adesse
1779 2999 1945 3054 Detnn
1971 3044 1988 3068 ,

416 3083 592 3136 munia
617 3082 820 3148 audire,
849 3084 1027 3137 ιιιιιιιίιι
1056 3084 1258 3150 videre,
1288 3102 1390 3138 non
1419 3101 1479 3140 ca
1509 3087 1683 3141 solum
1710 3103 1828 3157 qua:
1858 3089 1990 3145 [luat

415 3181 506 3226 aut
532 3173 782 3227 dicuntur
804 3215 820 3239 ,
851 3175 944 3228 sed
972 3174 1130 3228 etiam
1158 3191 1277 3245 qua:
1323 3177 1372 3230 in
1411 3177 1663 3233 cordibus
1691 3188 1744 3234 et
1775 3196 1989 3237 recessu

417 3264 611 3318 tuentis
639 3263 804 3318 latent
833 3283 847 3317 ε
881 3262 1136 3320 Discretor
1165 3269 1297 3320 enim
1336 3280 1409 3321 est
1438 3271 1798 3339 cogitationum
1826 3282 1874 3325 et
1903 3272 1987 3325 in-

414 3354 687 3408 tentioaum
712 3355 878 3408 cordis
907 3353 1091 3424 (ηοω.
1115 3357 1191 3415 4).
1227 3357 1285 3412 Si
1325 3359 1393 3412 ita
1427 3374 1523 3413 nos
1551 3360 1694 3429 ipsos
1722 3377 1989 3432 prmpara-

415 3447 670 3512 verimus,
691 3447 818 3502 nihil
838 3465 958 3503 cum
978 3449 1317 3519 improbitate
1341 3452 1680 3520 conjunctum
1709 3453 1988 3525 laicientus,

415 3538 547 3593 nihil
572 3537 813 3594 dicemus
837 3580 852 3604 ,
883 3539 1013 3596 nihil
1041 3539 1416 3609 cogitabimus.
1453 3543 1544 3598 Die
1568 3543 1712 3598 enim
1744 3545 1872 3600 tnilti
1897 3587 1913 3612 ,
1942 3545 1988 3601 si

415 3629 507 3683 tibi
537 3639 794 3699 perpetuo
825 3629 876 3684 in
913 3640 1202 3699 conspectu
1233 3632 1488 3702 principis
1527 3633 1777 3689 standum
1805 3645 1947 3690 esset
1971 3677 1986 3699 .

415 3733 590 3776 nonne
634 3737 757 3776 cum
797 3721 988 3777 timore
1030 3724 1239 3778 stares?
1283 3725 1348 3778 Et
1377 3725 1464 3794 qui
1507 3725 1586 3792 lit,
1619 3735 1677 3780 ut
1713 3743 1834 3782 cum
1883 3729 1990 3782 Deo

413 3812 615 3876 adstes,
645 3813 819 3866 ridi-as
843 3823 895 3866 et
920 3813 1166 3868 osciteris
1187 3855 1201 3880 ,
1234 3831 1333 3870 nec
1364 3817 1552 3872 tin‘teas
1579 3833 1750 3886 neque
1775 3828 1990 3874 contre-

415 3903 609 3957 tnlscas
629 3902 654 3955 ?
672 3901 1012 3958 Toleratione
1033 3904 1174 3958 illius
1202 3920 1297 3975 per
1323 3917 1688 3977 contemptum
1722 3923 1788 3962 ne
1817 3909 1991 3964 abuti-

414 4001 499 4046 tor
523 4010 534 4044 :
560 3991 678 4047 ideo
707 3993 849 4048 enim
877 4005 1156 4050 cunctatur
1179 4035 1200 4061 ,.
1226 4004 1281 4049 ut
1313 4006 1365 4051 te
1393 3997 1458 4051 ad
1495 3999 1858 4066 paenitentiam
1890 4001 1988 4055 ad-

414 4084 610 4140 durat:
638 4100 808 4155 neque
845 4101 967 4141 cum
1007 4087 1217 4156 quidvis
1258 4086 1350 4142 tibi
1395 4087 1696 4144 faciendum
1740 4101 1841 4158 est,
1875 4093 1992 4148 sine

416 4176 514 4230 hac
538 4178 857 4247 cogitatione
899 4175 1076 4235 facere
1104 4179 1382 4234 adduearis
1405 4222 1419 4246 ,
1448 4183 1696 4238 omnibus
1728 4185 1880 4240 lactis
1905 4186 1990 4240 in-

417 4276 620 4324 teresse
668 4269 870 4332 Deum;
921 4269 1144 4326 interest
1195 4272 1336 4326 ettim
1388 4273 1630 4328 omnino.
1683 4275 1826 4346 Ergo
1877 4277 1991 4332 sive

413 4361 684 4427 comedas,
713 4361 826 4415 sive
860 4360 1146 4416 dormitum
1177 4378 1289 4429 eas,
1320 4365 1434 4421 sive
1466 4367 1731 4432 irascaris,
1761 4368 1874 4423 sive
1901 4384 1988 4421 ra-

415 4451 549 4520 pias,
580 4453 692 4507 sive
718 4452 771 4507 in
799 4452 1004 4507 deliciis
1030 4467 1178 4523 agas,
1209 4453 1322 4510 sive
1349 4455 1561 4526 quidvis
1597 4458 1742 4512 aliud
1783 4458 1946 4513 facias
1970 4498 1987 4525 ,

413 4545 576 4599 crede
603 4545 863 4601 interesse
891 4547 1077 4613 Deum,
1099 4562 1162 4602 ac
1186 4563 1473 4618 numquam
1495 4549 1546 4602 in
1573 4549 1736 4603 risum
1760 4550 1986 4616 incides,

417 4651 703 4705 munquam
730 4638 806 4691 ira
828 4639 1157 4694 accenderis.
1179 4638 1235 4695 Si
1263 4640 1399 4694 hanc
1421 4649 1677 4710 perpetuo
1703 4641 1989 4696 retinueris

415 4725 825 4797 Cogitationem,
865 4739 1122 4799 perpetuo
1162 4731 1212 4784 in
1243 4733 1435 4784 timore
1475 4746 1536 4785 ac
1582 4738 1815 4785 tremore
1847 4731 1988 4797 eris;

415 4820 614 4889 quippe
656 4819 745 4889 qui
790 4821 841 4874 in
882 4833 1170 4891 conspectu
1217 4821 1378 4886 Regis
1407 4821 1604 4876 adstes.
1637 4820 1990 4887 1Edilicator,

413 4911 624 4965 etiamsi
651 4909 786 4965 bene
812 4913 1014 4981 peritus
1040 4913 1109 4965 sit
1138 4927 1202 4966 ae
1225 4911 1395 4968 bonus
1419 4914 1629 4978 artifex,
1653 4930 1775 4968 cum
1803 4914 1994 4971 timore

416 5013 598 5059 tamen
624 5018 688 5058 ac
713 5012 944 5058 tremore
973 5013 1079 5057 stat
1104 5013 1348 5060 metuens
1364 5045 1379 5070 ,
1408 5020 1476 5060 ne
1500 5005 1568 5060 ab
1593 5005 1822 5060 tediiicio
1845 5006 1993 5060 deci-

419 5093 531 5150 dat.
567 5094 708 5164 Ergo
736 5102 791 5148 et
816 5102 870 5147 tu
910 5094 999 5160 qui
1028 5095 1321 5158 credidisti,
1357 5095 1536 5150 multis
1564 5095 1773 5150 virtutis
1801 5095 1994 5151 olliciis

416 5186 634 5240 functus
651 5201 732 5251 es,
750 5184 816 5240 ad
837 5187 1109 5241 excelsum
1130 5187 1410 5258 quemdam
1433 5187 1652 5257 gradum
1675 5186 1991 5257 pervenisti,

418 5286 472 5332 te
500 5278 673 5348 ipsum
703 5279 754 5333 in
783 5289 897 5334 tuto
923 5280 1139 5336 contine
1159 5322 1174 5343 ,
1206 5289 1260 5334 et
1286 5296 1407 5336 cum
1447 5281 1637 5337 timore
1665 5292 1744 5337 sta
1770 5323 1786 5349 ,
1829 5290 1991 5351 atque

413 5370 604 5424 oeuios
629 5373 814 5440 aperi,
847 5389 914 5428 ne
941 5372 1062 5428 inde
1088 5371 1304 5428 decidas
1328 5391 1343 5428 :
1367 5373 1526 5428 multa
1556 5374 1698 5428 enim
1728 5382 1851 5427 sunt
1879 5373 1994 5443 spi-

419 5459 629 5514 ritualia
655 5461 744 5515 illa
773 5464 1040 5532 nequitize,
1070 5479 1189 5534 quze
1218 5464 1268 5519 id
1298 5466 1534 5531 student,
1562 5475 1619 5520 ιιι
1641 5475 1692 5520 te
1718 5465 1990 5534 dejiciaut.

421 5551 633 5617 Servite,
659 5553 863 5623 inquit,
889 5555 1104 5610 Domino
1137 5557 1190 5610 in
1223 5558 1400 5612 liotore
1419 5597 1434 5622 ,
1461 5568 1508 5612 et
1535 5558 1782 5613 exsultate
1809 5558 1854 5611 ei
1878 5574 1993 5611 cum

419 5657 636 5698 tremore
663 5645 834 5714 (I’sal.
863 5647 922 5698 2.
954 5648 1060 5718 ll).
1096 5647 1162 5702 Et
1186 5665 1428 5716 quzcnam
1458 5666 1577 5705 esse
1607 5659 1781 5719 potest
1809 5650 1990 5705 exsul-

422 5734 552 5790 tatio
577 5751 697 5791 cum
721 5738 988 5794 tremore?
1011 5738 1138 5810 quin
1169 5737 1280 5795 haec
1304 5737 1416 5809 ipsa
1442 5741 1552 5796 sola
1579 5751 1658 5797 est
1685 5742 1989 5798 exsultatio.

1103 324 1161 380 S.
1202 321 1474 379 J().\=.\'.\'IS
1511 319 1972 377 CllllYSOSTOlll
2015 319 2328 375 ARCIHEP.
2370 320 2904 378 CONSTANTINOP.

3587 328 3694 384 230

2112 434 2241 488 Nam
2272 435 2483 505 quando
2507 437 2719 505 aliquod
2745 439 2954 492 virtutis
2975 436 3230 503 ol‘lit-iom,
3255 455 3317 494 ac
3341 440 3452 498 tale
3469 458 3692 500 aninmo

2105 527 2374 595 quidpiam
2403 528 2830 595 pra-stiteritnus,
2854 529 3012 598 quale
3040 540 3458 586 consentaneum
3483 547 3563 588 est
3593 551 3688 592 eos

2108 626 2395 687 pra-stare,
2437 619 2527 687 qui
2572 628 2860 673 tri-morem
2893 621 2944 672 in
2977 619 3221 675 faciendo
3246 622 3540 689 adhibent;
3574 635 3686 682 tum

2107 709 2279 760 solum
2310 708 2625 778 gaudemus.
2663 709 2786 763 Cum
2813 711 2992 764 timore
3021 722 3066 764 ot
3094 722 3310 767 tremore
3351 726 3565 769 vestram
3603 735 3687 772 sa-

2104 797 2255 850 lutent
2306 800 2606 868 operamini.
2653 800 2768 854 Non
2807 801 2941 855 dixit
2983 810 3207 868 Lmtnm,
3253 810 3522 873 ὒρ-ιέιζισοι,
3567 809 3686 873 sed,

2103 895 2431 958 mag-piguit:
2453 908 2466 943 :
2489 891 2538 943 id
2566 901 2678 956 est,
2707 907 2812 944 non
2840 892 3028 960 quovis
3056 894 3214 947 modo
3243 897 3564 963 operamini,
3591 902 3688 952 sed

2103 991 2350 1036 accurate
2399 997 2696 1051 mag-noque
2754 998 2874 1037 enm
2934 984 3112 1038 studio
3163 987 3481 1054 operamini.
3537 989 3683 1055 Quo-

2105 1071 2244 1126 niam
2279 1088 2406 1128 vero
2434 1074 2587 1136 dixit,
2621 1074 2746 1127 Cum
2773 1075 2950 1129 timore
2978 1085 3025 1129 ct
3053 1085 3287 1144 tremore,
3324 1095 3387 1132 ac
3431 1080 3685 1134 sollicitu-

2101 1162 2279 1216 dinem
2307 1164 2505 1233 injecit,
2529 1165 2650 1219 vide
2669 1165 2938 1234 quomodo
2965 1166 3104 1220 illam
3129 1168 3354 1236 mitiget.
3381 1169 3516 1235 Quid
3541 1172 3688 1226 enim

2101 1252 2210 1305 ait?
2241 1251 2377 1307 Deus
2397 1265 2467 1308 est
2488 1256 2576 1322 qui
2602 1265 2844 1316 operatur
2862 1255 2912 1308 in
2935 1257 3096 1311 vobis.
3120 1257 3195 1312 Ne
3217 1258 3344 1312 illud
3371 1260 3460 1314 tibi
3485 1271 3683 1314 metunt

2103 1344 2342 1410 incutiat,
2361 1346 2501 1416 quod
2525 1347 2659 1399 dixit
2689 1365 2702 1400 :
2725 1345 2852 1401 Cant
2881 1347 3058 1400 timore
3078 1357 3124 1401 et
3140 1357 3353 1402 tremore
3375 1365 3393 1404 :
3414 1367 3519 1404 non
3542 1351 3686 1406 enim

2103 1435 2224 1490 ideo
2251 1436 2360 1491 dixi
2387 1443 2491 1503 ,ιιι
2515 1436 2800 1507 desperes,
2851 1448 2906 1492 ut
2944 1439 3194 1493 virtutem
3233 1439 3506 1496 dillicilem
3537 1441 3686 1496 aditu

2103 1539 2259 1598 putes
2279 1570 2295 1594 ,
2342 1530 2436 1584 sed
2466 1539 2522 1582 ut
2553 1539 2786 1584 mentem
2814 1530 3073 1584 adhibeas
3097 1570 3113 1596 ,
3141 1546 3202 1584 ac
3229 1547 3297 1586 ne
3326 1541 3376 1585 te
3403 1533 3575 1600 ipsum
3601 1549 3687 1588 re—

2103 1620 2284 1673 mittas
2309 1621 2460 1689 quasi
2503 1619 2743 1674 fatiscas.
2787 1619 2843 1674 Si
2891 1620 2996 1675 hoc
3027 1621 3270 1676 attuleris
3297 1664 3310 1688 ,
3345 1623 3483 1678 Deus
3505 1624 3687 1677 omnia

2101 1711 2411 1778 operabitur
2429 1728 2443 1766 :
2463 1721 2516 1764 ιιι
2541 1711 2823 1766 conﬁdito:
2843 1711 2976 1766 Deus
2991 1713 3121 1766 enim
3140 1722 3230 1774 est,
3255 1714 3341 1782 qui
3362 1725 3602 1783 operatur
3625 1716 3678 1768 in

2103 1802 2257 1854 vobis.
2294 1802 2433 1871 Ergo
2461 1805 2506 1856 si
2545 1802 2658 1871 ipse
2694 1813 2970 1871 operatur,
3017 1819 3114 1858 nos
3146 1806 3469 1859 voluntatem
3515 1807 3682 1876 ipsam

2102 1892 2311 1960 penitus
2340 1892 2793 1947 obsecundantem
2835 1909 2943 1949 non
2991 1895 3291 1961 remissam,
3337 1895 3431 1950 sed
3473 1897 3526 1950 in
3563 1912 3684 1952 sese

2099 1983 2378 2036 collectam
2420 1983 2771 2037 exhibeamns
2816 1993 3028 2052 oportet
3059 2003 3073 2038 :
3107 1984 3245 2039 Deus
3285 1987 3416 2039 enim
3463 1998 3556 2050 est,
3598 1989 3685 2058 qui

2100 2085 2340 2142 operatur
2363 2075 2413 2128 in
2440 2075 2576 2128 vobis
2609 2085 2656 2129 et
2684 2077 2810 2130 velle
2849 2087 2894 2129 et
2941 2079 3163 2146 aperari.
3193 2078 3245 2133 Si
3280 2079 3418 2132 Deus
3446 2068 3559 2141 est,
3591 2080 3684 2149 qni

2102 2167 2153 2220 in
2183 2167 2342 2222 nobis
2370 2166 2472 2220 boe
2497 2177 2753 2236 operatur
2775 2209 2790 2232 ,
2817 2177 2874 2222 ut
2903 2169 3126 2223 velimus
3145 2209 3162 2232 ,
3190 2184 3286 2223 cur
3310 2186 3406 2224 nos
3433 2170 3683 2224 cohorta-

2101 2259 2230 2312 tur?
2262 2257 2390 2312 Nam
2436 2259 2479 2313 si
2530 2260 2641 2328 ipse
2671 2268 2774 2325 est,
2821 2260 2909 2329 qui
2959 2272 3015 2314 ut
3053 2261 3280 2314 velimus
3312 2261 3460 2327 facit,
3489 2263 3682 2318 frustra

2079 2350 2254 2403 .nobis
2283 2349 2436 2414 dicis,
2469 2347 2760 2414 Ubt'distis;
2793 2365 2898 2402 non
2922 2351 3063 2404 enim
3096 2367 3192 2403 nos
3215 2367 3398 2406 sumus
3428 2354 3516 2420 qni
3549 2354 3680 2408 obe-

2098 2438 2308 2494 dimus:
2333 2440 2522 2494 frustra
2549 2439 2784 2504 dicis,ln
2811 2441 2990 2494 timore
3011 2451 3056 2494 et
3077 2451 3291 2494 tremore
3306 2459 3325 2506 ;
3352 2451 3518 2496 totum
3538 2445 3681 2498 enim

2101 2531 2194 2586 Dei
2224 2540 2332 2585 est.
2357 2530 2570 2584 Minime
2601 2546 2727 2585 vero
2755 2531 2856 2584 huc
2874 2541 3126 2600 spectans
3150 2532 3247 2585 ista
3277 2533 3436 2586 verba
3463 2534 3677 2600 protuli,

2098 2623 2238 2680 Deus
2257 2635 2330 2679 est
2351 2625 2436 2694 qui
2451 2633 2689 2692 operatur
2709 2635 2755 2678 et
2777 2625 2902 2678 velle
2919 2635 2966 2677 et
2993 2625 3194 2694 operari
3213 2639 3231 2687 ,'
3254 2623 3346 2680 sed
3371 2635 3425 2678 nt
3453 2637 3681 2680 vestram

2097 2717 2509 2771 sollicitudinem
2535 2716 2803 2771 sedarent.
2835 2716 2889 2772 Si
2921 2718 3178 2782 volueris,
3210 2728 3332 2772 tunc
3351 2720 3680 2786 operabitur,

2099 2817 2157 2862 ut
2183 2808 2329 2862 velis.
2357 2806 2422 2861 Et
2451 2809 2860 2876 prepcnsionem
2904 2808 3190 2864 voluntatis
3238 2827 3305 2863 ne
3356 2823 3564 2864 metuas
3589 2853 3604 2876 ,
3625 2823 3679 2865 ct

2099 2898 2227 2952 nihil
2255 2911 2413 2966 agas:
2437 2895 2550 2966 ipse
2568 2896 2721 2951 nobis
2745 2897 2836 2952 dat
2861 2906 2916 2951 et
2939 2899 3326 2966 operationem.
3351 2898 3560 2952 Etenim
3589 2900 3676 2954 ubi

2097 2988 2445 3051 voluerimus,
2473 2987 2689 3057 augebit
2711 2988 3123 3057 propensionem
3151 2989 3470 3044 voluntatis:
3497 2991 3680 3055 veluti,

2099 3082 2218 3134 volo
2250 3079 2372 3134 boui
2398 3080 2598 3149 aliquid
2648 3081 2902 3150 operari;
2945 3091 3200 3150 operatur
3239 3082 3408 3151 ipsum
3442 3082 3636 3136 bonutn
3661 3120 3680 3148 ο

2096 3180 2347 3239 Operatur
2374 3185 2468 3240 per
2509 3169 2684 3240 ipsum
2724 3172 2888 3225 etiam
2925 3172 3086 3226 velle.
3114 3173 3220 3226 Aut
3253 3188 3318 3226 ex
3361 3173 3681 3226 abundantia

2099 3262 2310 3331 pietatis
2337 3261 2437 3316 hoc
2466 3262 2655 3330 inquit.
2684 3262 3133 3332 quemadmodum
3167 3279 3288 3318 cum
3321 3274 3503 3318 nostra
3533 3276 3682 3320 recte

2097 3352 2235 3406 facta
2253 3393 2266 3416 ,
2295 3352 2616 3407 charismata
2645 3353 2900 3422 appellat.

2163 3443 2218 3497 2.
2259 3441 2408 3498 Sicut
2435 3442 2593 3510 igitur
2623 3443 2708 3498 illa
2736 3444 3016 3499 nominans
3043 3444 3384 3512 charismata,
3409 3463 3515 3501 non
3540 3463 3670 3517 pro-

2097 3541 2278 3602 ptcrea
2302 3549 2399 3588 nos
2441 3533 2622 3602 dcjicit
2648 3534 2714 3589 de
2756 3535 2910 3590 liberi
2938 3536 3145 3590 arbitrii
3179 3538 3516 3605 possessione
3537 3580 3550 3601 ,
3583 3541 3680 3595 scd

2098 3627 2234 3681 hanc
2271 3628 2436 3696 ipsam
2482 3626 2705 3682 liberant
2745 3643 2810 3683 ac
2853 3629 2934 3682 sui
2974 3628 3112 3697 juris
3158 3640 3474 3699 potestatem
3525 3631 3682 3684 uoltis

2097 3718 2356 3787 permittit
2387 3737 2399 3772 :
2431 3717 2501 3773 ita
2528 3734 2650 3772 cum
2679 3718 2848 3789 inquit
2877 3719 3038 3773 Deum
3061 3734 3203 3785 esse,
3229 3723 3316 3788 qui
3347 3730 3602 3788 Operatur
3627 3722 3680 3774 in

2097 3811 2252 3865 nobis
2296 3810 2451 3875 velle,
2502 3811 2721 3864 minime
2767 3825 2867 3864 nos
2893 3810 3064 3865 libero
3091 3811 3313 3866 arbitrio
3343 3813 3552 3881 privat;
3583 3813 3681 3866 sed

2096 3902 2332 3956 ostendit
2359 3911 2506 3958 recte
2555 3902 2800 3957 faciendo
2846 3919 3093 3973 magnam
3123 3918 3221 3958 nos
3247 3905 3522 3975 acquirere
3549 3921 3674 3975 pro-

2099 3994 2406 4064 pensionem
2451 3993 2518 4047 ad
2569 3994 2878 4050 volendum.
2927 3996 3060 4050 Nam
3107 3997 3553 4066 quemadmodmn
3599 3999 3681 4052 la-

2097 4086 2288 4140 ciendo
2309 4085 2435 4141 illud
2465 4089 2866 4157 consequimur,
2905 4098 2960 4142 ut
2989 4087 3244 4144 faciamus
3275 4107 3287 4144 :
3324 4091 3390 4144 ita
3443 4108 3551 4145 non
3599 4093 3679 4145 fa-

2097 4179 2290 4234 ciendo
2334 4178 2435 4234 hoc
2477 4190 2838 4249 comparatur,
2889 4189 2948 4236 ut
2996 4198 3101 4237 non
3155 4183 3430 4238 faciamus.
3478 4185 3682 4238 Dedisti

2097 4271 2534 4341 eli-emo-ynatn?
2561 4279 2613 4325 te
2653 4271 2824 4341 ipsmn
2857 4274 3026 4343 magis
3067 4274 3297 4328 incitasti
3328 4274 3392 4327 ad
3420 4274 3685 4330 dandum.

2098 4359 2214 4414 Non
2261 4360 2495 4416 dedisti?
2531 4362 2698 4430 magis
2747 4372 2798 4417 te
2835 4363 2903 4418 ad
2954 4366 3306 4420 cessationem
3334 4367 3683 4434 comparasti.

2099 4451 2382 4522 Sapienter
2406 4454 2561 4523 egisti
2586 4469 2692 4508 uno
2719 4455 2846 4510 die?
2870 4455 3038 4512 babes
3064 4457 3508 4523 incitamentum,
3541 4469 3600 4514 ut
3633 4462 3686 4516 in

2099 4545 2270 4599 altero
2285 4545 2529 4600 similiter
2543 4560 2690 4616 agas.
2709 4545 2999 4616 Neglexisti
3012 4550 3037 4602 ’ἰ
3056 4549 3248 4603 auxisti
3267 4550 3647 4620 negligentiam
3670 4570 3686 4606 :

2099 4637 2301 4708 Impius
2320 4638 2484 4702 enim,
2520 4638 2710 4708 inquit,
2742 4655 2856 4692 cum
2885 4641 2938 4694 in
2966 4642 3277 4712 profundum
3307 4645 3493 4696 venerit
3520 4644 3690 4697 initlo-

2099 4747 2232 4796 rum,
2263 4732 2531 4785 contemnit
2558 4730 2741 4800 (I’rov.
2779 4734 2865 4787 l3.
2897 4731 2974 4806 5).
3009 4734 3470 4800 Quemadmodum
3501 4737 3688 4805 igitur,

2101 4821 2192 4891 qui
2228 4821 2280 4875 in
2322 4821 2582 4876 malorum
2627 4823 2948 4892 profundum
2998 4823 3296 4890 descendit,
3336 4829 3635 4881 contemnit
3670 4843 3686 4881 :

2101 4913 2172 4967 ita
2202 4913 2293 4983 qni
2321 4913 2371 4967 in
2402 4914 2721 4982 profundum
2762 4915 3023 4971 bonorum
3068 4917 3208 4972 venit
3230 4959 3244 4980 ,
3273 4918 3516 4973 studiose
3551 4919 3687 4988 agit.

2103 5003 2234 5058 Nam
2266 5014 2324 5059 nt
2353 5005 2444 5060 ille
2475 5005 2852 5074 desperatione
2877 5009 3228 5078 negligentior
3258 5011 3336 5075 lit,
3369 5010 3439 5063 ita
3468 5009 3554 5064 hic
3582 5011 3689 5065 bo-

2103 5112 2291 5151 norum
2336 5098 2542 5166 copiam
2596 5113 2777 5152 secum
2832 5101 3092 5169 cogitans,
3144 5101 3448 5170 diligentior
3493 5101 3572 5164 lit,
3620 5116 3692 5157 ne

2106 5197 2272 5243 totum
2299 5189 2505 5258 perdat.
2543 5188 2648 5244 Pro
2678 5191 2810 5244 bona
2831 5192 3107 5253 voluntate.
3131 5191 3299 5262 inquit
3330 5209 3342 5245 :
3373 5191 3426 5246 id
3453 5200 3536 5246 est
3557 5207 3692 5261 pro.

2103 5291 2222 5351 pter
2245 5281 2544 5342 caritatem,
2578 5290 2635 5336 ιιι
2671 5283 2782 5337 Deo
2811 5283 3084 5352 placeatis,
3117 5293 3173 5337 ut
3199 5299 3318 5353 quae
3340 5284 3414 5336 illi
3446 5284 3692 5352 probau-

2107 5380 2192 5424 tur
2213 5387 2437 5440 ιιιιίιιιιιιο
2480 5371 2622 5425 illius
2651 5373 2910 5428 Voluntati
2941 5383 3304 5428 consentanea
3347 5383 3503 5438 sunt,
3532 5375 3691 5428 liant.

2108 5460 2218 5515 lloc
2249 5461 2366 5515 loco
2395 5460 2650 5527 ostendit,
2696 5471 2752 5516 et
2792 5462 3038 5517 ﬁduciam
3083 5463 3196 5526 dat,
3244 5464 3356 5518 lore
3385 5465 3609 5516 omnino
3632 5473 3696 5518 ut

2107 5551 2246 5607 Deus
2273 5563 2544 5623 operetur.
2565 5555 2684 5608 \‘nlt
2711 5554 2852 5608 enim
2886 5570 2983 5610 nos
3011 5556 3078 5609 ita
3108 5565 3162 5608 ut
3192 5555 3304 5623 ipse
3321 5556 3449 5618 vult,
3476 5555 3693 5610 vivere.

2105 5643 2257 5709 Quod
2286 5644 2329 5698 si
2365 5643 2503 5698 Deus
2529 5645 2660 5710 vult,
2691 5644 2820 5699 illud
2863 5655 3046 5700 autem
3075 5646 3216 5715 quod
3245 5647 3377 5712 vult,
3412 5647 3524 5715 ipse
3552 5661 3694 5715 ope-

2109 5755 2276 5814 tatur,
2306 5755 2454 5800 certe
2500 5743 2599 5800 hoc
2628 5759 2839 5814 quoque
2875 5744 3185 5815 operabitur
3209 5758 3270 5798 ac
3303 5741 3597 5814 pratstabit,
3637 5748 3698 5796 ut

3749 3975 3776 4001 ο
