4014 6200
441 283 539 336 ‘2“

444 399 494 450 εἱ
522 395 598 468 μὴ
626 394 807 461 τοῦτο,
836 395 1173 466 γογγυσμὸν,
1194 395 1251 467 ἦ,
1277 397 1325 449 εἰ
1361 394 1530 467 μηδὲν
1552 393 1781 457 τούτων,
1811 392 2026 465 διάκρι-

445 494 699 565 σιν.“Ορα
726 492 908 546 τοίνυν
943 492 1059 557 πῶς
1085 492 1227 546 αύτά
1249 491 1572 563 ἐκκαθαίρει
1593 493 1621 544 6
1643 491 1873 556 Παῦλος.
1891 486 2026 545 Εἶπε

445 589 574 658 περὶ
620 590 720 660 τῆς
755 587 1254 661 ταπεινοφροσύνης
1302 589 1514 659 ὅσαπερ
1551 583 1741 652 εἶπεν,
1786 586 2028 658 ἀναιρῶν

444 685 702 739 ἀπόνοιαν
727 702 742 715 ·
792 681 915 741 εἷπε
958 688 1088 757 περὶ
1137 687 1237 757 τῆς
1280 686 1605 753 κενοδοξίας,
1638 686 1938 740 κατασπῶν
1972 686 2031 740 τὸ

448 783 678 855 φύσημα
694 800 707 815 ·
736 784 832 838 καὶ
857 782 1092 855 ἀλλαχοῦ
1123 783 1243 855 μὲν,
1271 782 1370 853 Μὴ
1387 785 1458 838 ἐν
1482 783 1556 853 τῇ
1589 786 1893 853 παρουσίᾳ
1910 801 2035 854 μου

441 883 670 951 μόνον·
704 881 851 950 λέγει
884 881 942 936 δὲ
980 880 1217 936 ἐνταῦθα
1265 884 1397 954 περὶ
1445 881 1537 936 τοῦ
1587 882 1905 953 γογγυσμοῦ
1937 882 2037 936 καὶ

444 977 539 1030 τοῦ
568 976 930 1049 διακριτικοῦ.
974 978 1039 1030 Τί
1081 978 1280 1050 δήποτε
1320 978 1378 1032 δὲ
1416 979 1510 1032 ἐπὶ
1546 980 1645 1049 μὲν
1676 978 1786 1033 τῶν
1830 981 2033 1050 Κοριν-

446 1072 579 1127 θίων
608 1072 766 1127 τοῦτο
797 1073 860 1126 τὸ
905 1073 1078 1137 πάθος
1106 1075 1367 1146 ἀναιρῶν,
1395 1075 1770 1146 ἐμνημόνευσε
1801 1077 1895 1130 καὶ
1926 1075 2037 1129 τῶν

458 1169 829 1242 Ἰσραηλιτῶν,
859 1170 1094 1225 ἐνταῦθα
1132 1171 1191 1225 δὲ
1230 1172 1379 1225 οὐδὲν
1419 1172 1659 1228 τοιοῦτον
1700 1168 1873 1238 εἶπεν,
1909 1174 2036 1228 ἀλλ’

446 1266 637 1332 ἁπλῶς
670 1267 965 1335 ἐπέταξδν;
998 1269 1124 1322 Ὅτι
1153 1270 1270 1323 ἐκεῖ
1302 1269 1400 1341 μὲν
1439 1270 1731 1341 γενόμενον
1752 1272 1853 1343 ἤδη
1879 1270 2037 1326 τοῦτο

445 1358 543 1434 ἦν·
581 1363 662 1418 διδ
692 1365 789 1419 καὶ
820 1365 1184 1438 σφοδροτέρας
1219 1367 1439 1439 ἐδέησεν
1471 1367 1622 1439 αὐτῷ
1654 1369 1754 1440 τῆς
1800 1368 2034 1440 πληγῆς,

450 1462 543 1515 καὶ
593 1462 839 1532 μείζονος
886 1466 986 1533 τῆς
1032 1465 1436 1536 ἐπιτιμήσεως·
1485 1463 1723 1520 ἐνταῦθα
1781 1466 1861 1532 δὲ,
1897 1465 2037 1520 ῶστε

453 1557 528 1629 μὴ
562 1557 836 1626 γενέσθαι,
876 1561 1150 1631 παραινεῖ.
1176 1558 1315 1624 Τοὺς
1348 1556 1442 1614 οὖν
1478 1560 1692 1616 οὐδέπω
1727 1563 2038 1634 ἡμαρτηκό-

448 1671 549 1720 τας
583 1655 837 1726 περιττὸν
865 1650 934 1727 ἦν
965 1656 1413 1728 πληκτικώτερον
1440 1658 1840 1729 ἀσφαλίζεσθαι
1859 1676 1874 1691 ·
1914 1657 2039 1712 ἐπεὶ

449 1753 544 1806 καὶ
577 1752 659 1817 εἰς
684 1753 1186 1824 ταπεινοφροσύνην
1216 1755 1428 1824 ἐνάγων
1466 1755 1528 1809 οὐ
1560 1756 1874 1827 παρέθηκεν
1903 1756 2037 1810 ὑπόο

447 1850 649 1923 δειγμα
696 1851 757 1906 τὸ
787 1854 845 1907 ἐν
880 1851 962 1923 τῷ
997 1853 1338 1924 Εὗαγγελίῳ,
1373 1852 1504 1906 ἔνθα
1531 1854 1582 1906 οί
1612 1853 1870 1917 ἀλαζόνες
1912 1855 2037 1908 ἐκο-

447 1945 751 2021 λάσθησαν.
795 1950 910 2003 ἀλλ’
938 1950 1048 2004 ἀπὸ
1095 1948 1190 2003 τοῦ
1238 1949 1373 2003 Θεοῦ
1423 1948 1522 2019 τὴν
1574 1949 1896 2019 παραίνεσιν
1925 1952 2039 2004 είσ-

450 2047 648 2118 ήγαγε,
678 2047 775 2101 καὶ
807 2048 882 2111 ὼς
915 2047 1219 2118 ἐλευθέροις
1255 2045 1442 2109 αὐτοῖς
1483 2046 1814 2114 διαλέγεται,
1842 2047 1919 2112 ώς
1943 2052 2037 2103 τέ-

451 2156 598 2207 κνοις
619 2141 886 2214 γνησίοις,
919 2141 1017 2212 οὐχ
1043 2140 1119 2204 ώς
1140 2140 1401 2204 οἰκέταις.
1421 2139 1515 2194 Ἐν
1541 2141 1781 2211 γάρ“τοῖς
1811 2143 2038 2212 ἀγαθοῖς

449 2237 481 2289 6
515 2239 613 2307 μὲν
638 2236 935 2308 εὐγνώμων
967 2237 1062 2290 καὶ
1086 2238 1317 2308 εὐγενὴς
1347 2237 1458 2291 ἀπὸ
1485 2236 1594 2292 τῶν
1628 2237 2037 2311 κατορθούντων

452 2333 726 2401 ἐνάγεται,
772 2332 802 2384 6
845 2332 903 2386 δέ
944 2332 1215 2403 ἀγνώμων
1244 2334 1345 2387 οὐκ
1378 2334 1487 2388 ἀπὸ
1518 2334 1743 2401 τούτων,
1776 2335 1892 2389 ἀλλ’
1927 2336 2036 2390 ἀπὸ

448 2428 560 2482 τῶν
595 2428 1055 2500 τιμωρουμένων·
1106 2429 1315 2494 ἐκεῖνος
1345 2429 1454 2483 ἀπὸ
1503 2430 1606 2501 τῆς
1650 2430 1836 2502 τιμῆς,
1879 2426 2035 2496 οὗτος

451 2524 561 2579 ἀπὸ
585 2524 685 2597 τῆς
711 2524 1006 2588 κολάσεως.
1041 2524 1141 2579 Διά
1173 2524 1333 2579 τοῦτο
1364 2526 1460 2580 καὶ
1500 2526 1777 2597 Ἑϐραίοις
1803 2529 2032 2599 γράφων

450 2622 626 2702 ἔλεγε,
675 2621 767 2675 τὸν
807 2619 977 2675 Ἠσαῦ
1029 2621 1108 2685 εἰς
1162 2621 1326 2692 μέσον
1375 2622 1749 2694 παραγαγών,
1799 2623 1859 2687 ὃς
1913 2623 2035 2677 ἀντὶ

452 2718 712 2790 βρώσεως
741 2719 872 2787 μιᾶς
905 2717 1136 2771 ἀπέδοτο
1180 2718 1249 2772 τά
1289 2721 1636 2789 πρωτοτόκια
1663 2738 1677 2752 ·
1717 2722 1812 2774 καὶ
1847 2721 2031 2785 πάλιν,

462 2815 605 2870 Ἐὰν
642 2814 1097 2882 ὑποστείληται,
1129 2817 1241 2870 οὐκ
1267 2815 1511 2870 εὐδοκεῖ
1530 2818 1568 2885 ἠ
1594 2818 1764 2887 ψυχή
1803 2836 1923 2887 μου
1963 2818 2034 2872 ἐν

446 2907 626 2978 αὐτῷ.
666 2912 776 2966 Καὶ
825 2914 882 2966 ἐν
933 2914 1047 2976 τοῖς
1094 2896 1406 2983 Κορινθίοις
1457 2914 1516 2967 δὲ
1565 2914 1753 2968 πολλοὶ
1801 2911 1943 2986 ἦσαν
1983 2917 2032 2969 οἰ

447 3007 847 3080 πορνεύσαντες
869 3024 882 3037 ·
914 3008 1001 3060 διά
1024 3005 1183 3062 τοῦτο
1216 3006 1301 3061 ἕλε
1313 3025 1393 3076 γε,
1426 3008 1522 3077 Μὴ
1560 3010 1749 3065 πάλιν
1778 3011 2035 3066 ἐλθόντα

442 3121 521 3175 με
568 3103 718 3172 πρὸς
768 3101 922 3171 ὑμᾶς
969 3103 1308 3173 ταπεινώσῃ
1344 3108 1378 3160 ό
1415 3107 1558 3172 Θεός
1590 3124 1732 3176 μου,
1766 3106 1861 3160 καί
1894 3124 2035 3161 πεν-

451 3201 618 3270 θήσω
640 3201 913 3267 πολλοὺς
952 3199 1071 3255 τῶν
1091 3203 1640 3270 προημαρτηκότων
1684 3203 1782 3257 καί
1814 3202 1900 3273 μὴ
1928 3220 2035 3273 με·

447 3300 878 3366 τανοησὰντων
907 3298 1008 3352 ἐπὶ
1037 3298 1113 3369 τῇ
1146 3299 1482 3371 ἀκαθαρσίᾳ
1512 3302 1610 3356 καί
1654 3303 1903 3372 πορνείᾳ
1934 3304 2032 3357 καί

447 3394 757 3463 ἀσελγείᾳ.
797 3388 838 3466 ᾔ
866 3393 1301 3462 ἕπραξαν.“1να
1330 3396 1611 3466 γένησθε,
1636 3399 1821 3467 φησὶν,
1854 3399 2034 3470 ἄμεμ-

447 3505 584 3545 πτοι
623 3489 720 3545 καί
746 3489 1031 3559 ἀκέραιοι,
1060 3493 1356 3557 τουτέστιν,
1388 3493 1641 3563 ἄληπτοι,
1674 3495 1990 3568 εἰλικρινεῖς
2013 3513 2028 3528 ·

448 3588 510 3641 ού
539 3588 744 3659 μικράν
773 3587 882 3659 γάρ
919 3589 1185 3660 προσάγει
1205 3588 1358 3662 [259]
1378 3591 1570 3661 κηλῖδα
1585 3594 1613 3646 6
1630 3594 2034 3664 γογγυσμός.Τί

446 3681 504 3735 δέ
533 3684 671 3746 ἐστι,
702 3682 889 3750 Χωρίς
920 3683 1329 3754 διαλογισμῶν
1343 3702 1363 3750 ;
1388 3681 1496 3757 ἆρα
1518 3688 1701 3750 καλὸν,
1722 3684 1832 3757 ἄρα
1851 3689 1911 3742 οὗ
1934 3707 2035 3741 κα-

447 3776 572 3841 λόν;
598 3776 690 3845 Μὴ
718 3777 1103 3844 διαλογίζεσθε.
1132 3778 1285 3849 φησὶ,
1317 3780 1419 3833 κᾶν
1447 3781 1609 3844 πόνος
1638 3777 1694 3853 ᾗ.
1730 3782 1832 3836 κᾶν
1854 3784 2035 3853 κάμα-

448 3885 537 3933 τος
624 3869 726 3923 κᾶν
734 3868 931 3923 ότιοῦν.
947 3871 1061 3924 Οὐκ
1074 3867 1301 3935 εἶπεν,Ἷ
1306 3890 1372 3925 να
1385 3874 1459 3943 μὴ
1476 3875 1795 3945 κολασυῆτε·
1814 3878 2033 3942 κόλασις

448 3964 559 4035 γάρ
587 3963 874 4018 ἀπόκειται
902 3963 981 4034 τῷ
1019 3967 1336 4037 πράγματι·
1380 3968 1475 4022 καὶ
1513 3969 1670 4024 τοῦτο
1706 3972 1762 4024 ἐν
1804 3975 1869 4044 τῇ
1896 3973 2033 4044 πρὸς

449 4060 769 4133 Κορινθίους
794 4060 1062 4131 ἐδήλωσεν
1102 4062 1418 4136 Ἐπιστολῇ·
1452 4064 1569 4118 ἀλλ’
1599 4066 1829 4122 ἐνταῦθα
1881 4069 2032 4124 οὐδὲν

445 4156 688 4212 τοιοῦτον
723 4153 894 4219 εἶπεν,
918 4156 1194 4224 ἀλλ’,Ἵνα
1218 4158 1495 4229 γένησθε,
1522 4161 1706 4232 φησὶν,
1738 4162 2031 4233 ἄμεμπτοι

448 4255 547 4310 καὶ
567 4255 852 4322 ἀκέραιοι,
875 4254 1054 4309 τέκνα
1079 4256 1226 4310 Θεοῦ
1250 4257 1534 4326 ἀμώμητα
1553 4257 1799 4327 ἐνμέσῳ
1822 4257 2033 4330 γενεᾶς

443 4349 702 4417 σκολιᾶς
726 4350 821 4405 κίιί
853 4350 1344 4421 διεστραμμένης,
1380 4352 1451 4407 ἐν
1482 4348 1574 4420 οἷς
1605 4357 1914 4424 φαίνεσθε,
1945 4356 2027 4424 ὡς

442 4445 760 4517 φωστῆρες
792 4447 863 4501 ἐν
891 4450 1115 4516 κόσμῳ,
1147 4449 1336 4518 λόγον
1371 4447 1522 4518 ζωῆς
1563 4450 1905 4521 ἐπέχοντες,
1942 4457 2030 4521 εἰς

443 4544 726 4612 καύχημα
762 4541 888 4608 ἐιιοί
919 4545 1006 4611 εἰς
1038 4545 1267 4613 ἡμέραν
1304 4543 1579 4612 Χριστοῦ.
1598 4546 1760 4618 Ὁρᾷς
1789 4550 1870 4602 ὅτι
1902 4568 2029 4603 παι-ν

438 4634 588 4690 δεύει
619 4635 842 4701 τούτους
890 4638 964 4709 μὴ
1001 4638 1291 4708 γογγύζειν
1314 4656 1330 4705 ;
1356 4639 1519 4693 Ὥστε
1542 4641 1742 4696 δούλων
1779 4644 2028 4714 ἀγνωμό-

438 4750 552 4787 νων
598 4733 696 4788 καὶ
740 4734 1079 4806 ἀναισθήτων
1104 4737 1163 4791 τὸ
1201 4738 1511 4807 γογγύζειν.
1548 4741 1706 4804 Ποῖος
1743 4739 1873 4813 γάρ,
1902 4741 2025 4796 εἰπέ

443 4846 561 4899 μοι,
593 4828 707 4891 υἱὸς
739 4829 795 4881 ἐν
828 4832 941 4893 τοῖς
981 4830 1074 4884 τοῦ
1114 4833 1318 4904 πατρὸς
1347 4832 1542 4899 πονῶν,
1577 4834 1672 4889 καὶ
1714 4834 1893 4907 ἐαυτῷ
1926 4853 2027 4889 πο-

440 4923 553 4978 νῶν
582 4922 877 4993 γογγύζεις
926 4926 1229 4997 Ἐννόησον,
1256 4930 1445 4999 φησὶν,
1477 4931 1560 4985 ὅτι
1607 4931 1788 5002 σαυτῷ
1817 4934 2020 5002 πονεῖς,

440 5016 528 5074 δτι
547 5019 729 5092 σαυτῷ
754 5019 1029 5089 συνάγεις.
1046 5022 1296 5078 Ἐκείνων
1314 5023 1441 5079 ίδιον
1464 5025 1525 5080 τὸ
1543 5026 1774 5097 γογγύζε
1784 5046 1831 5082 ιν
1852 5030 2021 5107 ἐστὶν,

442 5114 573 5169 ὅταν
616 5116 827 5189 ἑτέροις
872 5115 1128 5184 πονῶσιν,
1158 5118 1286 5171 ὅταν
1324 5120 1533 5191 ἑτέροις
1559 5123 1859 5193 κάμνωσιν.
1877 5124 1934 5179 '0
1963 5126 2021 5179 δὶ

440 5209 624 5282 ἑαυτῷ
654 5212 946 5282 συλλέγων,
982 5213 1124 5277 τίνος
1150 5213 1336 5267 ἕνεκεν
1362 5216 1654 5285 γογγύζεις
1685 5220 1766 5272 ὅτι
1795 5221 1824 5274 6
1857 5220 2021 5275 πλοῦ-

443 5324 538 5372 τος
587 5311 752 5366 αὐτοῦ
793 5313 896 5367 οὐκ
939 5310 1197 5376 abierat;
1254 5312 1394 5366 Ἀλλ’
1435 5312 1536 5367 οὐκ
1589 5314 1704 5371 εστι
1751 5317 1927 5373 τοῦτο.
1962 5319 2020 5372 ’0

445 5403 628 5457 ἑκοντὶ
670 5408 763 5460 καὶ
809 5409 883 5478 μὴ
916 5410 1036 5461 κατ’
1072 5409 1318 5480 ἀνάγκην
1367 5408 1535 5463 ποιῶν
1552 5423 1602 5475 α,
1643 5412 1788 5477 τίνος
1835 5414 2020 5468 ἕνεκεν

439 5498 742 5570 τογγύζει;
785 5504 1003 5557 Βέλτιον
1053 5506 1219 5577 μηδὲν
1267 5507 1623 5578 ἐργάσασθαι,
1656 5509 1689 5582 ἢ
1723 5510 1860 5583 μετά
1888 5528 2018 5583 γογ..

500 5699 530 5733 ⁸
551 5701 837 5766 chcuuum
860 5706 1033 5765 πονῶν,
1062 5710 1232 5755 monet
1252 5705 1481 5756 Dunmus.

1083 281 1145 337 S.
1182 278 1471 337 JOANNIS
1508 276 2007 335 CHRYSOSTOSH
2047 275 2381 333 ARCHIEP.
2421 274 2984 350 CONSTANTINOP.

3605 281 3722 335 ΞΩ.

2128 390 2377 463 γυσμοῦ·
2424 390 2720 448 ἀπόλλυται
2766 391 2874 463 γάρ
2919 391 3017 446 καὶ
3061 390 3194 447 αὐτὸ
3233 391 3294 444 τὸ
3326 391 3715 464 γινόμενον.ἰι

2127 487 2226 558 οὐχ
2267 488 2422 560 ὁρᾷς,
2449 489 2531 542 ὅτι
2582 489 2677 541 καὶ
2724 488 2783 541 ἐν
2827 490 2948 552 ταῖς
2993 487 3194 552 οἰκίαις
3243 491 3365 551 ταῖς
3409 489 3716 560 ἡμετέραις

2128 585 2302 640 ταῦτα
2347 586 2579 657 λέγομεν
2625 586 2732 648 ἀεὶ,
2779 584 2993 638 Βέλτιον
3039 585 3216 639 ταῦτα
3263 585 3340 657 μὴ
3379 585 3713 656 γίνεσθαι,ἢ

2134 683 2273 754 μετά
2303 682 2657 753 γογγυσμοῦ;
2693 684 2788 737 καὶ
2830 683 3088 746 πολλάκις
3112 682 3369 753 εἱλόμεθα
3398 680 3498 753 τῆς
3527 682 3715 736 διακο-

2132 785 2253 844 νίας
2301 784 2745 856 ἀποστερηθῆναι
2801 786 2898 855 τῆς
2949 783 3244 855 ἡμετέρας,
3274 783 3309 853 ἢ
3353 782 3716 852 γογγύζοντος

2133 882 2464 954 ἀνασχέσθαι
2493 901 2508 950 ;
2540 882 2722 938 Δεινδν
2745 882 2878 954 γὰρ,
2907 881 3080 936 δεινὸν
3105 884 3135 935 ό
3161 880 3474 951 γογγυσμός
3496 897 3511 911 ·
3550 881 3716 949 ἐγγὺς

2136 978 2482 1050 βλασφημίας
2516 977 2664 1033 ἐστίν
2682 995 2698 1009 ·
2729 978 2853 1031 ἐπεὶ
2874 978 3016 1042 τίνος
3045 977 3233 1031 ἕνεκεν
3275 976 3545 1047 τοσαύτην
3571 978 3715 1031 ἐκεῖ·

2134 1092 2215 1131 νοι
2269 1076 2478 1130 ἔδωκαν
2527 1075 2720 1147 δίκην;
2763 1074 3081 1146 ’Δχαριστία
3121 1074 3184 1127 τὸ
3212 1073 3446 1145 πρᾶγμά
3470 1074 3643 1127 ἐστιν.
3659 1073 3715 1125 '0

2134 1172 2423 1242 γογγύζων
2472 1172 2763 1243 άχαριστεῖ
2808 1169 2888 1240 τῷ
2927 1169 3078 1241 Θεῷ·
3132 1171 3162 1222 6
3204 1167 3262 1221 δὲ
3299 1168 3613 1239 ἀχαριστῶν
3641 1168 3716 1239 τῷ

2135 1269 2274 1340 Θεῷ.
2314 1269 2422 1341 ἄρα
2450 1268 2788 1340 βλάσφημος.
2825 1268 3077 1321 Μάλιστα
3107 1266 3207 1337 μὲν
3236 1267 3345 1337 γάρ
3372 1265 3493 1319 τότε
3525 1282 3717 1337 πειραο

2139 1366 2267 1438 σμοὶ
2298 1369 2539 1436 συνεχεῖς
2565 1360 2725 1437 ἦσαν,
2759 1366 2852 1419 καλ⁸
2884 1363 3178 1434 ἐπάλληλοι
3212 1362 3462 1423 κίνδυνοι,
3493 1362 3719 1433 οὐδεμία

2138 1461 2462 1526 ἀνάπαυσις,
2494 1461 2717 1532 οὐδεμία
2745 1461 2960 1525 ἄνεσις,
2997 1460 3166 1530 μυρία
3199 1458 3465 1513 πάντοθεν
3493 1459 3718 1532 ἐπέρρει

2138 1560 2318 1615 δεινά·
2352 1557 2447 1612 νῦν
2470 1558 2527 1612 δὲ
2552 1558 2742 1631 εἰρήνη
2771 1556 2984 1628 βαθεῖα,
3017 1555 3109 1611 νῦν
3139 1555 3429 1629 εὐμάρεια.

2207 1752 2276 1825 γ’.
2295 1754 2452 1819 Τίνος
2463 1748 2755 1810 οὖνὲνεκεν
2765 1752 3052 1824 γογγύζεις
3067 1771 3081 1819 ;
3094 1754 3175 1808 ὅτι
3194 1753 3358 1825 πένης
3389 1751 3530 1806 Ἀλλ’
3546 1752 3721 1805 ἐννόει

2137 1851 2227 1905 τδν
2259 1849 2398 1907 Ἰώϐ.
2419 1851 2558 1904 Ἀλλ’
2587 1851 2669 1905 ὅτι
2703 1832 2917 1917 νοσεῖςς
2962 1851 3026 1904 Τί
3063 1845 3180 1917 οὖν,
3217 1852 3267 1903 εἰ
3300 1847 3538 1902 τοσαῦτα
3588 1867 3720 1902 συν·

2137 1945 2294 2011 ειδὼς
2338 1947 2519 2014 ἀγαθά
2570 1945 2752 2017 σαυτῷ
2799 1948 2895 1999 καὶ
2923 1944 3345 2017 κατορθώματα,
3373 1945 3474 1999 ὅσα
3501 1945 3530 1997 6
3563 1944 3724 2011 ἆγιος

2137 2044 2367 2109 ἐκεῖνος,
2404 2042 2667 2115 ἐνόσησας
2690 2043 2752 2109 b;
2801 2042 3001 2097 Ἑννόει
3027 2042 3191 2099 πάλιν
3216 2044 3443 2108 ἐκεῖνον,
3467 2042 3550 2094 ὅτι
3576 2041 3725 2094 ἐκεῖ·

2136 2156 2228 2203 νος
2254 2138 2348 2193 ἐπὶ
2378 2138 2542 2191 πολὺν
2574 2138 2764 2209 χρόνον
2795 2137 3084 2208 σκώληκας
3114 2136 3316 2210 βρύων,
3348 2139 3441 2193 καὶ
3479 2137 3576 2190 ἐπὶ
3618 2136 3727 2207 τῆς

2137 2235 2366 2307 κοπρίας
2405 2235 2737 2306 καθήμενος,
2766 2235 2860 2288 καὶ
2904 2234 3000 2288 τὸν
3053 2234 3225 2306 ἰχῶρα
3273 2234 3409 2301 ξέων
3449 2232 3678 2287 διετέλει
3704 2247 3722 2262 ·

2136 2333 2364 2401 Χρόνου
2416 2331 2546 2403 γάρ,
2601 2332 2754 2402 φησι,
2801 2330 3038 2385 πολ.λοῦ
3096 2330 3543 2399 παρῳχηκότος,
3586 2323 3726 2381 εἷπε

2135 2428 2287 2498 πρὸς
2310 2427 2499 2485 αὑτὸν
2523 2430 2562 2497 ἡ
2587 2427 2742 2498 γυνή
2758 2444 2775 2460 ·
2802 2425 2992 2496 Μέχρι
3011 2427 3177 2493 τίνος
3207 2424 3599 2496 καρτερήσεις
3616 2427 3727 2478 λέ-

2135 2540 2275 2595 γων,
2306 2525 2598 2595 Ἀναμένω
2624 2525 2850 2594 χρόνον
2875 2524 2965 2578 ἔτι
2990 2524 3241 2594 μικρόν;
3269 2523 3443 2577 εἰπόν
3475 2539 3530 2576 τι
3551 2520 3727 2590 ῥῆμα

2135 2622 2285 2690 πρὸς
2308 2621 2549 2689 Κύριον,
2567 2621 2668 2675 καί
2693 2622 2962 2675 τελεύτα.
2980 2621 3139 2674 Ἀλλὰ
3167 2622 3297 2684 παῖς
3320 2637 3415 2672 σου
3442 2616 3685 2672 ἀπέθανε
3704 2634 3725 2685 ;

2135 2718 2201 2771 Τί
2246 2712 2360 2782 οὖν,
2389 2718 2440 2770 εἰ
2485 2717 2694 2781 πάντας
2742 2717 3034 2782 ἀπέϐαλες,
3063 2719 3158 2771 καὶ
3206 2716 3423 2786 θανάτῳ
3472 2714 3725 2784 πονηρῷ,

2134 2813 2321 2884 ῶσπερ
2354 2815 2598 2880 ἐκεῖνος;
2630 2815 2772 2867 Ἴστε
2803 2812 2935 2886 γάρ,
2971 2814 3085 2868 ἴστε
3119 2815 3203 2868 ὅτι
3236 2812 3440 2884 πολλὴν
3467 2811 3579 2883 ἔχει
3607 2825 3728 2862 πα-

2139 2910 2409 2982 ραμυθίαν
2454 2911 2516 2964 τδ
2564 2910 2988 2983 παρακαθῆσθαι
3033 2912 3298 2974 νοσοῦντι,
3328 2909 3393 2963 τὸ
3423 2906 3728 2977 συμϐαλεῖν

2137 3008 2335 3078 στόμα,
2366 3007 2427 3061 τὸ
2462 3007 2629 3079 μύσαι
2659 3006 2992 3079 ὀφθαλμοὺς,
3021 3007 3081 3061 τδ
3127 3006 3368 3077 άψασθαι
3417 3004 3724 3073 γενειάδος,

2135 3104 2195 3157 τὸ
2231 3104 2299 3158 τά
2326 3103 2608 3157 τελευταῖα
2638 3105 2867 3158 ἀκοῦσαι
2916 3105 3155 3175 ῥήματα.
3176 3103 3314 3156 Ἀλλ’
3346 3100 3560 3164 οὐδενὸς
3590 3099 3729 3152 τού-

2134 3216 2242 3254 των
2262 3199 2467 3271 ἠξιώθη
2496 3201 2524 3253 6
2545 3201 2774 3267 δίκαιος,
2799 3200 2934 3255 ἀλλά
2973 3201 3168 3264 πάντες
3200 3200 3334 3271 όμοῦ
3364 3196 3727 3269 κατεχώσθη-

2136 3314 2255 3350 σαν.
2293 3297 2402 3349 Καὶ
2430 3296 2482 3350 τί
2515 3297 2684 3349 ταῦτα
2713 3296 2882 3366 λέγως
2924 3299 2973 3350 εἰ
3002 3297 3343 3369 προσετάγης
3372 3294 3531 3356 αὐτὸς
3575 3291 3731 3360 σφά-

2138 3393 2225 3459 ξαι
2253 3394 2342 3447 τόν
2375 3393 2488 3445 υἱόν
2522 3410 2616 3445 σου
2642 3393 2737 3446 καὶ
2765 3394 3067 3448 καταθῦσαι
3110 3390 3260 3466 [260]
3308 3392 3402 3444 καὶ
3445 3389 3732 3443 καυθέντα.

2140 3489 2287 3553 ἰδεῖν,
2329 3488 2577 3561 καθάπερ
2611 3491 2640 3540 6
2673 3490 2945 3559 μακάριος
2975 3491 3180 3552 ἐκεῖνος
3204 3489 3232 3541 6
3263 3487 3628 3558 πατριάρχης,
3666 3485 3731 3537 τί

2139 3584 2204 3639 ἂν
2229 3585 2526 3656 ἐποίησαςς
2566 3585 2802 3649 Ἐκεῖνος
2828 3585 2885 3638 δὲ
2912 3585 2993 3648 τίς
3015 3586 3124 3655 ἄρα
3146 3581 3214 3654 ἧν
3242 3584 3302 3635 τὸ
3328 3582 3732 3651 θυσιαστήριον

2137 3681 2456 3752 οἰκοδομῶν,
2491 3683 2560 3737 τά
2606 3680 2737 3748 ξύλα
2778 3679 3060 3744 ἐπιτιθεὶς,
3096 3676 3443 3749 συμποδίζων
3485 3675 3545 3727 τὸ
3580 3691 3729 3728 παιο

2136 3776 2280 3842 δίον;
2322 3776 2460 3830 Ἀλλ’
2490 3776 2808 3842 ὀνειδίζουσί
2855 3776 2914 3829 σέ
2948 3792 3128 3842 τινες;
3179 3775 3275 3837 Τίς
3320 3774 3386 3827 ἂν
3429 3767 3520 3825 οῦν
3548 3767 3635 3841 ἧς,
3667 3774 3728 3825 ει

2137 3869 2289 3940 παρὰ
2316 3871 2483 3940 φίλων
2513 3873 2605 3925 ἐπὶ
2634 3870 2987 3944 παραμυθίαν
3009 3871 3248 3942 ἡκόντων
3279 3867 3474 3938 ἤκουες
3500 3864 3679 3918 ταῦτα
3704 3881 3727 3929 ;

2136 3968 2250 4023 Νῦν
2278 3969 2378 4039 μὲν
2402 3970 2512 4040 γάρ
2539 3972 2917 4041 ἁμαρτήματα
2949 3968 3143 4039 ἔχομεν
3182 3966 3369 4031 πολλὰ,
3401 3963 3497 4017 καὶ
3522 3961 3731 4015 ὀνειδι-

2134 4063 2341 4133 ζόμεθα
2382 4065 2644 4129 εἰκότως·
2692 4066 2814 4119 τότε
2858 4065 2916 4118 δὲ
2964 4065 3170 4127 ἐκεῖνος
3200 4064 3230 4116 6
3256 4059 3529 4132 ἀληθινὸς,
3560 4060 3589 4111 6
3627 4058 3730 4111 δί-

2134 4177 2309 4225 καιος,
2335 4162 2364 4214 ό
2386 4161 2664 4234 θεοσεϐὴς,
2687 4164 2717 4216 6
2746 4161 3083 4232 ἀπεχόμενος
3107 4160 3217 4215 άπὸ
3243 4158 3444 4221 παντὸς
3473 4156 3725 4227 πονηροῦ

2135 4259 2478 4328 πράγματος,
2502 4258 2761 4312 τάναντία
2782 4259 2987 4312 τούτων
3013 4258 3178 4329 ήκουε
3206 4257 3357 4327 παρά
3385 4256 3492 4309 τῶν
3512 4255 3722 4325 φίλων.

2134 4353 2200 4407 Τί
2225 4352 2304 4419 δὲ,
2339 4353 2461 4407 εἰπέ
2501 4371 2611 4425 μοι,
2645 4355 2694 4407 εἰ
2721 4354 2820 4425 τῆς
2847 4354 3101 4423 γυναικὸς
3123 4351 3485 4423 ὀνειδιζούσης
3514 4353 3724 4423 ἢκουες

2132 4449 2415 4520 λεγούσης,
2433 4450 2580 4519 Ἐγὼ
2600 4448 2899 4519 πλανῆτις
2919 4450 3017 4504 καὶ
3038 4450 3267 4518 λάτρις,
3298 4451 3486 4503 τόπον
3510 4448 3579 4500 ἐκ
3608 4448 3724 4500 τό-

2132 4560 2272 4612 που,
2305 4546 2404 4601 καί
2426 4548 2622 4600 οὶκίαν
2649 4546 2719 4611 ἐξ
2755 4548 2948 4612 οἰκίας
2976 4545 3422 4617 περιερχομένη,
3450 4544 3724 4614 προσδε-

2130 4644 2356 4714 χομένη
2391 4644 2497 4697 τὸν
2523 4643 2700 4711 ἣλιον
2726 4643 2871 4697 πότε
2905 4642 3100 4708 δύσει,
3138 4643 3237 4696 καί
3282 4642 3724 4710 ἀναπαύσομαι

2130 4738 2249 4793 τῶν
2273 4736 2684 4807 περιεχουσῶν
2710 4755 2787 4807 με
2815 4738 3087 4802 ὀδυνῶν;
3127 4737 3286 4801 Τίνος
3321 4738 3505 4791 ἕνεκεν
3533 4736 3722 4790 ταῦτα

2126 4833 2325 4903 λέγεις,
2352 4827 2398 4887 ῶ
2422 4833 2651 4904 ἀνόητε;
2689 4832 2764 4905 μὴ
2796 4834 2905 4906 γάρ
2931 4836 2960 4888 6
2989 4835 3129 4907 ἀνήρ
3156 4852 3237 4888 σοι
3265 4834 3468 4888 τούτων
3495 4833 3669 4895 αἴτιος
3695 4850 3714 4898 ;

2127 4931 2241 5001 Οὐχ
2287 4922 2462 4996 οὗτος,
2495 4929 2608 4983 ἀλλ’
2635 4932 2664 4984 6
2709 4929 2972 4994 διάϐολος.
3014 4931 3202 4985 Εἱπόν
3244 4947 3300 4983 τι
3337 4928 3503 5000 ῥῆμα
3550 4927 3718 4995 πρὸς

2126 5017 2363 5095 Κύριον,
2395 5026 2548 5096 φησί,
2579 5027 2676 5081 καί
2736 5028 3006 5083 τελεύτα.
3057 5023 3211 5092 Εἶτα,
3252 5027 3318 5082 ἂν
3369 5030 3398 5082 6
3450 5027 3718 5096 κείμενος

2124 5124 2255 5197 εἴπῃ
2309 5124 2404 5178 καὶ
2454 5125 2772 5199 τελευτήσῃ,
2805 5127 2869 5180 σὺ
2926 5125 3074 5198 ῥᾴων
3122 5125 3385 5194 γέγοναςς
3436 5126 3549 5179 Οὐκ
3587 5125 3715 5178 ἐστι

2124 5221 2278 5286 νόσος
2304 5220 2520 5291 ἐκείνης
2549 5220 2927 5293 χαλεπωτέρα,
2955 5222 3058 5277 κᾶν
3090 5222 3349 5295 μυριάκις
3378 5223 3561 5294 εἴπῃς.
3587 5221 3690 5274 Τοι

2125 5319 2267 5389 αύτη
2291 5315 2380 5392 ἦν,
2408 5318 2486 5383 ώς
2520 5319 2654 5390 μηδὲ
2684 5322 2742 5374 ἐν
2770 5321 2917 5393 οἰκίᾳ
2964 5320 3061 5375 καὶ
3103 5320 3412 5391 ὑπωρόφιον
3443 5315 3580 5374 εἶναι
3608 5317 3713 5373 δύο

2122 5415 2342 5471 νασθαι·
2370 5415 2593 5487 τοιαύτη
2616 5412 2703 5488 ἦν,
2733 5418 2808 5482 ώς
2837 5419 3042 5481 πάντας
3076 5418 3462 5488 ἀπαγορεύειν.
3490 5420 3564 5472 υῦ
3592 5417 3711 5490 γὰρ

2120 5516 2207 5583 ἂν,
2237 5516 2286 5569 εἰ
2315 5514 2391 5587 μὴ
2417 5515 2612 5569 ἀνίατα
2642 5516 2917 5588 ἐνόσησεν,
2948 5518 3049 5584 ἔξω
3080 5517 3179 5589 τῆς
3210 5517 3418 5582 πόλεως
3442 5517 3706 5588 ἐκάθητο,

2185 5720 2210 5753 υ
2237 5717 2369 5777 Lege
2395 5716 2626 5777 ἐνόσησας
2645 5718 2717 5766 ἄν.
