  <div class='ocr_page' id='page_1' title='image "/cluster/home/n/w/nwhite01/storage/ocr_20150623/62/hvd.32044054086319/246.png"; bbox 0 0 4044 6202; ppageno 0'>
   <div class='ocr_carea' id='block_1_1' title="bbox 328 281 426 337">
    <p class='ocr_par' dir='ltr' id='par_1_1' title="bbox 328 281 426 337">
     <span class='ocr_line' id='line_1_1' title="bbox 328 281 426 337; baseline -0.02 0"><span class='ocrx_word' id='word_1_1' title='bbox 328 281 426 337; x_wconf 69' lang='lat'><strong>9.&quot;</strong></span> 
     </span>
    </p>
   </div>
   <div class='ocr_carea' id='block_1_2' title="bbox 315 476 1896 546">
    <p class='ocr_par' dir='ltr' id='par_1_2' title="bbox 315 476 1896 546">
     <span class='ocr_line' id='line_1_2' title="bbox 315 476 1896 546; baseline -0.009 -2"><span class='ocrx_word' id='word_1_2' title='bbox 315 488 541 544; x_wconf 83' lang='lat' dir='ltr'><strong>minime</strong></span> <span class='ocrx_word' id='word_1_3' title='bbox 566 486 678 541; x_wconf 84' lang='lat' dir='ltr'><strong>tolli</strong></span> <span class='ocrx_word' id='word_1_4' title='bbox 698 485 904 538; x_wconf 86' lang='lat' dir='ltr'><strong>arbitrii</strong></span> <span class='ocrx_word' id='word_1_5' title='bbox 932 481 1273 536; x_wconf 68' lang='lat' dir='ltr'><strong>lilwrtatem‘!</strong></span> <span class='ocrx_word' id='word_1_6' title='bbox 1305 478 1429 533; x_wconf 64' lang='lat' dir='ltr'><strong>Han:</strong></span> <span class='ocrx_word' id='word_1_7' title='bbox 1467 479 1638 531; x_wconf 87' lang='lat' dir='ltr'><strong>omnia</strong></span> <span class='ocrx_word' id='word_1_8' title='bbox 1659 519 1672 539; x_wconf 93' lang='lat'><strong>,</strong></span> <span class='ocrx_word' id='word_1_9' title='bbox 1703 476 1896 546; x_wconf 88' lang='lat' dir='ltr'><strong>inquit,</strong></span> 
     </span>
    </p>
   </div>
   <div class='ocr_carea' id='block_1_3' title="bbox 315 567 1901 651">
    <p class='ocr_par' dir='ltr' id='par_1_3' title="bbox 315 567 1901 651">
     <span class='ocr_line' id='line_1_3' title="bbox 315 567 1901 651; baseline -0.006 -20"><span class='ocrx_word' id='word_1_10' title='bbox 315 581 472 651; x_wconf 75' lang='lat' dir='ltr'><strong>facite</strong></span> <span class='ocrx_word' id='word_1_11' title='bbox 498 580 609 633; x_wconf 85' lang='lat' dir='ltr'><strong>sine</strong></span> <span class='ocrx_word' id='word_1_12' title='bbox 631 573 1111 629; x_wconf 82' lang='lat' dir='ltr'><strong>uturmurutionibns</strong></span> <span class='ocrx_word' id='word_1_13' title='bbox 1132 581 1176 623; x_wconf 81' lang='lat' dir='ltr'><strong>et</strong></span> <span class='ocrx_word' id='word_1_14' title='bbox 1199 570 1616 624; x_wconf 68' lang='lat' dir='ltr'><strong>Ita&#39;sitatiouibus.</strong></span> <span class='ocrx_word' id='word_1_15' title='bbox 1651 567 1901 622; x_wconf 84' lang='lat' dir='ltr'><strong>Diabolus</strong></span> 
     </span>
    </p>
   </div>
   <div class='ocr_carea' id='block_1_4' title="bbox 314 658 1891 733">
    <p class='ocr_par' dir='ltr' id='par_1_4' title="bbox 314 658 1891 733">
     <span class='ocr_line' id='line_1_4' title="bbox 314 658 1891 733; baseline -0.01 -6"><span class='ocrx_word' id='word_1_16' title='bbox 314 673 401 728; x_wconf 91' lang='lat' dir='ltr'><strong>ubi</strong></span> <span class='ocrx_word' id='word_1_17' title='bbox 427 684 528 724; x_wconf 90' lang='lat' dir='ltr'><strong>nos</strong></span> <span class='ocrx_word' id='word_1_18' title='bbox 554 667 823 722; x_wconf 85' lang='lat' dir='ltr'><strong>abducere</strong></span> <span class='ocrx_word' id='word_1_19' title='bbox 856 665 1073 720; x_wconf 86' lang='lat' dir='ltr'><strong>minimc</strong></span> <span class='ocrx_word' id='word_1_20' title='bbox 1105 663 1334 733; x_wconf 88' lang='lat' dir='ltr'><strong>poluerit</strong></span> <span class='ocrx_word' id='word_1_21' title='bbox 1355 703 1371 727; x_wconf 94' lang='lat'><strong>,</strong></span> <span class='ocrx_word' id='word_1_22' title='bbox 1403 662 1532 732; x_wconf 89' lang='lat' dir='ltr'><strong>quin</strong></span> <span class='ocrx_word' id='word_1_23' title='bbox 1562 669 1706 715; x_wconf 85' lang='lat' dir='ltr'><strong>recte</strong></span> <span class='ocrx_word' id='word_1_24' title='bbox 1731 658 1891 713; x_wconf 82' lang='lat' dir='ltr'><strong>facia-</strong></span> 
     </span>
    </p>
   </div>
   <div class='ocr_carea' id='block_1_5' title="bbox 309 743 1899 832">
    <p class='ocr_par' dir='ltr' id='par_1_5' title="bbox 309 743 1899 832">
     <span class='ocr_line' id='line_1_5' title="bbox 309 743 1899 832; baseline -0.008 -14"><span class='ocrx_word' id='word_1_25' title='bbox 309 781 455 826; x_wconf 87' lang='lat' dir='ltr'><strong>ttnts,</strong></span> <span class='ocrx_word' id='word_1_26' title='bbox 505 762 607 816; x_wconf 87' lang='lat' dir='ltr'><strong>alia</strong></span> <span class='ocrx_word' id='word_1_27' title='bbox 636 759 865 832; x_wconf 81' lang='lat' dir='ltr'><strong>quadam</strong></span> <span class='ocrx_word' id='word_1_28' title='bbox 910 743 1119 812; x_wconf 75' lang='lat' dir='ltr'><strong>ratione</strong></span> <span class='ocrx_word' id='word_1_29' title='bbox 1148 756 1366 811; x_wconf 75' lang='lat' dir='ltr'><strong>molitur</strong></span> <span class='ocrx_word' id='word_1_30' title='bbox 1415 755 1627 809; x_wconf 89' lang='lat' dir='ltr'><strong>inanem</strong></span> <span class='ocrx_word' id='word_1_31' title='bbox 1671 752 1899 808; x_wconf 86' lang='lat' dir='ltr'><strong>reddere</strong></span> 
     </span>
    </p>
   </div>
   <div class='ocr_carea' id='block_1_6' title="bbox 313 847 1896 917">
    <p class='ocr_par' dir='ltr' id='par_1_6' title="bbox 313 847 1896 917">
     <span class='ocr_line' id='line_1_6' title="bbox 313 847 1896 917; baseline -0.008 -7"><span class='ocrx_word' id='word_1_32' title='bbox 313 855 623 910; x_wconf 73' lang='lat' dir='ltr'><strong>mercedem</strong></span> <span class='ocrx_word' id='word_1_33' title='bbox 666 861 927 906; x_wconf 72' lang='lat' dir='ltr'><strong>nostram.</strong></span> <span class='ocrx_word' id='word_1_34' title='bbox 955 849 1086 904; x_wconf 83' lang='lat' dir='ltr'><strong>Nam</strong></span> <span class='ocrx_word' id='word_1_35' title='bbox 1127 850 1210 904; x_wconf 83' lang='lat' dir='ltr'><strong>vel</strong></span> <span class='ocrx_word' id='word_1_36' title='bbox 1237 864 1388 902; x_wconf 61' lang='lat' dir='ltr'><strong>vanae</strong></span> <span class='ocrx_word' id='word_1_37' title='bbox 1414 847 1598 917; x_wconf 77' lang='lat' dir='ltr'><strong>gloria:</strong></span> <span class='ocrx_word' id='word_1_38' title='bbox 1636 861 1896 910; x_wconf 86' lang='lat' dir='ltr'><strong>amorem,</strong></span> 
     </span>
    </p>
   </div>
   <div class='ocr_carea' id='block_1_7' title="bbox 311 939 1897 1015">
    <p class='ocr_par' dir='ltr' id='par_1_7' title="bbox 311 939 1897 1015">
     <span class='ocr_line' id='line_1_7' title="bbox 311 939 1897 1015; baseline -0.004 -17"><span class='ocrx_word' id='word_1_39' title='bbox 311 948 397 1001; x_wconf 84' lang='lat' dir='ltr'><strong>vel</strong></span> <span class='ocrx_word' id='word_1_40' title='bbox 443 944 802 1015; x_wconf 83' lang='lat' dir='ltr'><strong>arrogantiam</strong></span> <span class='ocrx_word' id='word_1_41' title='bbox 834 942 1063 1007; x_wconf 75' lang='lat' dir='ltr'><strong>induxit,</strong></span> <span class='ocrx_word' id='word_1_42' title='bbox 1109 941 1192 994; x_wconf 79' lang='lat' dir='ltr'><strong>Vel</strong></span> <span class='ocrx_word' id='word_1_43' title='bbox 1233 939 1277 994; x_wconf 89' lang='lat' dir='ltr'><strong>si</strong></span> <span class='ocrx_word' id='word_1_44' title='bbox 1318 939 1449 994; x_wconf 82' lang='lat' dir='ltr'><strong>nihil</strong></span> <span class='ocrx_word' id='word_1_45' title='bbox 1501 941 1713 1001; x_wconf 91' lang='lat' dir='ltr'><strong>horum,</strong></span> <span class='ocrx_word' id='word_1_46' title='bbox 1746 954 1897 991; x_wconf 89' lang='lat' dir='ltr'><strong>mur-</strong></span> 
     </span>
    </p>
   </div>
   <div class='ocr_carea' id='block_1_8' title="bbox 312 1030 1896 1098">
    <p class='ocr_par' dir='ltr' id='par_1_8' title="bbox 312 1030 1896 1098">
     <span class='ocr_line' id='line_1_8' title="bbox 312 1030 1896 1098; baseline -0.008 -7"><span class='ocrx_word' id='word_1_47' title='bbox 312 1037 694 1097; x_wconf 85' lang='lat' dir='ltr'><strong>murationem,</strong></span> <span class='ocrx_word' id='word_1_48' title='bbox 722 1034 805 1088; x_wconf 89' lang='lat' dir='ltr'><strong>vel</strong></span> <span class='ocrx_word' id='word_1_49' title='bbox 852 1033 1042 1088; x_wconf 92' lang='lat' dir='ltr'><strong>saltem</strong></span> <span class='ocrx_word' id='word_1_50' title='bbox 1066 1031 1481 1086; x_wconf 72' lang='lat' dir='ltr'><strong>hmsitationetn.</strong></span> <span class='ocrx_word' id='word_1_51' title='bbox 1507 1032 1583 1084; x_wconf 79' lang='lat' dir='ltr'><strong>Ac</strong></span> <span class='ocrx_word' id='word_1_52' title='bbox 1606 1030 1729 1084; x_wconf 81' lang='lat' dir='ltr'><strong>vide</strong></span> <span class='ocrx_word' id='word_1_53' title='bbox 1757 1044 1896 1098; x_wconf 85' lang='lat' dir='ltr'><strong>quo-</strong></span> 
     </span>
    </p>
   </div>
   <div class='ocr_carea' id='block_1_9' title="bbox 310 1120 1896 1194">
    <p class='ocr_par' dir='ltr' id='par_1_9' title="bbox 310 1120 1896 1194">
     <span class='ocr_line' id='line_1_9' title="bbox 310 1120 1896 1194; baseline -0.004 -12"><span class='ocrx_word' id='word_1_54' title='bbox 310 1127 473 1182; x_wconf 85' lang='lat' dir='ltr'><strong>modo</strong></span> <span class='ocrx_word' id='word_1_55' title='bbox 502 1127 615 1180; x_wconf 83' lang='lat' dir='ltr'><strong>ha-c</strong></span> <span class='ocrx_word' id='word_1_56' title='bbox 644 1132 834 1194; x_wconf 80' lang='lat' dir='ltr'><strong>purget</strong></span> <span class='ocrx_word' id='word_1_57' title='bbox 861 1124 1055 1178; x_wconf 83' lang='lat' dir='ltr'><strong>Paulus</strong></span> <span class='ocrx_word' id='word_1_58' title='bbox 1085 1140 1098 1176; x_wconf 91' lang='lat'><strong>:</strong></span> <span class='ocrx_word' id='word_1_59' title='bbox 1130 1121 1263 1176; x_wconf 78' lang='lat' dir='ltr'><strong>dixit</strong></span> <span class='ocrx_word' id='word_1_60' title='bbox 1303 1121 1370 1176; x_wconf 89' lang='lat' dir='ltr'><strong>de</strong></span> <span class='ocrx_word' id='word_1_61' title='bbox 1398 1120 1562 1175; x_wconf 87' lang='lat' dir='ltr'><strong>animi</strong></span> <span class='ocrx_word' id='word_1_62' title='bbox 1596 1120 1896 1175; x_wconf 82' lang='lat' dir='ltr'><strong>humilitate</strong></span> 
     </span>
    </p>
   </div>
   <div class='ocr_carea' id='block_1_10' title="bbox 308 1213 1890 1287">
    <p class='ocr_par' dir='ltr' id='par_1_10' title="bbox 308 1213 1890 1287">
     <span class='ocr_line' id='line_1_10' title="bbox 308 1213 1890 1287; baseline -0.005 -16"><span class='ocrx_word' id='word_1_63' title='bbox 308 1232 662 1287; x_wconf 70' lang='lat' dir='ltr'><strong>qumcumque</strong></span> <span class='ocrx_word' id='word_1_64' title='bbox 704 1215 814 1285; x_wconf 85' lang='lat' dir='ltr'><strong>jam</strong></span> <span class='ocrx_word' id='word_1_65' title='bbox 864 1215 1174 1279; x_wconf 77' lang='lat' dir='ltr'><strong>audivistis,</strong></span> <span class='ocrx_word' id='word_1_66' title='bbox 1230 1214 1591 1285; x_wconf 77' lang='lat' dir='ltr'><strong>arrogantiam</strong></span> <span class='ocrx_word' id='word_1_67' title='bbox 1636 1213 1890 1283; x_wconf 82' lang='lat' dir='ltr'><strong>abigens,</strong></span> 
     </span>
    </p>
   </div>
   <div class='ocr_carea' id='block_1_11' title="bbox 307 1304 1888 1376">
    <p class='ocr_par' dir='ltr' id='par_1_11' title="bbox 307 1304 1888 1376">
     <span class='ocr_line' id='line_1_11' title="bbox 307 1304 1888 1376; baseline -0.004 -14"><span class='ocrx_word' id='word_1_68' title='bbox 307 1309 440 1362; x_wconf 74' lang='lat' dir='ltr'><strong>dixit</strong></span> <span class='ocrx_word' id='word_1_69' title='bbox 467 1307 535 1362; x_wconf 89' lang='lat' dir='ltr'><strong>de</strong></span> <span class='ocrx_word' id='word_1_70' title='bbox 562 1308 736 1360; x_wconf 88' lang='lat' dir='ltr'><strong>inanis</strong></span> <span class='ocrx_word' id='word_1_71' title='bbox 759 1306 944 1376; x_wconf 81' lang='lat' dir='ltr'><strong>gloria:</strong></span> <span class='ocrx_word' id='word_1_72' title='bbox 968 1306 1165 1371; x_wconf 81' lang='lat' dir='ltr'><strong>studio,</strong></span> <span class='ocrx_word' id='word_1_73' title='bbox 1195 1304 1556 1373; x_wconf 80' lang='lat' dir='ltr'><strong>comprimens</strong></span> <span class='ocrx_word' id='word_1_74' title='bbox 1586 1313 1888 1367; x_wconf 86' lang='lat' dir='ltr'><strong>tumorem;</strong></span> 
     </span>
    </p>
   </div>
   <div class='ocr_carea' id='block_1_12' title="bbox 304 1395 1892 1470">
    <p class='ocr_par' dir='ltr' id='par_1_12' title="bbox 304 1395 1892 1470">
     <span class='ocr_line' id='line_1_12' title="bbox 304 1395 1892 1470; baseline -0.006 -16"><span class='ocrx_word' id='word_1_75' title='bbox 304 1411 360 1455; x_wconf 90' lang='lat' dir='ltr'><strong>et.</strong></span> <span class='ocrx_word' id='word_1_76' title='bbox 385 1400 513 1455; x_wconf 90' lang='lat' dir='ltr'><strong>alibi</strong></span> <span class='ocrx_word' id='word_1_77' title='bbox 535 1399 777 1470; x_wconf 88' lang='lat' dir='ltr'><strong>quidem,</strong></span> <span class='ocrx_word' id='word_1_78' title='bbox 815 1397 931 1451; x_wconf 77' lang='lat' dir='ltr'><strong>Non</strong></span> <span class='ocrx_word' id='word_1_79' title='bbox 961 1399 1013 1451; x_wconf 91' lang='lat' dir='ltr'><strong>in</strong></span> <span class='ocrx_word' id='word_1_80' title='bbox 1032 1398 1322 1469; x_wconf 64' lang='lat' dir='ltr'><strong>praesentia,</strong></span> <span class='ocrx_word' id='word_1_81' title='bbox 1343 1397 1532 1466; x_wconf 89' lang='lat' dir='ltr'><strong>inquit,</strong></span> <span class='ocrx_word' id='word_1_82' title='bbox 1554 1395 1648 1449; x_wconf 90' lang='lat' dir='ltr'><strong>mei</strong></span> <span class='ocrx_word' id='word_1_83' title='bbox 1670 1404 1892 1460; x_wconf 87' lang='lat' dir='ltr'><strong>tantum;</strong></span> 
     </span>
    </p>
   </div>
   <div class='ocr_carea' id='block_1_13' title="bbox 302 1486 1893 1553">
    <p class='ocr_par' dir='ltr' id='par_1_13' title="bbox 302 1486 1893 1553">
     <span class='ocr_line' id='line_1_13' title="bbox 302 1486 1893 1553; baseline -0.006 -4"><span class='ocrx_word' id='word_1_84' title='bbox 302 1511 445 1549; x_wconf 88' lang='lat' dir='ltr'><strong>nunc</strong></span> <span class='ocrx_word' id='word_1_85' title='bbox 473 1508 603 1547; x_wconf 85' lang='lat' dir='ltr'><strong>vero</strong></span> <span class='ocrx_word' id='word_1_86' title='bbox 621 1492 872 1545; x_wconf 85' lang='lat' dir='ltr'><strong>nonnulla</strong></span> <span class='ocrx_word' id='word_1_87' title='bbox 890 1491 1037 1553; x_wconf 83' lang='lat' dir='ltr'><strong>addit</strong></span> <span class='ocrx_word' id='word_1_88' title='bbox 1055 1491 1120 1545; x_wconf 83' lang='lat' dir='ltr'><strong>de</strong></span> <span class='ocrx_word' id='word_1_89' title='bbox 1146 1489 1569 1544; x_wconf 87' lang='lat' dir='ltr'><strong>murmuratione</strong></span> <span class='ocrx_word' id='word_1_90' title='bbox 1596 1497 1646 1543; x_wconf 87' lang='lat' dir='ltr'><strong>et</strong></span> <span class='ocrx_word' id='word_1_91' title='bbox 1677 1486 1893 1541; x_wconf 73' lang='lat' dir='ltr'><strong>Inusita-</strong></span> 
     </span>
    </p>
   </div>
   <div class='ocr_carea' id='block_1_14' title="bbox 304 1577 1888 1639">
    <p class='ocr_par' dir='ltr' id='par_1_14' title="bbox 304 1577 1888 1639">
     <span class='ocr_line' id='line_1_14' title="bbox 304 1577 1888 1639; baseline -0.004 -1"><span class='ocrx_word' id='word_1_92' title='bbox 304 1584 470 1639; x_wconf 84' lang='lat' dir='ltr'><strong>tioae.</strong></span> <span class='ocrx_word' id='word_1_93' title='bbox 528 1583 637 1638; x_wconf 83' lang='lat' dir='ltr'><strong>Cur</strong></span> <span class='ocrx_word' id='word_1_94' title='bbox 688 1592 866 1636; x_wconf 88' lang='lat' dir='ltr'><strong>autem</strong></span> <span class='ocrx_word' id='word_1_95' title='bbox 921 1596 1043 1636; x_wconf 89' lang='lat' dir='ltr'><strong>cum</strong></span> <span class='ocrx_word' id='word_1_96' title='bbox 1093 1579 1387 1635; x_wconf 87' lang='lat' dir='ltr'><strong>Corinthiis</strong></span> <span class='ocrx_word' id='word_1_97' title='bbox 1439 1579 1699 1633; x_wconf 88' lang='lat' dir='ltr'><strong>adimeret</strong></span> <span class='ocrx_word' id='word_1_98' title='bbox 1747 1577 1888 1632; x_wconf 88' lang='lat' dir='ltr'><strong>lumc</strong></span> 
     </span>
    </p>
   </div>
   <div class='ocr_carea' id='block_1_15' title="bbox 302 1670 1885 1743">
    <p class='ocr_par' dir='ltr' id='par_1_15' title="bbox 302 1670 1885 1743">
     <span class='ocr_line' id='line_1_15' title="bbox 302 1670 1885 1743; baseline -0.001 -14"><span class='ocrx_word' id='word_1_99' title='bbox 302 1676 572 1738; x_wconf 82' lang='lat' dir='ltr'><strong>morbum,</strong></span> <span class='ocrx_word' id='word_1_100' title='bbox 602 1674 952 1743; x_wconf 66' lang='lat' dir='ltr'><strong>lsmt‘llmrltlﬂ</strong></span> <span class='ocrx_word' id='word_1_101' title='bbox 983 1674 1140 1728; x_wconf 88' lang='lat' dir='ltr'><strong>etiam</strong></span> <span class='ocrx_word' id='word_1_102' title='bbox 1174 1673 1497 1727; x_wconf 85' lang='lat' dir='ltr'><strong>mentionem</strong></span> <span class='ocrx_word' id='word_1_103' title='bbox 1516 1672 1637 1726; x_wconf 77' lang='lat' dir='ltr'><strong>fecit</strong></span> <span class='ocrx_word' id='word_1_104' title='bbox 1664 1672 1741 1740; x_wconf 82' lang='lat' dir='ltr'><strong>(l.</strong></span> <span class='ocrx_word' id='word_1_105' title='bbox 1766 1670 1885 1727; x_wconf 88' lang='lat' dir='ltr'><strong>Cor.</strong></span> 
     </span>
    </p>
   </div>
   <div class='ocr_carea' id='block_1_16' title="bbox 300 1766 1884 1840">
    <p class='ocr_par' dir='ltr' id='par_1_16' title="bbox 300 1766 1884 1840">
     <span class='ocr_line' id='line_1_16' title="bbox 300 1766 1884 1840; baseline -0.003 -16"><span class='ocrx_word' id='word_1_106' title='bbox 300 1772 387 1825; x_wconf 74' lang='lat'><strong>10.</strong></span> <span class='ocrx_word' id='word_1_107' title='bbox 418 1771 548 1840; x_wconf 86' lang='lat' dir='ltr'><strong>l0);</strong></span> <span class='ocrx_word' id='word_1_108' title='bbox 577 1770 678 1825; x_wconf 89' lang='lat' dir='ltr'><strong>hoc</strong></span> <span class='ocrx_word' id='word_1_109' title='bbox 704 1780 882 1822; x_wconf 86' lang='lat' dir='ltr'><strong>autem</strong></span> <span class='ocrx_word' id='word_1_110' title='bbox 912 1769 1030 1823; x_wconf 84' lang='lat' dir='ltr'><strong>iuro</strong></span> <span class='ocrx_word' id='word_1_111' title='bbox 1056 1768 1184 1822; x_wconf 84' lang='lat' dir='ltr'><strong>nihil</strong></span> <span class='ocrx_word' id='word_1_112' title='bbox 1219 1768 1516 1837; x_wconf 71' lang='lat' dir='ltr'><strong>huiusmodi</strong></span> <span class='ocrx_word' id='word_1_113' title='bbox 1557 1767 1753 1829; x_wconf 84' lang='lat' dir='ltr'><strong>attulit,</strong></span> <span class='ocrx_word' id='word_1_114' title='bbox 1792 1766 1884 1820; x_wconf 86' lang='lat' dir='ltr'><strong>sed</strong></span> 
     </span>
    </p>
   </div>
   <div class='ocr_carea' id='block_1_17' title="bbox 298 1859 1882 1931">
    <p class='ocr_par' dir='ltr' id='par_1_17' title="bbox 298 1859 1882 1931">
     <span class='ocr_line' id='line_1_17' title="bbox 298 1859 1882 1931; baseline -0.004 -14"><span class='ocrx_word' id='word_1_115' title='bbox 298 1864 624 1931; x_wconf 80' lang='lat' dir='ltr'><strong>simpliciter</strong></span> <span class='ocrx_word' id='word_1_116' title='bbox 648 1865 893 1931; x_wconf 67' lang='grc' dir='ltr'><strong>ιπωευμίι</strong></span> <span class='ocrx_word' id='word_1_117' title='bbox 915 1861 938 1915; x_wconf 86' lang='lat'><strong>?</strong></span> <span class='ocrx_word' id='word_1_118' title='bbox 960 1861 1220 1928; x_wconf 81' lang='lat' dir='ltr'><strong>Quoniam</strong></span> <span class='ocrx_word' id='word_1_119' title='bbox 1251 1861 1321 1915; x_wconf 90' lang='lat' dir='ltr'><strong>illi</strong></span> <span class='ocrx_word' id='word_1_120' title='bbox 1345 1861 1410 1916; x_wconf 87' lang='lat' dir='ltr'><strong>ab</strong></span> <span class='ocrx_word' id='word_1_121' title='bbox 1441 1862 1539 1915; x_wconf 75' lang='lat' dir='ltr'><strong>hoc</strong></span> <span class='ocrx_word' id='word_1_122' title='bbox 1570 1861 1756 1915; x_wconf 82' lang='lat' dir='ltr'><strong>morbo</strong></span> <span class='ocrx_word' id='word_1_123' title='bbox 1773 1859 1882 1928; x_wconf 84' lang='lat' dir='ltr'><strong>jam</strong></span> 
     </span>
    </p>
   </div>
   <div class='ocr_carea' id='block_1_18' title="bbox 304 1953 1883 2025">
    <p class='ocr_par' dir='ltr' id='par_1_18' title="bbox 304 1953 1883 2025">
     <span class='ocr_line' id='line_1_18' title="bbox 304 1953 1883 2025; baseline -0.001 -15"><span class='ocrx_word' id='word_1_124' title='bbox 304 1960 525 2010; x_wconf 75' lang='lat' dir='ltr'><strong>fuerant</strong></span> <span class='ocrx_word' id='word_1_125' title='bbox 552 1956 787 2025; x_wconf 83' lang='lat' dir='ltr'><strong>occapati</strong></span> <span class='ocrx_word' id='word_1_126' title='bbox 818 1973 831 2008; x_wconf 89' lang='lat'><strong><em>:</em></strong></span> <span class='ocrx_word' id='word_1_127' title='bbox 864 1955 1212 2025; x_wconf 85' lang='lat' dir='ltr'><strong>quamobrem</strong></span> <span class='ocrx_word' id='word_1_128' title='bbox 1253 1955 1412 2008; x_wconf 87' lang='lat' dir='ltr'><strong>altius</strong></span> <span class='ocrx_word' id='word_1_129' title='bbox 1454 1953 1653 2008; x_wconf 79' lang='lat' dir='ltr'><strong>inferre</strong></span> <span class='ocrx_word' id='word_1_130' title='bbox 1690 1954 1883 2008; x_wconf 89' lang='lat' dir='ltr'><strong>vulnus</strong></span> 
     </span>
    </p>
   </div>
   <div class='ocr_carea' id='block_1_19' title="bbox 308 2047 1883 2118">
    <p class='ocr_par' dir='ltr' id='par_1_19' title="bbox 308 2047 1883 2118">
     <span class='ocr_line' id='line_1_19' title="bbox 308 2047 1883 2118; baseline -0.001 -15"><span class='ocrx_word' id='word_1_131' title='bbox 308 2065 537 2104; x_wconf 66' lang='lat' dir='ltr'><strong>necesse</strong></span> <span class='ocrx_word' id='word_1_132' title='bbox 577 2049 812 2114; x_wconf 85' lang='lat' dir='ltr'><strong>habebat,</strong></span> <span class='ocrx_word' id='word_1_133' title='bbox 867 2065 929 2103; x_wconf 87' lang='lat' dir='ltr'><strong>ac</strong></span> <span class='ocrx_word' id='word_1_134' title='bbox 984 2049 1352 2104; x_wconf 81' lang='lat' dir='ltr'><strong>vehementius</strong></span> <span class='ocrx_word' id='word_1_135' title='bbox 1397 2048 1683 2118; x_wconf 82' lang='lat' dir='ltr'><strong>objurgare</strong></span> <span class='ocrx_word' id='word_1_136' title='bbox 1731 2066 1746 2103; x_wconf 87' lang='lat'><strong>:</strong></span> <span class='ocrx_word' id='word_1_137' title='bbox 1797 2047 1883 2101; x_wconf 90' lang='lat' dir='ltr'><strong>hic</strong></span> 
     </span>
    </p>
   </div>
   <div class='ocr_carea' id='block_1_20' title="bbox 303 2141 1878 2210">
    <p class='ocr_par' dir='ltr' id='par_1_20' title="bbox 303 2141 1878 2210">
     <span class='ocr_line' id='line_1_20' title="bbox 303 2141 1878 2210; baseline -0.002 -15"><span class='ocrx_word' id='word_1_138' title='bbox 303 2159 457 2204; x_wconf 80' lang='lat' dir='ltr'><strong>vero,</strong></span> <span class='ocrx_word' id='word_1_139' title='bbox 491 2159 556 2195; x_wconf 87' lang='lat' dir='ltr'><strong>ne</strong></span> <span class='ocrx_word' id='word_1_140' title='bbox 584 2157 642 2195; x_wconf 87' lang='lat' dir='ltr'><strong>se</strong></span> <span class='ocrx_word' id='word_1_141' title='bbox 666 2142 914 2210; x_wconf 85' lang='lat' dir='ltr'><strong>occupari</strong></span> <span class='ocrx_word' id='word_1_142' title='bbox 961 2141 1141 2195; x_wconf 90' lang='lat' dir='ltr'><strong>sinant</strong></span> <span class='ocrx_word' id='word_1_143' title='bbox 1171 2152 1374 2195; x_wconf 82' lang='lat' dir='ltr'><strong>tuonct.</strong></span> <span class='ocrx_word' id='word_1_144' title='bbox 1423 2141 1584 2210; x_wconf 86' lang='lat' dir='ltr'><strong>Igitur</strong></span> <span class='ocrx_word' id='word_1_145' title='bbox 1609 2155 1731 2209; x_wconf 77' lang='lat' dir='ltr'><strong>erga</strong></span> <span class='ocrx_word' id='word_1_146' title='bbox 1764 2154 1878 2204; x_wconf 81' lang='lat' dir='ltr'><strong>eos,</strong></span> 
     </span>
    </p>
   </div>
   <div class='ocr_carea' id='block_1_21' title="bbox 295 2230 1881 2302">
    <p class='ocr_par' dir='ltr' id='par_1_21' title="bbox 295 2230 1881 2302">
     <span class='ocr_line' id='line_1_21' title="bbox 295 2230 1881 2302; baseline -0.003 -15"><span class='ocrx_word' id='word_1_147' title='bbox 295 2234 389 2302; x_wconf 85' lang='lat' dir='ltr'><strong>qui</strong></span> <span class='ocrx_word' id='word_1_148' title='bbox 419 2233 653 2286; x_wconf 86' lang='lat' dir='ltr'><strong>nonduin</strong></span> <span class='ocrx_word' id='word_1_149' title='bbox 679 2240 982 2301; x_wconf 75' lang='lat' dir='ltr'><strong>pecoriraut,</strong></span> <span class='ocrx_word' id='word_1_150' title='bbox 1019 2246 1407 2301; x_wconf 89' lang='lat' dir='ltr'><strong>supervacuum</strong></span> <span class='ocrx_word' id='word_1_151' title='bbox 1433 2240 1544 2283; x_wconf 80' lang='lat' dir='ltr'><strong>erat</strong></span> <span class='ocrx_word' id='word_1_152' title='bbox 1574 2230 1881 2284; x_wconf 87' lang='lat' dir='ltr'><strong>durioribus</strong></span> 
     </span>
    </p>
   </div>
   <div class='ocr_carea' id='block_1_22' title="bbox 296 2323 1876 2395">
    <p class='ocr_par' dir='ltr' id='par_1_22' title="bbox 296 2323 1876 2395">
     <span class='ocr_line' id='line_1_22' title="bbox 296 2323 1876 2395; baseline 0.001 -19"><span class='ocrx_word' id='word_1_153' title='bbox 296 2325 477 2378; x_wconf 76' lang='lat' dir='ltr'><strong>Vt‘l’ltis</strong></span> <span class='ocrx_word' id='word_1_154' title='bbox 508 2325 601 2387; x_wconf 87' lang='lat' dir='ltr'><strong>uti,</strong></span> <span class='ocrx_word' id='word_1_155' title='bbox 635 2339 742 2395; x_wconf 88' lang='lat' dir='ltr'><strong>quo</strong></span> <span class='ocrx_word' id='word_1_156' title='bbox 766 2324 866 2377; x_wconf 91' lang='lat' dir='ltr'><strong>sibi</strong></span> <span class='ocrx_word' id='word_1_157' title='bbox 897 2334 1165 2378; x_wconf 79' lang='lat' dir='ltr'><strong>caverent.</strong></span> <span class='ocrx_word' id='word_1_158' title='bbox 1198 2323 1325 2377; x_wconf 88' lang='lat' dir='ltr'><strong>Nam</strong></span> <span class='ocrx_word' id='word_1_159' title='bbox 1353 2335 1401 2378; x_wconf 90' lang='lat' dir='ltr'><strong>et</strong></span> <span class='ocrx_word' id='word_1_160' title='bbox 1431 2324 1498 2377; x_wconf 89' lang='lat' dir='ltr'><strong>ad</strong></span> <span class='ocrx_word' id='word_1_161' title='bbox 1525 2323 1876 2378; x_wconf 67' lang='lat' dir='ltr'><strong>humilitatem</strong></span> 
     </span>
    </p>
   </div>
   <div class='ocr_carea' id='block_1_23' title="bbox 294 2414 1875 2484">
    <p class='ocr_par' dir='ltr' id='par_1_23' title="bbox 294 2414 1875 2484">
     <span class='ocr_line' id='line_1_23' title="bbox 294 2414 1875 2484; baseline -0.001 -16"><span class='ocrx_word' id='word_1_162' title='bbox 294 2415 567 2469; x_wconf 80' lang='lat' dir='ltr'><strong>adducens</strong></span> <span class='ocrx_word' id='word_1_163' title='bbox 618 2431 723 2468; x_wconf 87' lang='lat' dir='ltr'><strong>non</strong></span> <span class='ocrx_word' id='word_1_164' title='bbox 768 2414 946 2469; x_wconf 88' lang='lat' dir='ltr'><strong>attulit</strong></span> <span class='ocrx_word' id='word_1_165' title='bbox 985 2414 1287 2484; x_wconf 81' lang='lat' dir='ltr'><strong>exemplum</strong></span> <span class='ocrx_word' id='word_1_166' title='bbox 1319 2414 1446 2467; x_wconf 86' lang='lat' dir='ltr'><strong>illud</strong></span> <span class='ocrx_word' id='word_1_167' title='bbox 1471 2429 1534 2468; x_wconf 82' lang='lat' dir='ltr'><strong>cx</strong></span> <span class='ocrx_word' id='word_1_168' title='bbox 1569 2414 1875 2483; x_wconf 83' lang='lat' dir='ltr'><strong>Evangelia,</strong></span> 
     </span>
    </p>
   </div>
   <div class='ocr_carea' id='block_1_24' title="bbox 294 2504 1877 2575">
    <p class='ocr_par' dir='ltr' id='par_1_24' title="bbox 294 2504 1877 2575">
     <span class='ocr_line' id='line_1_24' title="bbox 294 2504 1877 2575; baseline -0.002 -15"><span class='ocrx_word' id='word_1_169' title='bbox 294 2508 380 2560; x_wconf 85' lang='lat' dir='ltr'><strong>ubi</strong></span> <span class='ocrx_word' id='word_1_170' title='bbox 410 2507 764 2572; x_wconf 68' lang='lat' dir='ltr'><strong>superborum</strong></span> <span class='ocrx_word' id='word_1_171' title='bbox 797 2506 1115 2575; x_wconf 76' lang='lat' dir='ltr'><strong>suppliCiutn</strong></span> <span class='ocrx_word' id='word_1_172' title='bbox 1144 2515 1410 2566; x_wconf 87' lang='lat' dir='ltr'><strong>narratur,</strong></span> <span class='ocrx_word' id='word_1_173' title='bbox 1439 2504 1531 2559; x_wconf 89' lang='lat' dir='ltr'><strong>sed</strong></span> <span class='ocrx_word' id='word_1_174' title='bbox 1546 2504 1613 2559; x_wconf 89' lang='lat' dir='ltr'><strong>ab</strong></span> <span class='ocrx_word' id='word_1_175' title='bbox 1629 2505 1877 2570; x_wconf 81' lang='lat' dir='ltr'><strong>exemplo</strong></span> 
     </span>
    </p>
   </div>
   <div class='ocr_carea' id='block_1_25' title="bbox 292 2596 1876 2667">
    <p class='ocr_par' dir='ltr' id='par_1_25' title="bbox 292 2596 1876 2667">
     <span class='ocr_line' id='line_1_25' title="bbox 292 2596 1876 2667; baseline -0.003 -15"><span class='ocrx_word' id='word_1_176' title='bbox 292 2597 385 2652; x_wconf 87' lang='lat' dir='ltr'><strong>Dei</strong></span> <span class='ocrx_word' id='word_1_177' title='bbox 412 2598 834 2651; x_wconf 81' lang='lat' dir='ltr'><strong>admonitionem</strong></span> <span class='ocrx_word' id='word_1_178' title='bbox 865 2598 1051 2664; x_wconf 77' lang='lat' dir='ltr'><strong>duxit,</strong></span> <span class='ocrx_word' id='word_1_179' title='bbox 1083 2599 1317 2667; x_wconf 85' lang='lat' dir='ltr'><strong>ipsisque</strong></span> <span class='ocrx_word' id='word_1_180' title='bbox 1348 2598 1567 2651; x_wconf 85' lang='lat' dir='ltr'><strong>omnino</strong></span> <span class='ocrx_word' id='word_1_181' title='bbox 1598 2605 1651 2650; x_wconf 81' lang='grc' dir='ltr'><strong>ιιι</strong></span> <span class='ocrx_word' id='word_1_182' title='bbox 1700 2596 1876 2666; x_wconf 83' lang='lat' dir='ltr'><strong>legiti-</strong></span> 
     </span>
    </p>
   </div>
   <div class='ocr_carea' id='block_1_26' title="bbox 289 2689 1874 2760">
    <p class='ocr_par' dir='ltr' id='par_1_26' title="bbox 289 2689 1874 2760">
     <span class='ocr_line' id='line_1_26' title="bbox 289 2689 1874 2760; baseline 0 -16"><span class='ocrx_word' id='word_1_183' title='bbox 289 2691 392 2744; x_wconf 90' lang='lat' dir='ltr'><strong>mis</strong></span> <span class='ocrx_word' id='word_1_184' title='bbox 424 2689 549 2743; x_wconf 84' lang='lat' dir='ltr'><strong>liliis</strong></span> <span class='ocrx_word' id='word_1_185' title='bbox 577 2689 835 2760; x_wconf 86' lang='lat' dir='ltr'><strong>loquitur,</strong></span> <span class='ocrx_word' id='word_1_186' title='bbox 867 2706 970 2744; x_wconf 92' lang='lat' dir='ltr'><strong>non</strong></span> <span class='ocrx_word' id='word_1_187' title='bbox 1010 2699 1066 2744; x_wconf 89' lang='lat' dir='ltr'><strong>ut</strong></span> <span class='ocrx_word' id='word_1_188' title='bbox 1110 2690 1339 2745; x_wconf 81' lang='lat' dir='ltr'><strong>famulis.</strong></span> <span class='ocrx_word' id='word_1_189' title='bbox 1372 2690 1579 2744; x_wconf 83' lang='lat' dir='ltr'><strong>Etenim</strong></span> <span class='ocrx_word' id='word_1_190' title='bbox 1610 2690 1674 2744; x_wconf 88' lang='lat' dir='ltr'><strong>ad</strong></span> <span class='ocrx_word' id='word_1_191' title='bbox 1705 2690 1874 2744; x_wconf 88' lang='lat' dir='ltr'><strong>virtu-</strong></span> 
     </span>
    </p>
   </div>
   <div class='ocr_carea' id='block_1_27' title="bbox 288 2782 1876 2854">
    <p class='ocr_par' dir='ltr' id='par_1_27' title="bbox 288 2782 1876 2854">
     <span class='ocr_line' id='line_1_27' title="bbox 288 2782 1876 2854; baseline 0 -18"><span class='ocrx_word' id='word_1_192' title='bbox 288 2793 399 2836; x_wconf 77' lang='lat' dir='ltr'><strong>trtn</strong></span> <span class='ocrx_word' id='word_1_193' title='bbox 426 2784 756 2848; x_wconf 82' lang='lat' dir='ltr'><strong>sequendam</strong></span> <span class='ocrx_word' id='word_1_194' title='bbox 787 2783 831 2837; x_wconf 89' lang='lat' dir='ltr'><strong>is</strong></span> <span class='ocrx_word' id='word_1_195' title='bbox 860 2784 947 2853; x_wconf 90' lang='lat' dir='ltr'><strong>qui</strong></span> <span class='ocrx_word' id='word_1_196' title='bbox 992 2782 1125 2837; x_wconf 87' lang='lat' dir='ltr'><strong>bona</strong></span> <span class='ocrx_word' id='word_1_197' title='bbox 1170 2792 1224 2838; x_wconf 91' lang='lat' dir='ltr'><strong>et</strong></span> <span class='ocrx_word' id='word_1_198' title='bbox 1248 2799 1507 2853; x_wconf 72' lang='lat' dir='ltr'><strong>generosa</strong></span> <span class='ocrx_word' id='word_1_199' title='bbox 1539 2794 1714 2838; x_wconf 91' lang='lat' dir='ltr'><strong>mcnte</strong></span> <span class='ocrx_word' id='word_1_200' title='bbox 1739 2799 1876 2854; x_wconf 73' lang='lat' dir='ltr'><strong>prte-</strong></span> 
     </span>
    </p>
   </div>
   <div class='ocr_carea' id='block_1_28' title="bbox 285 2874 1876 2944">
    <p class='ocr_par' dir='ltr' id='par_1_28' title="bbox 285 2874 1876 2944">
     <span class='ocr_line' id='line_1_28' title="bbox 285 2874 1876 2944; baseline 0.001 -17"><span class='ocrx_word' id='word_1_201' title='bbox 285 2874 335 2927; x_wconf 89' lang='lat' dir='ltr'><strong>di</strong></span> <span class='ocrx_word' id='word_1_202' title='bbox 367 2891 431 2926; x_wconf 87' lang='lat' dir='ltr'><strong>tts</strong></span> <span class='ocrx_word' id='word_1_203' title='bbox 472 2883 574 2935; x_wconf 84' lang='lat' dir='ltr'><strong>est,</strong></span> <span class='ocrx_word' id='word_1_204' title='bbox 607 2875 855 2943; x_wconf 76' lang='lat' dir='ltr'><strong>exemplo</strong></span> <span class='ocrx_word' id='word_1_205' title='bbox 910 2890 1093 2928; x_wconf 90' lang='lat' dir='ltr'><strong>eorum</strong></span> <span class='ocrx_word' id='word_1_206' title='bbox 1153 2877 1240 2944; x_wconf 91' lang='lat' dir='ltr'><strong>qui</strong></span> <span class='ocrx_word' id='word_1_207' title='bbox 1294 2885 1438 2929; x_wconf 88' lang='lat' dir='ltr'><strong>recte</strong></span> <span class='ocrx_word' id='word_1_208' title='bbox 1494 2889 1553 2929; x_wconf 87' lang='lat' dir='ltr'><strong>se</strong></span> <span class='ocrx_word' id='word_1_209' title='bbox 1594 2884 1876 2944; x_wconf 79' lang='lat' dir='ltr'><strong>gcsSerunt</strong></span> 
     </span>
    </p>
   </div>
   <div class='ocr_carea' id='block_1_29' title="bbox 283 2965 1875 3034">
    <p class='ocr_par' dir='ltr' id='par_1_29' title="bbox 283 2965 1875 3034">
     <span class='ocr_line' id='line_1_29' title="bbox 283 2965 1875 3034; baseline 0.001 -16"><span class='ocrx_word' id='word_1_210' title='bbox 283 2965 573 3018; x_wconf 75' lang='lat' dir='ltr'><strong>adducitur</strong></span> <span class='ocrx_word' id='word_1_211' title='bbox 600 2980 615 3018; x_wconf 91' lang='lat'>:</span> <span class='ocrx_word' id='word_1_212' title='bbox 646 2965 690 3018; x_wconf 93' lang='lat' dir='ltr'><strong>is</strong></span> <span class='ocrx_word' id='word_1_213' title='bbox 715 2980 840 3017; x_wconf 88' lang='lat' dir='ltr'><strong>vero</strong></span> <span class='ocrx_word' id='word_1_214' title='bbox 861 2965 945 3017; x_wconf 89' lang='lat' dir='ltr'><strong>cui</strong></span> <span class='ocrx_word' id='word_1_215' title='bbox 977 2965 1144 3019; x_wconf 87' lang='lat' dir='ltr'><strong>malus</strong></span> <span class='ocrx_word' id='word_1_216' title='bbox 1164 2966 1392 3028; x_wconf 89' lang='lat' dir='ltr'><strong>animus,</strong></span> <span class='ocrx_word' id='word_1_217' title='bbox 1421 2981 1603 3019; x_wconf 91' lang='lat' dir='ltr'><strong>eorum</strong></span> <span class='ocrx_word' id='word_1_218' title='bbox 1623 2965 1875 3034; x_wconf 77' lang='lat' dir='ltr'><strong>exemplo</strong></span> 
     </span>
    </p>
   </div>
   <div class='ocr_carea' id='block_1_30' title="bbox 280 3056 1874 3127">
    <p class='ocr_par' dir='ltr' id='par_1_30' title="bbox 280 3056 1874 3127">
     <span class='ocr_line' id='line_1_30' title="bbox 280 3056 1874 3127; baseline 0.002 -18"><span class='ocrx_word' id='word_1_219' title='bbox 280 3057 374 3127; x_wconf 86' lang='lat' dir='ltr'><strong>qui</strong></span> <span class='ocrx_word' id='word_1_220' title='bbox 407 3057 623 3110; x_wconf 73' lang='lat' dir='ltr'><strong>virtutis</strong></span> <span class='ocrx_word' id='word_1_221' title='bbox 651 3074 869 3111; x_wconf 80' lang='lat' dir='ltr'><strong>munera</strong></span> <span class='ocrx_word' id='word_1_222' title='bbox 905 3074 1007 3111; x_wconf 89' lang='lat' dir='ltr'><strong>non</strong></span> <span class='ocrx_word' id='word_1_223' title='bbox 1036 3056 1319 3111; x_wconf 72' lang='lat' dir='ltr'><strong>obit-erunt</strong></span> <span class='ocrx_word' id='word_1_224' title='bbox 1352 3076 1366 3110; x_wconf 77' lang='grc' dir='ltr'><strong>ε</strong></span> <span class='ocrx_word' id='word_1_225' title='bbox 1403 3058 1488 3112; x_wconf 76' lang='lat' dir='ltr'><strong>ille</strong></span> <span class='ocrx_word' id='word_1_226' title='bbox 1533 3057 1756 3121; x_wconf 83' lang='lat' dir='ltr'><strong>honore,</strong></span> <span class='ocrx_word' id='word_1_227' title='bbox 1790 3057 1874 3112; x_wconf 92' lang='lat' dir='ltr'><strong>hic</strong></span> 
     </span>
    </p>
   </div>
   <div class='ocr_carea' id='block_1_31' title="bbox 280 3146 1871 3216">
    <p class='ocr_par' dir='ltr' id='par_1_31' title="bbox 280 3146 1871 3216">
     <span class='ocr_line' id='line_1_31' title="bbox 280 3146 1871 3216; baseline 0.001 -15"><span class='ocrx_word' id='word_1_228' title='bbox 280 3147 573 3216; x_wconf 78' lang='lat' dir='ltr'><strong>supplicio.</strong></span> <span class='ocrx_word' id='word_1_229' title='bbox 624 3146 914 3216; x_wconf 77' lang='lat' dir='ltr'><strong>Propterea</strong></span> <span class='ocrx_word' id='word_1_230' title='bbox 964 3148 1029 3202; x_wconf 89' lang='lat' dir='ltr'><strong>ad</strong></span> <span class='ocrx_word' id='word_1_231' title='bbox 1086 3147 1340 3202; x_wconf 75' lang='lat' dir='ltr'><strong>llebrmos</strong></span> <span class='ocrx_word' id='word_1_232' title='bbox 1388 3147 1548 3201; x_wconf 89' lang='lat' dir='ltr'><strong>etiam</strong></span> <span class='ocrx_word' id='word_1_233' title='bbox 1606 3146 1871 3213; x_wconf 83' lang='lat' dir='ltr'><strong>scribens,</strong></span> 
     </span>
    </p>
   </div>
   <div class='ocr_carea' id='block_1_32' title="bbox 282 3237 1869 3309">
    <p class='ocr_par' dir='ltr' id='par_1_32' title="bbox 282 3237 1869 3309">
     <span class='ocr_line' id='line_1_32' title="bbox 282 3237 1869 3309; baseline 0.001 -18"><span class='ocrx_word' id='word_1_234' title='bbox 282 3237 434 3291; x_wconf 72' lang='lat' dir='ltr'><strong>Esat‘t</strong></span> <span class='ocrx_word' id='word_1_235' title='bbox 479 3238 535 3290; x_wconf 89' lang='lat' dir='ltr'><strong>lu</strong></span> <span class='ocrx_word' id='word_1_236' title='bbox 588 3238 818 3292; x_wconf 88' lang='lat' dir='ltr'><strong>medium</strong></span> <span class='ocrx_word' id='word_1_237' title='bbox 847 3238 1086 3302; x_wconf 68' lang='lat' dir='ltr'><strong>adduxit,</strong></span> <span class='ocrx_word' id='word_1_238' title='bbox 1129 3239 1217 3309; x_wconf 89' lang='lat' dir='ltr'><strong>qui</strong></span> <span class='ocrx_word' id='word_1_239' title='bbox 1259 3250 1477 3307; x_wconf 77' lang='lat' dir='ltr'><strong>propter</strong></span> <span class='ocrx_word' id='word_1_240' title='bbox 1505 3254 1663 3292; x_wconf 90' lang='lat' dir='ltr'><strong>uuam</strong></span> <span class='ocrx_word' id='word_1_241' title='bbox 1690 3252 1869 3293; x_wconf 87' lang='lat' dir='ltr'><strong>escam</strong></span> 
     </span>
    </p>
   </div>
   <div class='ocr_carea' id='block_1_33' title="bbox 280 3326 1866 3400">
    <p class='ocr_par' dir='ltr' id='par_1_33' title="bbox 280 3326 1866 3400">
     <span class='ocr_line' id='line_1_33' title="bbox 280 3326 1866 3400; baseline 0.002 -22"><span class='ocrx_word' id='word_1_242' title='bbox 280 3327 532 3380; x_wconf 70' lang='lat' dir='ltr'><strong>vendidit</strong></span> <span class='ocrx_word' id='word_1_243' title='bbox 560 3326 1032 3397; x_wconf 83' lang='lat' dir='ltr'><strong>pritnogcuituram</strong></span> <span class='ocrx_word' id='word_1_244' title='bbox 1066 3327 1249 3400; x_wconf 83' lang='lat' dir='ltr'><strong>(Hebr.</strong></span> <span class='ocrx_word' id='word_1_245' title='bbox 1282 3329 1370 3382; x_wconf 68' lang='lat'><strong>19..</strong></span> <span class='ocrx_word' id='word_1_246' title='bbox 1403 3329 1493 3395; x_wconf 79' lang='grc'><strong>16)</strong></span> <span class='ocrx_word' id='word_1_247' title='bbox 1518 3345 1532 3393; x_wconf 89' lang='grc'>;</span> <span class='ocrx_word' id='word_1_248' title='bbox 1562 3338 1614 3382; x_wconf 87' lang='lat' dir='ltr'><strong>et</strong></span> <span class='ocrx_word' id='word_1_249' title='bbox 1643 3345 1828 3383; x_wconf 84' lang='lat' dir='ltr'><strong>rursus</strong></span> <span class='ocrx_word' id='word_1_250' title='bbox 1850 3369 1866 3395; x_wconf 94' lang='lat'><strong>,</strong></span> 
     </span>
    </p>
   </div>
   <div class='ocr_carea' id='block_1_34' title="bbox 279 3419 1869 3490">
    <p class='ocr_par' dir='ltr' id='par_1_34' title="bbox 279 3419 1869 3490">
     <span class='ocr_line' id='line_1_34' title="bbox 279 3419 1869 3490; baseline 0.003 -18"><span class='ocrx_word' id='word_1_251' title='bbox 279 3419 346 3473; x_wconf 91' lang='lat' dir='ltr'><strong>Si</strong></span> <span class='ocrx_word' id='word_1_252' title='bbox 367 3419 675 3471; x_wconf 70' lang='lat' dir='ltr'><strong>subtraxerit</strong></span> <span class='ocrx_word' id='word_1_253' title='bbox 698 3438 770 3483; x_wconf 85' lang='lat' dir='ltr'><strong>se,</strong></span> <span class='ocrx_word' id='word_1_254' title='bbox 802 3437 899 3473; x_wconf 88' lang='lat' dir='ltr'><strong>non</strong></span> <span class='ocrx_word' id='word_1_255' title='bbox 936 3420 1147 3490; x_wconf 82' lang='lat' dir='ltr'><strong>placebit</strong></span> <span class='ocrx_word' id='word_1_256' title='bbox 1188 3425 1373 3474; x_wconf 79' lang='lat' dir='ltr'><strong>anian</strong></span> <span class='ocrx_word' id='word_1_257' title='bbox 1397 3437 1517 3475; x_wconf 60' lang='lat' dir='ltr'><strong>metu</strong></span> <span class='ocrx_word' id='word_1_258' title='bbox 1543 3423 1560 3490; x_wconf 89' lang='lat'><strong>(</strong></span> <span class='ocrx_word' id='word_1_259' title='bbox 1597 3421 1754 3477; x_wconf 82' lang='lat' dir='ltr'><strong>Hebr.</strong></span> <span class='ocrx_word' id='word_1_260' title='bbox 1780 3421 1869 3476; x_wconf 71' lang='grc'><strong>10.</strong></span> 
     </span>
    </p>
   </div>
   <div class='ocr_carea' id='block_1_35' title="bbox 274 3509 1866 3583">
    <p class='ocr_par' dir='ltr' id='par_1_35' title="bbox 274 3509 1866 3583">
     <span class='ocr_line' id='line_1_35' title="bbox 274 3509 1866 3583; baseline 0.001 -19"><span class='ocrx_word' id='word_1_261' title='bbox 274 3510 394 3580; x_wconf 80' lang='grc'><strong>58).</strong></span> <span class='ocrx_word' id='word_1_262' title='bbox 432 3510 591 3579; x_wconf 78' lang='lat' dir='ltr'><strong>Atqui</strong></span> <span class='ocrx_word' id='word_1_263' title='bbox 624 3509 761 3564; x_wconf 89' lang='lat' dir='ltr'><strong>inter</strong></span> <span class='ocrx_word' id='word_1_264' title='bbox 790 3512 1097 3566; x_wconf 76' lang='lat' dir='ltr'><strong>Corinthios</strong></span> <span class='ocrx_word' id='word_1_265' title='bbox 1140 3512 1354 3582; x_wconf 77' lang='lat' dir='ltr'><strong>quidem</strong></span> <span class='ocrx_word' id='word_1_266' title='bbox 1385 3514 1534 3565; x_wconf 88' lang='lat' dir='ltr'><strong>tnttlti</strong></span> <span class='ocrx_word' id='word_1_267' title='bbox 1567 3524 1741 3579; x_wconf 83' lang='lat' dir='ltr'><strong>erant,</strong></span> <span class='ocrx_word' id='word_1_268' title='bbox 1774 3513 1866 3583; x_wconf 89' lang='lat' dir='ltr'><strong>qtti</strong></span> 
     </span>
    </p>
   </div>
   <div class='ocr_carea' id='block_1_36' title="bbox 270 3599 1869 3670">
    <p class='ocr_par' dir='ltr' id='par_1_36' title="bbox 270 3599 1869 3670">
     <span class='ocr_line' id='line_1_36' title="bbox 270 3599 1869 3670; baseline 0 -16"><span class='ocrx_word' id='word_1_269' title='bbox 270 3600 508 3654; x_wconf 79' lang='lat' dir='ltr'><strong>scortati</strong></span> <span class='ocrx_word' id='word_1_270' title='bbox 559 3599 799 3655; x_wconf 80' lang='lat' dir='ltr'><strong>fuerant:</strong></span> <span class='ocrx_word' id='word_1_271' title='bbox 849 3613 1125 3670; x_wconf 84' lang='lat' dir='ltr'><strong>propterea</strong></span> <span class='ocrx_word' id='word_1_272' title='bbox 1158 3601 1388 3667; x_wconf 76' lang='lat' dir='ltr'><strong>dicebat,</strong></span> <span class='ocrx_word' id='word_1_273' title='bbox 1419 3601 1500 3656; x_wconf 86' lang='lat' dir='ltr'><strong>Ne</strong></span> <span class='ocrx_word' id='word_1_274' title='bbox 1540 3605 1718 3656; x_wconf 85' lang='lat' dir='ltr'><strong>iterant</strong></span> <span class='ocrx_word' id='word_1_275' title='bbox 1756 3619 1869 3656; x_wconf 83' lang='lat' dir='ltr'><strong>cum</strong></span> 
     </span>
    </p>
   </div>
   <div class='ocr_carea' id='block_1_37' title="bbox 270 3695 1870 3767">
    <p class='ocr_par' dir='ltr' id='par_1_37' title="bbox 270 3695 1870 3767">
     <span class='ocr_line' id='line_1_37' title="bbox 270 3695 1870 3767; baseline 0.001 -20"><span class='ocrx_word' id='word_1_276' title='bbox 270 3709 462 3747; x_wconf 74' lang='lat' dir='ltr'><strong>reuere</strong></span> <span class='ocrx_word' id='word_1_277' title='bbox 489 3698 559 3745; x_wconf 80' lang='lat' dir='ltr'><strong>ad</strong></span> <span class='ocrx_word' id='word_1_278' title='bbox 586 3710 687 3757; x_wconf 81' lang='lat' dir='ltr'><strong>vos,</strong></span> <span class='ocrx_word' id='word_1_279' title='bbox 714 3695 942 3748; x_wconf 81' lang='lat' dir='ltr'><strong>Intmiliet</strong></span> <span class='ocrx_word' id='word_1_280' title='bbox 966 3712 1042 3747; x_wconf 86' lang='lat' dir='ltr'><strong>me</strong></span> <span class='ocrx_word' id='word_1_281' title='bbox 1070 3695 1202 3748; x_wconf 81' lang='lat' dir='ltr'><strong>Dens</strong></span> <span class='ocrx_word' id='word_1_282' title='bbox 1219 3710 1374 3762; x_wconf 71' lang='lat' dir='ltr'><strong>meus,</strong></span> <span class='ocrx_word' id='word_1_283' title='bbox 1399 3707 1447 3749; x_wconf 86' lang='lat' dir='ltr'><strong>et</strong></span> <span class='ocrx_word' id='word_1_284' title='bbox 1467 3697 1666 3767; x_wconf 84' lang='lat' dir='ltr'><strong>lugeam</strong></span> <span class='ocrx_word' id='word_1_285' title='bbox 1685 3696 1870 3749; x_wconf 84' lang='lat' dir='ltr'><strong>multos</strong></span> 
     </span>
    </p>
   </div>
   <div class='ocr_carea' id='block_1_38' title="bbox 270 3786 1868 3858">
    <p class='ocr_par' dir='ltr' id='par_1_38' title="bbox 270 3786 1868 3858">
     <span class='ocr_line' id='line_1_38' title="bbox 270 3786 1868 3858; baseline 0.001 -18"><span class='ocrx_word' id='word_1_286' title='bbox 270 3803 337 3840; x_wconf 79' lang='lat' dir='ltr'><strong>ca:</strong></span> <span class='ocrx_word' id='word_1_287' title='bbox 356 3787 448 3848; x_wconf 81' lang='lat' dir='ltr'><strong>iis,</strong></span> <span class='ocrx_word' id='word_1_288' title='bbox 479 3786 570 3852; x_wconf 89' lang='lat' dir='ltr'><strong>qui</strong></span> <span class='ocrx_word' id='word_1_289' title='bbox 589 3797 734 3839; x_wconf 85' lang='lat' dir='ltr'><strong>antea</strong></span> <span class='ocrx_word' id='word_1_290' title='bbox 766 3797 1117 3855; x_wconf 75' lang='lat' dir='ltr'><strong>peccaverunt,</strong></span> <span class='ocrx_word' id='word_1_291' title='bbox 1164 3799 1209 3841; x_wconf 91' lang='lat' dir='ltr'><strong>et</strong></span> <span class='ocrx_word' id='word_1_292' title='bbox 1257 3805 1357 3841; x_wconf 87' lang='lat' dir='ltr'><strong>non</strong></span> <span class='ocrx_word' id='word_1_293' title='bbox 1388 3799 1594 3858; x_wconf 81' lang='lat' dir='ltr'><strong>egerunt</strong></span> <span class='ocrx_word' id='word_1_294' title='bbox 1622 3790 1868 3858; x_wconf 79' lang='lat' dir='ltr'><strong>pteuiten-</strong></span> 
     </span>
    </p>
   </div>
   <div class='ocr_carea' id='block_1_39' title="bbox 269 3878 1864 3950">
    <p class='ocr_par' dir='ltr' id='par_1_39' title="bbox 269 3878 1864 3950">
     <span class='ocr_line' id='line_1_39' title="bbox 269 3878 1864 3950; baseline 0.003 -21"><span class='ocrx_word' id='word_1_295' title='bbox 269 3878 404 3929; x_wconf 81' lang='lat' dir='ltr'><strong>tiam</strong></span> <span class='ocrx_word' id='word_1_296' title='bbox 440 3894 594 3945; x_wconf 78' lang='lat' dir='ltr'><strong>super</strong></span> <span class='ocrx_word' id='word_1_297' title='bbox 618 3878 936 3931; x_wconf 85' lang='lat' dir='ltr'><strong>immunditia</strong></span> <span class='ocrx_word' id='word_1_298' title='bbox 980 3888 1026 3932; x_wconf 88' lang='lat' dir='ltr'><strong>et</strong></span> <span class='ocrx_word' id='word_1_299' title='bbox 1066 3880 1401 3946; x_wconf 75' lang='lat' dir='ltr'><strong>fornicatione</strong></span> <span class='ocrx_word' id='word_1_300' title='bbox 1440 3891 1488 3933; x_wconf 86' lang='lat' dir='ltr'><strong>et</strong></span> <span class='ocrx_word' id='word_1_301' title='bbox 1528 3880 1864 3950; x_wconf 86' lang='lat' dir='ltr'><strong>impudicitia,</strong></span> 
     </span>
    </p>
   </div>
   <div class='ocr_carea' id='block_1_40' title="bbox 266 3971 1870 4044">
    <p class='ocr_par' dir='ltr' id='par_1_40' title="bbox 266 3971 1870 4044">
     <span class='ocr_line' id='line_1_40' title="bbox 266 3971 1870 4044; baseline 0.004 -23"><span class='ocrx_word' id='word_1_302' title='bbox 266 3986 433 4039; x_wconf 82' lang='lat' dir='ltr'><strong>quant</strong></span> <span class='ocrx_word' id='word_1_303' title='bbox 460 3982 721 4039; x_wconf 83' lang='lat' dir='ltr'><strong>gesserunt</strong></span> <span class='ocrx_word' id='word_1_304' title='bbox 751 3971 839 4040; x_wconf 78' lang='lat'><strong>(9..</strong></span> <span class='ocrx_word' id='word_1_305' title='bbox 865 3971 981 4024; x_wconf 71' lang='grc' dir='ltr'><strong>(ἔον.</strong></span> <span class='ocrx_word' id='word_1_306' title='bbox 1010 3971 1096 4026; x_wconf 72' lang='grc'><strong>12.</strong></span> <span class='ocrx_word' id='word_1_307' title='bbox 1116 3972 1178 4025; x_wconf 64' lang='grc' dir='ltr'>ει</span> <span class='ocrx_word' id='word_1_308' title='bbox 1283 3971 1348 4027; x_wconf 86' lang='lat' dir='ltr'><strong>Ut</strong></span> <span class='ocrx_word' id='word_1_309' title='bbox 1385 3973 1514 4038; x_wconf 84' lang='lat' dir='ltr'><strong>sitis,</strong></span> <span class='ocrx_word' id='word_1_310' title='bbox 1542 3972 1731 4042; x_wconf 89' lang='lat' dir='ltr'><strong>inquit,</strong></span> <span class='ocrx_word' id='word_1_311' title='bbox 1760 3974 1870 4027; x_wconf 84' lang='lat' dir='ltr'><strong>sine</strong></span> 
     </span>
    </p>
   </div>
   <div class='ocr_carea' id='block_1_41' title="bbox 266 4059 1866 4132">
    <p class='ocr_par' dir='ltr' id='par_1_41' title="bbox 266 4059 1866 4132">
     <span class='ocr_line' id='line_1_41' title="bbox 266 4059 1866 4132; baseline 0.004 -20"><span class='ocrx_word' id='word_1_312' title='bbox 266 4059 511 4131; x_wconf 83' lang='lat' dir='ltr'><strong>querela,</strong></span> <span class='ocrx_word' id='word_1_313' title='bbox 571 4069 620 4113; x_wconf 89' lang='lat' dir='ltr'><strong>et</strong></span> <span class='ocrx_word' id='word_1_314' title='bbox 657 4062 949 4130; x_wconf 77' lang='lat' dir='ltr'><strong>simplices;</strong></span> <span class='ocrx_word' id='word_1_315' title='bbox 1006 4062 1056 4115; x_wconf 91' lang='lat' dir='ltr'><strong>id</strong></span> <span class='ocrx_word' id='word_1_316' title='bbox 1108 4071 1220 4127; x_wconf 84' lang='lat' dir='ltr'><strong>est,</strong></span> <span class='ocrx_word' id='word_1_317' title='bbox 1276 4063 1405 4117; x_wconf 87' lang='lat' dir='ltr'><strong>nulli</strong></span> <span class='ocrx_word' id='word_1_318' title='bbox 1460 4064 1866 4132; x_wconf 83' lang='lat' dir='ltr'><strong>reprehensioni</strong></span> 
     </span>
    </p>
   </div>
   <div class='ocr_carea' id='block_1_42' title="bbox 268 4152 1873 4224">
    <p class='ocr_par' dir='ltr' id='par_1_42' title="bbox 268 4152 1873 4224">
     <span class='ocr_line' id='line_1_42' title="bbox 268 4152 1873 4224; baseline 0.006 -23"><span class='ocrx_word' id='word_1_319' title='bbox 268 4152 525 4215; x_wconf 78' lang='lat' dir='ltr'><strong>nbuosii,</strong></span> <span class='ocrx_word' id='word_1_320' title='bbox 558 4153 672 4220; x_wconf 88' lang='lat' dir='ltr'><strong>puri</strong></span> <span class='ocrx_word' id='word_1_321' title='bbox 706 4163 865 4222; x_wconf 88' lang='lat' dir='ltr'><strong>atque</strong></span> <span class='ocrx_word' id='word_1_322' title='bbox 896 4153 1087 4224; x_wconf 75' lang='lat' dir='ltr'><strong>integri</strong></span> <span class='ocrx_word' id='word_1_323' title='bbox 1121 4173 1133 4208; x_wconf 90' lang='lat'>:</span> <span class='ocrx_word' id='word_1_324' title='bbox 1166 4170 1271 4209; x_wconf 87' lang='lat' dir='ltr'><strong>nott</strong></span> <span class='ocrx_word' id='word_1_325' title='bbox 1298 4156 1443 4211; x_wconf 84' lang='lat' dir='ltr'><strong>ettim</strong></span> <span class='ocrx_word' id='word_1_326' title='bbox 1473 4156 1642 4210; x_wconf 83' lang='lat' dir='ltr'><strong>levem</strong></span> <span class='ocrx_word' id='word_1_327' title='bbox 1686 4171 1873 4210; x_wconf 81' lang='lat' dir='ltr'><strong>nmen--</strong></span> 
     </span>
    </p>
   </div>
   <div class='ocr_carea' id='block_1_43' title="bbox 267 4242 1867 4316">
    <p class='ocr_par' dir='ltr' id='par_1_43' title="bbox 267 4242 1867 4316">
     <span class='ocr_line' id='line_1_43' title="bbox 267 4242 1867 4316; baseline 0.004 -22"><span class='ocrx_word' id='word_1_328' title='bbox 267 4242 379 4294; x_wconf 78' lang='lat' dir='ltr'><strong>laut‘</strong></span> <span class='ocrx_word' id='word_1_329' title='bbox 411 4243 645 4309; x_wconf 82' lang='lat' dir='ltr'><strong>imponit</strong></span> <span class='ocrx_word' id='word_1_330' title='bbox 664 4246 1035 4299; x_wconf 86' lang='lat' dir='ltr'><strong>murmuratio.</strong></span> <span class='ocrx_word' id='word_1_331' title='bbox 1069 4246 1204 4312; x_wconf 80' lang='lat' dir='ltr'><strong>Quid</strong></span> <span class='ocrx_word' id='word_1_332' title='bbox 1233 4246 1708 4316; x_wconf 83' lang='lat' dir='ltr'><strong>autcntsignilicat,</strong></span> <span class='ocrx_word' id='word_1_333' title='bbox 1736 4247 1867 4302; x_wconf 87' lang='lat' dir='ltr'><strong>Sine</strong></span> 
     </span>
    </p>
   </div>
   <div class='ocr_carea' id='block_1_44' title="bbox 274 4336 1862 4404">
    <p class='ocr_par' dir='ltr' id='par_1_44' title="bbox 274 4336 1862 4404">
     <span class='ocr_line' id='line_1_44' title="bbox 274 4336 1862 4404; baseline 0.005 -17"><span class='ocrx_word' id='word_1_334' title='bbox 274 4336 728 4391; x_wconf 80' lang='lat' dir='ltr'><strong>lttrsitationibus?</strong></span> <span class='ocrx_word' id='word_1_335' title='bbox 758 4349 931 4392; x_wconf 90' lang='lat' dir='ltr'><strong>utrtnn</strong></span> <span class='ocrx_word' id='word_1_336' title='bbox 963 4341 1159 4393; x_wconf 84' lang='lat' dir='ltr'><strong>bonum</strong></span> <span class='ocrx_word' id='word_1_337' title='bbox 1182 4350 1285 4404; x_wconf 90' lang='lat' dir='ltr'><strong>est,</strong></span> <span class='ocrx_word' id='word_1_338' title='bbox 1316 4355 1382 4394; x_wconf 90' lang='lat' dir='ltr'><strong>an</strong></span> <span class='ocrx_word' id='word_1_339' title='bbox 1412 4340 1677 4396; x_wconf 85' lang='lat' dir='ltr'><strong>minime?</strong></span> <span class='ocrx_word' id='word_1_340' title='bbox 1702 4341 1780 4397; x_wconf 87' lang='lat' dir='ltr'><strong>Ne</strong></span> <span class='ocrx_word' id='word_1_341' title='bbox 1811 4341 1862 4396; x_wconf 92' lang='lat' dir='ltr'><strong>in</strong></span> 
     </span>
    </p>
   </div>
   <div class='ocr_carea' id='block_1_45' title="bbox 269 4429 1862 4500">
    <p class='ocr_par' dir='ltr' id='par_1_45' title="bbox 269 4429 1862 4500">
     <span class='ocr_line' id='line_1_45' title="bbox 269 4429 1862 4500; baseline 0.003 -19"><span class='ocrx_word' id='word_1_342' title='bbox 269 4429 720 4500; x_wconf 77' lang='lat' dir='ltr'><strong>disputationem,</strong></span> <span class='ocrx_word' id='word_1_343' title='bbox 746 4431 933 4500; x_wconf 85' lang='lat' dir='ltr'><strong>inquit,</strong></span> <span class='ocrx_word' id='word_1_344' title='bbox 968 4446 1078 4485; x_wconf 86' lang='lat' dir='ltr'><strong>rem</strong></span> <span class='ocrx_word' id='word_1_345' title='bbox 1107 4432 1407 4498; x_wconf 83' lang='lat' dir='ltr'><strong>addut&#39;atis,</strong></span> <span class='ocrx_word' id='word_1_346' title='bbox 1442 4431 1652 4486; x_wconf 88' lang='lat' dir='ltr'><strong>etiamsi</strong></span> <span class='ocrx_word' id='word_1_347' title='bbox 1685 4431 1862 4497; x_wconf 87' lang='lat' dir='ltr'><strong>labor,</strong></span> 
     </span>
    </p>
   </div>
   <div class='ocr_carea' id='block_1_46' title="bbox 271 4521 1864 4595">
    <p class='ocr_par' dir='ltr' id='par_1_46' title="bbox 271 4521 1864 4595">
     <span class='ocr_line' id='line_1_46' title="bbox 271 4521 1864 4595; baseline 0.005 -21"><span class='ocrx_word' id='word_1_348' title='bbox 271 4521 489 4574; x_wconf 82' lang='lat' dir='ltr'><strong>etiamsi</strong></span> <span class='ocrx_word' id='word_1_349' title='bbox 515 4522 755 4576; x_wconf 80' lang='lat' dir='ltr'><strong>molestia</strong></span> <span class='ocrx_word' id='word_1_350' title='bbox 782 4525 850 4577; x_wconf 89' lang='lat' dir='ltr'><strong>sit</strong></span> <span class='ocrx_word' id='word_1_351' title='bbox 875 4524 1013 4592; x_wconf 90' lang='lat' dir='ltr'><strong>quod</strong></span> <span class='ocrx_word' id='word_1_352' title='bbox 1035 4525 1366 4595; x_wconf 86' lang='lat' dir='ltr'><strong>proponitur.</strong></span> <span class='ocrx_word' id='word_1_353' title='bbox 1398 4524 1512 4579; x_wconf 80' lang='lat' dir='ltr'><strong>Non</strong></span> <span class='ocrx_word' id='word_1_354' title='bbox 1530 4525 1688 4589; x_wconf 76' lang='lat' dir='ltr'><strong>dixit,</strong></span> <span class='ocrx_word' id='word_1_355' title='bbox 1710 4525 1778 4582; x_wconf 86' lang='lat' dir='ltr'><strong>Ut</strong></span> <span class='ocrx_word' id='word_1_356' title='bbox 1797 4542 1864 4582; x_wconf 87' lang='lat' dir='ltr'><strong>ne</strong></span> 
     </span>
    </p>
   </div>
   <div class='ocr_carea' id='block_1_47' title="bbox 274 4611 1860 4685">
    <p class='ocr_par' dir='ltr' id='par_1_47' title="bbox 274 4611 1860 4685">
     <span class='ocr_line' id='line_1_47' title="bbox 274 4611 1860 4685; baseline 0.007 -24"><span class='ocrx_word' id='word_1_357' title='bbox 274 4611 613 4679; x_wconf 81' lang='lat' dir='ltr'><strong>pnniamini;</strong></span> <span class='ocrx_word' id='word_1_358' title='bbox 648 4612 731 4665; x_wconf 85' lang='lat' dir='ltr'><strong>isti</strong></span> <span class='ocrx_word' id='word_1_359' title='bbox 761 4614 905 4667; x_wconf 89' lang='lat' dir='ltr'><strong>enim</strong></span> <span class='ocrx_word' id='word_1_360' title='bbox 929 4614 1008 4668; x_wconf 89' lang='lat' dir='ltr'><strong>rei</strong></span> <span class='ocrx_word' id='word_1_361' title='bbox 1039 4615 1358 4681; x_wconf 81' lang='lat' dir='ltr'><strong>supplicium</strong></span> <span class='ocrx_word' id='word_1_362' title='bbox 1384 4627 1465 4670; x_wconf 78' lang='lat' dir='ltr'><strong>est</strong></span> <span class='ocrx_word' id='word_1_363' title='bbox 1500 4618 1860 4685; x_wconf 84' lang='lat' dir='ltr'><strong>propositum:</strong></span> 
     </span>
    </p>
   </div>
   <div class='ocr_carea' id='block_1_48' title="bbox 271 4701 1864 4772">
    <p class='ocr_par' dir='ltr' id='par_1_48' title="bbox 271 4701 1864 4772">
     <span class='ocr_line' id='line_1_48' title="bbox 271 4701 1864 4772; baseline 0.008 -23"><span class='ocrx_word' id='word_1_364' title='bbox 271 4702 419 4770; x_wconf 81' lang='lat' dir='ltr'><strong>quod</strong></span> <span class='ocrx_word' id='word_1_365' title='bbox 469 4702 526 4755; x_wconf 90' lang='lat' dir='ltr'><strong>in</strong></span> <span class='ocrx_word' id='word_1_366' title='bbox 577 4701 810 4771; x_wconf 85' lang='lat' dir='ltr'><strong>Epistula</strong></span> <span class='ocrx_word' id='word_1_367' title='bbox 856 4704 921 4759; x_wconf 87' lang='lat' dir='ltr'><strong>ad</strong></span> <span class='ocrx_word' id='word_1_368' title='bbox 966 4704 1274 4760; x_wconf 83' lang='lat' dir='ltr'><strong>Corinthios</strong></span> <span class='ocrx_word' id='word_1_369' title='bbox 1319 4707 1599 4772; x_wconf 70' lang='lat' dir='ltr'><strong>indicavit;</strong></span> <span class='ocrx_word' id='word_1_370' title='bbox 1636 4707 1729 4762; x_wconf 88' lang='lat' dir='ltr'><strong>sed</strong></span> <span class='ocrx_word' id='word_1_371' title='bbox 1778 4707 1864 4762; x_wconf 91' lang='lat' dir='ltr'><strong>hic</strong></span> 
     </span>
    </p>
   </div>
   <div class='ocr_carea' id='block_1_49' title="bbox 275 4794 1863 4870">
    <p class='ocr_par' dir='ltr' id='par_1_49' title="bbox 275 4794 1863 4870">
     <span class='ocr_line' id='line_1_49' title="bbox 275 4794 1863 4870; baseline 0.003 -22"><span class='ocrx_word' id='word_1_372' title='bbox 275 4794 411 4848; x_wconf 87' lang='lat' dir='ltr'><strong>nihil</strong></span> <span class='ocrx_word' id='word_1_373' title='bbox 440 4794 705 4863; x_wconf 86' lang='lat' dir='ltr'><strong>ejusmodi</strong></span> <span class='ocrx_word' id='word_1_374' title='bbox 726 4794 895 4861; x_wconf 79' lang='lat' dir='ltr'><strong>dixit;</strong></span> <span class='ocrx_word' id='word_1_375' title='bbox 921 4798 1038 4862; x_wconf 88' lang='lat' dir='ltr'><strong>sed,</strong></span> <span class='ocrx_word' id='word_1_376' title='bbox 1078 4797 1144 4852; x_wconf 87' lang='lat' dir='ltr'><strong>Ut</strong></span> <span class='ocrx_word' id='word_1_377' title='bbox 1166 4800 1295 4863; x_wconf 84' lang='lat' dir='ltr'><strong>sitis,</strong></span> <span class='ocrx_word' id='word_1_378' title='bbox 1324 4800 1503 4869; x_wconf 87' lang='lat' dir='ltr'><strong>inquit,</strong></span> <span class='ocrx_word' id='word_1_379' title='bbox 1529 4802 1638 4854; x_wconf 85' lang='lat' dir='ltr'><strong>sine</strong></span> <span class='ocrx_word' id='word_1_380' title='bbox 1655 4799 1863 4870; x_wconf 76' lang='lat' dir='ltr'><strong>querela</strong></span> 
     </span>
    </p>
   </div>
   <div class='ocr_carea' id='block_1_50' title="bbox 275 4888 1866 4961">
    <p class='ocr_par' dir='ltr' id='par_1_50' title="bbox 275 4888 1866 4961">
     <span class='ocr_line' id='line_1_50' title="bbox 275 4888 1866 4961; baseline 0.003 -20"><span class='ocrx_word' id='word_1_381' title='bbox 275 4899 322 4941; x_wconf 76' lang='lat' dir='ltr'><strong>et</strong></span> <span class='ocrx_word' id='word_1_382' title='bbox 350 4888 631 4957; x_wconf 83' lang='lat' dir='ltr'><strong>simplices,</strong></span> <span class='ocrx_word' id='word_1_383' title='bbox 657 4891 754 4959; x_wconf 80' lang='lat' dir='ltr'><strong>filii</strong></span> <span class='ocrx_word' id='word_1_384' title='bbox 792 4890 889 4946; x_wconf 85' lang='lat' dir='ltr'><strong>Dei</strong></span> <span class='ocrx_word' id='word_1_385' title='bbox 913 4893 1023 4946; x_wconf 82' lang='lat' dir='ltr'><strong>sine</strong></span> <span class='ocrx_word' id='word_1_386' title='bbox 1049 4895 1451 4961; x_wconf 77' lang='lat' dir='ltr'><strong>reprehensione,</strong></span> <span class='ocrx_word' id='word_1_387' title='bbox 1485 4896 1534 4948; x_wconf 87' lang='lat' dir='ltr'><strong>in</strong></span> <span class='ocrx_word' id='word_1_388' title='bbox 1575 4893 1740 4948; x_wconf 86' lang='lat' dir='ltr'><strong>medio</strong></span> <span class='ocrx_word' id='word_1_389' title='bbox 1771 4911 1866 4946; x_wconf 88' lang='lat' dir='ltr'><strong>ua-</strong></span> 
     </span>
    </p>
   </div>
   <div class='ocr_carea' id='block_1_51' title="bbox 277 4981 1861 5055">
    <p class='ocr_par' dir='ltr' id='par_1_51' title="bbox 277 4981 1861 5055">
     <span class='ocr_line' id='line_1_51' title="bbox 277 4981 1861 5055; baseline 0.003 -24"><span class='ocrx_word' id='word_1_390' title='bbox 277 4981 429 5033; x_wconf 84' lang='lat' dir='ltr'><strong>tionis</strong></span> <span class='ocrx_word' id='word_1_391' title='bbox 459 4997 635 5050; x_wconf 74' lang='lat' dir='ltr'><strong>praete</strong></span> <span class='ocrx_word' id='word_1_392' title='bbox 662 4992 706 5035; x_wconf 86' lang='lat' dir='ltr'><strong>ct</strong></span> <span class='ocrx_word' id='word_1_393' title='bbox 738 4999 1000 5049; x_wconf 63' lang='lat' dir='ltr'><strong>perversae,</strong></span> <span class='ocrx_word' id='word_1_394' title='bbox 1033 4983 1162 5037; x_wconf 82' lang='lat' dir='ltr'><strong>inter</strong></span> <span class='ocrx_word' id='word_1_395' title='bbox 1200 5002 1325 5055; x_wconf 85' lang='lat' dir='ltr'><strong>quos</strong></span> <span class='ocrx_word' id='word_1_396' title='bbox 1350 4984 1526 5039; x_wconf 75' lang='lat' dir='ltr'><strong>lucetis</strong></span> <span class='ocrx_word' id='word_1_397' title='bbox 1556 4986 1682 5038; x_wconf 88' lang='lat' dir='ltr'><strong>sicut</strong></span> <span class='ocrx_word' id='word_1_398' title='bbox 1711 4984 1861 5038; x_wconf 87' lang='lat' dir='ltr'><strong>lumi-</strong></span> 
     </span>
    </p>
   </div>
   <div class='ocr_carea' id='block_1_52' title="bbox 274 5073 1864 5147">
    <p class='ocr_par' dir='ltr' id='par_1_52' title="bbox 274 5073 1864 5147">
     <span class='ocr_line' id='line_1_52' title="bbox 274 5073 1864 5147; baseline 0.006 -25"><span class='ocrx_word' id='word_1_399' title='bbox 274 5074 424 5123; x_wconf 75' lang='lat' dir='ltr'><strong>naria</strong></span> <span class='ocrx_word' id='word_1_400' title='bbox 467 5073 519 5125; x_wconf 86' lang='lat' dir='ltr'><strong>in</strong></span> <span class='ocrx_word' id='word_1_401' title='bbox 567 5075 777 5141; x_wconf 84' lang='lat' dir='ltr'><strong>mundo,</strong></span> <span class='ocrx_word' id='word_1_402' title='bbox 819 5075 1022 5128; x_wconf 77' lang='lat' dir='ltr'><strong>verbum</strong></span> <span class='ocrx_word' id='word_1_403' title='bbox 1064 5077 1175 5130; x_wconf 81' lang='lat' dir='ltr'><strong>ritte</strong></span> <span class='ocrx_word' id='word_1_404' title='bbox 1199 5078 1506 5131; x_wconf 81' lang='lat' dir='ltr'><strong>continentes</strong></span> <span class='ocrx_word' id='word_1_405' title='bbox 1547 5078 1614 5129; x_wconf 86' lang='lat' dir='ltr'><strong>ad</strong></span> <span class='ocrx_word' id='word_1_406' title='bbox 1648 5078 1864 5147; x_wconf 84' lang='lat' dir='ltr'><strong>gloriam</strong></span> 
     </span>
    </p>
   </div>
   <div class='ocr_carea' id='block_1_53' title="bbox 276 5170 1862 5243">
    <p class='ocr_par' dir='ltr' id='par_1_53' title="bbox 276 5170 1862 5243">
     <span class='ocr_line' id='line_1_53' title="bbox 276 5170 1862 5243; baseline 0.006 -22"><span class='ocrx_word' id='word_1_407' title='bbox 276 5186 443 5222; x_wconf 84' lang='lat' dir='ltr'><strong>meum</strong></span> <span class='ocrx_word' id='word_1_408' title='bbox 469 5172 520 5225; x_wconf 85' lang='lat' dir='ltr'><strong>in</strong></span> <span class='ocrx_word' id='word_1_409' title='bbox 553 5170 686 5225; x_wconf 84' lang='lat' dir='ltr'><strong>diem</strong></span> <span class='ocrx_word' id='word_1_410' title='bbox 723 5171 911 5226; x_wconf 76' lang='lat' dir='ltr'><strong>Christi</strong></span> <span class='ocrx_word' id='word_1_411' title='bbox 940 5172 1033 5242; x_wconf 80' lang='lat' dir='ltr'><strong>(l.</strong></span> <span class='ocrx_word' id='word_1_412' title='bbox 1066 5172 1184 5227; x_wconf 84' lang='lat' dir='ltr'><strong>Cor.</strong></span> <span class='ocrx_word' id='word_1_413' title='bbox 1223 5173 1309 5229; x_wconf 77' lang='grc'><strong>10.</strong></span> <span class='ocrx_word' id='word_1_414' title='bbox 1343 5173 1477 5243; x_wconf 83' lang='grc'><strong>10).</strong></span> <span class='ocrx_word' id='word_1_415' title='bbox 1513 5173 1671 5228; x_wconf 75' lang='lat' dir='ltr'><strong>Vides</strong></span> <span class='ocrx_word' id='word_1_416' title='bbox 1712 5173 1811 5229; x_wconf 87' lang='lat' dir='ltr'><strong>bus</strong></span> <span class='ocrx_word' id='word_1_417' title='bbox 1831 5189 1862 5229; x_wconf 87' lang='lat' dir='ltr'><strong>a</strong></span> 
     </span>
    </p>
   </div>
   <div class='ocr_carea' id='block_1_54' title="bbox 277 5261 1862 5334">
    <p class='ocr_par' dir='ltr' id='par_1_54' title="bbox 277 5261 1862 5334">
     <span class='ocr_line' id='line_1_54' title="bbox 277 5261 1862 5334; baseline 0.002 -19"><span class='ocrx_word' id='word_1_418' title='bbox 277 5261 447 5315; x_wconf 81' lang='lat' dir='ltr'><strong>Paulo</strong></span> <span class='ocrx_word' id='word_1_419' title='bbox 490 5262 697 5316; x_wconf 81' lang='lat' dir='ltr'><strong>institui</strong></span> <span class='ocrx_word' id='word_1_420' title='bbox 728 5277 797 5317; x_wconf 88' lang='lat' dir='ltr'><strong>ne</strong></span> <span class='ocrx_word' id='word_1_421' title='bbox 826 5261 1276 5318; x_wconf 87' lang='lat' dir='ltr'><strong>obmurmurcnl?</strong></span> <span class='ocrx_word' id='word_1_422' title='bbox 1306 5264 1398 5318; x_wconf 86' lang='lat' dir='ltr'><strong>Est</strong></span> <span class='ocrx_word' id='word_1_423' title='bbox 1423 5264 1565 5318; x_wconf 88' lang='lat' dir='ltr'><strong>enim</strong></span> <span class='ocrx_word' id='word_1_424' title='bbox 1607 5264 1771 5334; x_wconf 87' lang='lat' dir='ltr'><strong>iniqui</strong></span> <span class='ocrx_word' id='word_1_425' title='bbox 1799 5279 1862 5319; x_wconf 87' lang='lat' dir='ltr'><strong>ac</strong></span> 
     </span>
    </p>
   </div>
   <div class='ocr_carea' id='block_1_55' title="bbox 274 5353 1858 5424">
    <p class='ocr_par' dir='ltr' id='par_1_55' title="bbox 274 5353 1858 5424">
     <span class='ocr_line' id='line_1_55' title="bbox 274 5353 1858 5424; baseline 0.003 -22"><span class='ocrx_word' id='word_1_426' title='bbox 274 5353 471 5419; x_wconf 60' lang='lat' dir='ltr'><strong>stupidi</strong></span> <span class='ocrx_word' id='word_1_427' title='bbox 500 5353 641 5406; x_wconf 76' lang='lat' dir='ltr'><strong>servi</strong></span> <span class='ocrx_word' id='word_1_428' title='bbox 670 5353 1102 5409; x_wconf 87' lang='lat' dir='ltr'><strong>olnnurmurare.</strong></span> <span class='ocrx_word' id='word_1_429' title='bbox 1148 5354 1348 5424; x_wconf 83' lang='lat' dir='ltr'><strong>Ecquis</strong></span> <span class='ocrx_word' id='word_1_430' title='bbox 1373 5354 1515 5408; x_wconf 90' lang='lat' dir='ltr'><strong>enim</strong></span> <span class='ocrx_word' id='word_1_431' title='bbox 1534 5393 1550 5418; x_wconf 92' lang='lat'><strong>,</strong></span> <span class='ocrx_word' id='word_1_432' title='bbox 1591 5353 1677 5409; x_wconf 91' lang='lat' dir='ltr'><strong>dic</strong></span> <span class='ocrx_word' id='word_1_433' title='bbox 1707 5355 1858 5419; x_wconf 89' lang='lat' dir='ltr'><strong>mihi,</strong></span> 
     </span>
    </p>
   </div>
   <div class='ocr_carea' id='block_1_56' title="bbox 277 5443 1861 5515">
    <p class='ocr_par' dir='ltr' id='par_1_56' title="bbox 277 5443 1861 5515">
     <span class='ocr_line' id='line_1_56' title="bbox 277 5443 1861 5515; baseline 0.002 -19"><span class='ocrx_word' id='word_1_434' title='bbox 277 5443 419 5497; x_wconf 81' lang='lat' dir='ltr'><strong>titius</strong></span> <span class='ocrx_word' id='word_1_435' title='bbox 447 5453 554 5507; x_wconf 84' lang='lat' dir='ltr'><strong>est,</strong></span> <span class='ocrx_word' id='word_1_436' title='bbox 582 5445 671 5514; x_wconf 86' lang='lat' dir='ltr'><strong>qui</strong></span> <span class='ocrx_word' id='word_1_437' title='bbox 701 5445 754 5500; x_wconf 86' lang='lat' dir='ltr'><strong>in</strong></span> <span class='ocrx_word' id='word_1_438' title='bbox 782 5444 938 5500; x_wconf 82' lang='lat' dir='ltr'><strong>bonis</strong></span> <span class='ocrx_word' id='word_1_439' title='bbox 965 5446 1197 5515; x_wconf 67' lang='lat' dir='ltr'><strong>paternis</strong></span> <span class='ocrx_word' id='word_1_440' title='bbox 1227 5446 1493 5510; x_wconf 89' lang='lat' dir='ltr'><strong>laborans,</strong></span> <span class='ocrx_word' id='word_1_441' title='bbox 1540 5461 1602 5500; x_wconf 91' lang='lat' dir='ltr'><strong>ac</strong></span> <span class='ocrx_word' id='word_1_442' title='bbox 1629 5446 1729 5501; x_wconf 90' lang='lat' dir='ltr'><strong>sibi</strong></span> <span class='ocrx_word' id='word_1_443' title='bbox 1762 5447 1861 5515; x_wconf 91' lang='lat' dir='ltr'><strong>ipsi</strong></span> 
     </span>
    </p>
   </div>
   <div class='ocr_carea' id='block_1_57' title="bbox 278 5533 1860 5608">
    <p class='ocr_par' dir='ltr' id='par_1_57' title="bbox 278 5533 1860 5608">
     <span class='ocr_line' id='line_1_57' title="bbox 278 5533 1860 5608; baseline 0.004 -21"><span class='ocrx_word' id='word_1_444' title='bbox 278 5533 517 5590; x_wconf 85' lang='lat' dir='ltr'><strong>laborem</strong></span> <span class='ocrx_word' id='word_1_445' title='bbox 540 5536 778 5604; x_wconf 85' lang='lat' dir='ltr'><strong>capiens,</strong></span> <span class='ocrx_word' id='word_1_446' title='bbox 801 5536 1208 5592; x_wconf 86' lang='lat' dir='ltr'><strong>obmurmurct?</strong></span> <span class='ocrx_word' id='word_1_447' title='bbox 1234 5536 1439 5605; x_wconf 73' lang='lat' dir='ltr'><strong>Cogita,</strong></span> <span class='ocrx_word' id='word_1_448' title='bbox 1460 5537 1650 5608; x_wconf 88' lang='lat' dir='ltr'><strong>inquit,</strong></span> <span class='ocrx_word' id='word_1_449' title='bbox 1686 5548 1737 5593; x_wconf 89' lang='lat' dir='ltr'><strong>te</strong></span> <span class='ocrx_word' id='word_1_450' title='bbox 1763 5539 1860 5594; x_wconf 86' lang='lat' dir='ltr'><strong>tibi</strong></span> 
     </span>
    </p>
   </div>
   <div class='ocr_carea' id='block_1_58' title="bbox 277 5626 1860 5702">
    <p class='ocr_par' dir='ltr' id='par_1_58' title="bbox 277 5626 1860 5702">
     <span class='ocr_line' id='line_1_58' title="bbox 277 5626 1860 5702; baseline 0.001 -18"><span class='ocrx_word' id='word_1_451' title='bbox 277 5626 375 5696; x_wconf 80' lang='lat' dir='ltr'><strong>ipsi</strong></span> <span class='ocrx_word' id='word_1_452' title='bbox 400 5629 669 5691; x_wconf 82' lang='lat' dir='ltr'><strong>laborare,</strong></span> <span class='ocrx_word' id='word_1_453' title='bbox 690 5629 782 5683; x_wconf 88' lang='lat' dir='ltr'><strong>tibi</strong></span> <span class='ocrx_word' id='word_1_454' title='bbox 803 5629 903 5701; x_wconf 83' lang='lat' dir='ltr'><strong>ipsi</strong></span> <span class='ocrx_word' id='word_1_455' title='bbox 919 5631 1191 5701; x_wconf 87' lang='lat' dir='ltr'><strong>colligere.</strong></span> <span class='ocrx_word' id='word_1_456' title='bbox 1209 5630 1421 5685; x_wconf 87' lang='lat' dir='ltr'><strong>Illorum</strong></span> <span class='ocrx_word' id='word_1_457' title='bbox 1440 5646 1569 5687; x_wconf 80' lang='lat' dir='ltr'><strong>vero</strong></span> <span class='ocrx_word' id='word_1_458' title='bbox 1589 5632 1860 5702; x_wconf 86' lang='lat' dir='ltr'><strong>proprium</strong></span> 
     </span>
    </p>
   </div>
   <div class='ocr_carea' id='block_1_59' title="bbox 278 5717 1860 5792">
    <p class='ocr_par' dir='ltr' id='par_1_59' title="bbox 278 5717 1860 5792">
     <span class='ocr_line' id='line_1_59' title="bbox 278 5717 1860 5792; baseline -0.002 -17"><span class='ocrx_word' id='word_1_459' title='bbox 278 5730 357 5776; x_wconf 76' lang='lat' dir='ltr'><strong>est</strong></span> <span class='ocrx_word' id='word_1_460' title='bbox 385 5722 798 5778; x_wconf 81' lang='lat' dir='ltr'><strong>obmurmurare</strong></span> <span class='ocrx_word' id='word_1_461' title='bbox 827 5719 916 5792; x_wconf 86' lang='lat' dir='ltr'><strong>qui</strong></span> <span class='ocrx_word' id='word_1_462' title='bbox 944 5722 1064 5779; x_wconf 88' lang='lat' dir='ltr'><strong>aliis</strong></span> <span class='ocrx_word' id='word_1_463' title='bbox 1090 5722 1351 5791; x_wconf 73' lang='lat' dir='ltr'><strong>laborant,</strong></span> <span class='ocrx_word' id='word_1_464' title='bbox 1369 5721 1486 5777; x_wconf 76' lang='lat' dir='ltr'><strong>aliis</strong></span> <span class='ocrx_word' id='word_1_465' title='bbox 1507 5721 1703 5779; x_wconf 90' lang='lat' dir='ltr'><strong>sudant</strong></span> <span class='ocrx_word' id='word_1_466' title='bbox 1730 5738 1743 5774; x_wconf 91' lang='lat'><strong>:</strong></span> <span class='ocrx_word' id='word_1_467' title='bbox 1769 5717 1860 5790; x_wconf 91' lang='lat' dir='ltr'><strong>qui</strong></span> 
     </span>
    </p>
   </div>
   <div class='ocr_carea' id='block_1_60' title="bbox 1241 265 2764 338">
    <p class='ocr_par' dir='ltr' id='par_1_60' title="bbox 1241 265 2764 338">
     <span class='ocr_line' id='line_1_60' title="bbox 1241 265 2764 338; baseline 0.005 -9"><span class='ocrx_word' id='word_1_468' title='bbox 1241 272 1306 329; x_wconf 73' lang='lat' dir='ltr'><strong>lN</strong></span> <span class='ocrx_word' id='word_1_469' title='bbox 1346 271 1561 329; x_wconf 77' lang='lat' dir='ltr'><strong>EPIST.</strong></span> <span class='ocrx_word' id='word_1_470' title='bbox 1603 271 1693 326; x_wconf 82' lang='lat' dir='ltr'><strong>AD</strong></span> <span class='ocrx_word' id='word_1_471' title='bbox 1733 265 2019 323; x_wconf 78' lang='lat' dir='ltr'><strong>PlllLlPl‘.</strong></span> <span class='ocrx_word' id='word_1_472' title='bbox 2058 267 2210 329; x_wconf 72' lang='lat' dir='ltr'><strong>CAP.</strong></span> <span class='ocrx_word' id='word_1_473' title='bbox 2249 272 2312 336; x_wconf 80' lang='lat' dir='ltr'><strong>ll.</strong></span> <span class='ocrx_word' id='word_1_474' title='bbox 2355 276 2586 336; x_wconf 73' lang='lat' dir='ltr'><strong>IIOJIIL.</strong></span> <span class='ocrx_word' id='word_1_475' title='bbox 2632 281 2764 338; x_wconf 72' lang='lat' dir='ltr'><strong>\‘lil.</strong></span> 
     </span>
    </p>
   </div>
   <div class='ocr_carea' id='block_1_61' title="bbox 319 383 1905 458">
    <p class='ocr_par' dir='ltr' id='par_1_61' title="bbox 319 383 1905 458">
     <span class='ocr_line' id='line_1_61' title="bbox 319 383 1905 458; baseline -0.011 -5"><span class='ocrx_word' id='word_1_476' title='bbox 319 410 466 453; x_wconf 81' lang='lat' dir='ltr'><strong>recte</strong></span> <span class='ocrx_word' id='word_1_477' title='bbox 514 392 758 449; x_wconf 66' lang='lat' dir='ltr'><strong>vivamus</strong></span> <span class='ocrx_word' id='word_1_478' title='bbox 790 410 804 450; x_wconf 88' lang='lat'><strong>:</strong></span> <span class='ocrx_word' id='word_1_479' title='bbox 838 391 938 445; x_wconf 89' lang='lat' dir='ltr'><strong>hoc</strong></span> <span class='ocrx_word' id='word_1_480' title='bbox 979 388 1121 443; x_wconf 88' lang='lat' dir='ltr'><strong>enim</strong></span> <span class='ocrx_word' id='word_1_481' title='bbox 1168 388 1280 458; x_wconf 87' lang='lat' dir='ltr'><strong>ipse</strong></span> <span class='ocrx_word' id='word_1_482' title='bbox 1324 387 1458 441; x_wconf 73' lang='lat' dir='ltr'><strong>vult.</strong></span> <span class='ocrx_word' id='word_1_483' title='bbox 1490 385 1651 442; x_wconf 68' lang='lat' dir='ltr'><strong>Vides</strong></span> <span class='ocrx_word' id='word_1_484' title='bbox 1676 401 1706 441; x_wconf 89' lang='lat' dir='ltr'><strong>a</strong></span> <span class='ocrx_word' id='word_1_485' title='bbox 1739 383 1905 439; x_wconf 78' lang='lat' dir='ltr'><strong>Paulo</strong></span> 
     </span>
    </p>
   </div>
   <div class='ocr_carea' id='block_1_62' title="bbox 3485 290 3594 349">
    <p class='ocr_par' dir='ltr' id='par_1_62' title="bbox 3485 290 3594 349">
     <span class='ocr_line' id='line_1_62' title="bbox 3485 290 3594 349; baseline 0.037 -3"><span class='ocrx_word' id='word_1_486' title='bbox 3485 290 3520 346; x_wconf 73' lang='grc' dir='ltr'>Ξ</span> <span class='ocrx_word' id='word_1_487' title='bbox 3531 294 3594 349; x_wconf 66' lang='lat' dir='ltr'><strong>S3</strong></span> 
     </span>
    </p>
   </div>
   <div class='ocr_carea' id='block_1_63' title="bbox 2009 391 3592 482">
    <p class='ocr_par' dir='ltr' id='par_1_63' title="bbox 2009 391 3592 482">
     <span class='ocr_line' id='line_1_63' title="bbox 2009 391 3592 482; baseline 0.02 -43"><span class='ocrx_word' id='word_1_488' title='bbox 2009 398 2186 482; x_wconf 76' lang='lat' dir='ltr'><strong>autem</strong></span> <span class='ocrx_word' id='word_1_489' title='bbox 2215 391 2315 447; x_wconf 87' lang='lat' dir='ltr'><strong>sibi</strong></span> <span class='ocrx_word' id='word_1_490' title='bbox 2346 394 2459 464; x_wconf 86' lang='lat' dir='ltr'><strong>ipse</strong></span> <span class='ocrx_word' id='word_1_491' title='bbox 2481 396 2700 467; x_wconf 54' lang='lat' dir='ltr'><strong>colligit,</strong></span> <span class='ocrx_word' id='word_1_492' title='bbox 2723 414 2819 452; x_wconf 86' lang='lat' dir='ltr'><strong>cur</strong></span> <span class='ocrx_word' id='word_1_493' title='bbox 2841 396 3400 475; x_wconf 65' lang='lat' dir='ltr'><strong>obmurmumtiquod</strong></span> <span class='ocrx_word' id='word_1_494' title='bbox 3421 410 3592 482; x_wconf 80' lang='lat' dir='ltr'><strong>ipsius</strong></span> 
     </span>
    </p>
   </div>
   <div class='ocr_carea' id='block_1_64' title="bbox 2010 478 3590 566">
    <p class='ocr_par' dir='ltr' id='par_1_64' title="bbox 2010 478 3590 566">
     <span class='ocr_line' id='line_1_64' title="bbox 2010 478 3590 566; baseline 0.012 -33"><span class='ocrx_word' id='word_1_495' title='bbox 2010 478 2211 536; x_wconf 74' lang='lat' dir='ltr'><strong>divitia:</strong></span> <span class='ocrx_word' id='word_1_496' title='bbox 2238 499 2343 537; x_wconf 90' lang='lat' dir='ltr'><strong>non</strong></span> <span class='ocrx_word' id='word_1_497' title='bbox 2373 489 2660 541; x_wconf 82' lang='lat' dir='ltr'><strong>crescunt?</strong></span> <span class='ocrx_word' id='word_1_498' title='bbox 2680 487 2897 544; x_wconf 82' lang='lat' dir='ltr'><strong>Minime</strong></span> <span class='ocrx_word' id='word_1_499' title='bbox 2923 489 2974 544; x_wconf 91' lang='lat' dir='ltr'><strong>id</strong></span> <span class='ocrx_word' id='word_1_500' title='bbox 3004 492 3238 558; x_wconf 82' lang='lat' dir='ltr'><strong>quidem.</strong></span> <span class='ocrx_word' id='word_1_501' title='bbox 3270 495 3370 563; x_wconf 85' lang='lat' dir='ltr'><strong>Qui</strong></span> <span class='ocrx_word' id='word_1_502' title='bbox 3399 478 3590 566; x_wconf 71' lang='lat' dir='ltr'><strong>sptntte</strong></span> 
     </span>
    </p>
   </div>
   <div class='ocr_carea' id='block_1_65' title="bbox 2012 574 3587 649">
    <p class='ocr_par' dir='ltr' id='par_1_65' title="bbox 2012 574 3587 649">
     <span class='ocr_line' id='line_1_65' title="bbox 2012 574 3587 649; baseline 0.011 -23"><span class='ocrx_word' id='word_1_503' title='bbox 2012 574 2154 627; x_wconf 82' lang='lat' dir='ltr'><strong>nulla</strong></span> <span class='ocrx_word' id='word_1_504' title='bbox 2202 576 2448 646; x_wconf 87' lang='lat' dir='ltr'><strong>imposita</strong></span> <span class='ocrx_word' id='word_1_505' title='bbox 2496 582 2818 636; x_wconf 76' lang='lat' dir='ltr'><strong>necessitate</strong></span> <span class='ocrx_word' id='word_1_506' title='bbox 2868 582 3010 649; x_wconf 80' lang='lat' dir='ltr'><strong>facit,</strong></span> <span class='ocrx_word' id='word_1_507' title='bbox 3058 602 3155 641; x_wconf 84' lang='lat' dir='ltr'><strong>cur</strong></span> <span class='ocrx_word' id='word_1_508' title='bbox 3182 587 3587 643; x_wconf 75' lang='lat' dir='ltr'><strong>obmurmurat?</strong></span> 
     </span>
    </p>
   </div>
   <div class='ocr_carea' id='block_1_66' title="bbox 2008 665 3581 750">
    <p class='ocr_par' dir='ltr' id='par_1_66' title="bbox 2008 665 3581 750">
     <span class='ocr_line' id='line_1_66' title="bbox 2008 665 3581 750; baseline 0.01 -29"><span class='ocrx_word' id='word_1_509' title='bbox 2008 665 2188 721; x_wconf 83' lang='lat' dir='ltr'><strong>Satius</strong></span> <span class='ocrx_word' id='word_1_510' title='bbox 2233 680 2315 723; x_wconf 90' lang='lat' dir='ltr'><strong>est</strong></span> <span class='ocrx_word' id='word_1_511' title='bbox 2359 671 2487 725; x_wconf 92' lang='lat' dir='ltr'><strong>nihil</strong></span> <span class='ocrx_word' id='word_1_512' title='bbox 2529 687 2708 744; x_wconf 85' lang='lat' dir='ltr'><strong>agere,</strong></span> <span class='ocrx_word' id='word_1_513' title='bbox 2756 691 2914 746; x_wconf 86' lang='lat' dir='ltr'><strong>quam</strong></span> <span class='ocrx_word' id='word_1_514' title='bbox 2960 679 3344 735; x_wconf 84' lang='lat' dir='ltr'><strong>tmtrnutrando</strong></span> <span class='ocrx_word' id='word_1_515' title='bbox 3385 696 3581 750; x_wconf 70' lang='lat' dir='ltr'><strong>agere:</strong></span> 
     </span>
    </p>
   </div>
   <div class='ocr_carea' id='block_1_67' title="bbox 2008 761 3583 838">
    <p class='ocr_par' dir='ltr' id='par_1_67' title="bbox 2008 761 3583 838">
     <span class='ocr_line' id='line_1_67' title="bbox 2008 761 3583 838; baseline 0.008 -27"><span class='ocrx_word' id='word_1_516' title='bbox 2008 774 2129 813; x_wconf 88' lang='lat' dir='ltr'><strong>nam</strong></span> <span class='ocrx_word' id='word_1_517' title='bbox 2155 776 2207 814; x_wconf 79' lang='lat' dir='ltr'><strong>CI.</strong></span> <span class='ocrx_word' id='word_1_518' title='bbox 2257 761 2357 818; x_wconf 89' lang='lat' dir='ltr'><strong>hoc</strong></span> <span class='ocrx_word' id='word_1_519' title='bbox 2401 762 2595 832; x_wconf 78' lang='lat' dir='ltr'><strong>ipsum,</strong></span> <span class='ocrx_word' id='word_1_520' title='bbox 2628 766 2766 836; x_wconf 90' lang='lat' dir='ltr'><strong>quod</strong></span> <span class='ocrx_word' id='word_1_521' title='bbox 2812 766 2887 825; x_wconf 86' lang='lat' dir='ltr'><strong>lit.</strong></span> <span class='ocrx_word' id='word_1_522' title='bbox 2922 770 3083 838; x_wconf 76' lang='lat' dir='ltr'><strong>p-rit.</strong></span> <span class='ocrx_word' id='word_1_523' title='bbox 3130 774 3321 825; x_wconf 77' lang='lat' dir='ltr'><strong>Annon</strong></span> <span class='ocrx_word' id='word_1_524' title='bbox 3352 771 3501 825; x_wconf 86' lang='lat' dir='ltr'><strong>vides</strong></span> <span class='ocrx_word' id='word_1_525' title='bbox 3529 771 3583 824; x_wconf 91' lang='lat' dir='ltr'><strong>in</strong></span> 
     </span>
    </p>
   </div>
   <div class='ocr_carea' id='block_1_68' title="bbox 2007 850 3583 933">
    <p class='ocr_par' dir='ltr' id='par_1_68' title="bbox 2007 850 3583 933">
     <span class='ocr_line' id='line_1_68' title="bbox 2007 850 3583 933; baseline 0.008 -28"><span class='ocrx_word' id='word_1_526' title='bbox 2007 850 2249 921; x_wconf 78' lang='lat' dir='ltr'><strong>ipsismet</strong></span> <span class='ocrx_word' id='word_1_527' title='bbox 2275 855 2521 911; x_wconf 88' lang='lat' dir='ltr'><strong>domibus</strong></span> <span class='ocrx_word' id='word_1_528' title='bbox 2566 863 2764 914; x_wconf 64' lang='lat' dir='ltr'><strong>uouris</strong></span> <span class='ocrx_word' id='word_1_529' title='bbox 2805 860 2919 914; x_wconf 77' lang='lat' dir='ltr'><strong>hzec</strong></span> <span class='ocrx_word' id='word_1_530' title='bbox 2965 862 3119 917; x_wconf 87' lang='lat' dir='ltr'><strong>nobis</strong></span> <span class='ocrx_word' id='word_1_531' title='bbox 3161 880 3377 933; x_wconf 80' lang='lat' dir='ltr'><strong>semper</strong></span> <span class='ocrx_word' id='word_1_532' title='bbox 3406 867 3457 919; x_wconf 90' lang='lat' dir='ltr'><strong>in</strong></span> <span class='ocrx_word' id='word_1_533' title='bbox 3486 883 3583 919; x_wconf 77' lang='lat' dir='ltr'><strong>oro</strong></span> 
     </span>
    </p>
   </div>
   <div class='ocr_carea' id='block_1_69' title="bbox 2004 944 3582 1022">
    <p class='ocr_par' dir='ltr' id='par_1_69' title="bbox 2004 944 3582 1022">
     <span class='ocr_line' id='line_1_69' title="bbox 2004 944 3582 1022; baseline 0.008 -28"><span class='ocrx_word' id='word_1_534' title='bbox 2004 956 2125 996; x_wconf 58' lang='lat' dir='ltr'><strong>esse</strong></span> <span class='ocrx_word' id='word_1_535' title='bbox 2156 961 2170 997; x_wconf 91' lang='lat'><strong>:</strong></span> <span class='ocrx_word' id='word_1_536' title='bbox 2201 944 2380 1001; x_wconf 86' lang='lat' dir='ltr'><strong>Satius</strong></span> <span class='ocrx_word' id='word_1_537' title='bbox 2407 956 2490 1002; x_wconf 85' lang='lat' dir='ltr'><strong>est</strong></span> <span class='ocrx_word' id='word_1_538' title='bbox 2520 947 2703 1002; x_wconf 78' lang='lat' dir='ltr'><strong>istlnec</strong></span> <span class='ocrx_word' id='word_1_539' title='bbox 2730 951 2950 1005; x_wconf 87' lang='lat' dir='ltr'><strong>minime</strong></span> <span class='ocrx_word' id='word_1_540' title='bbox 2999 953 3109 1007; x_wconf 85' lang='lat' dir='ltr'><strong>licri</strong></span> <span class='ocrx_word' id='word_1_541' title='bbox 3132 993 3149 1017; x_wconf 94' lang='lat'><strong>,</strong></span> <span class='ocrx_word' id='word_1_542' title='bbox 3181 969 3337 1022; x_wconf 89' lang='lat' dir='ltr'><strong>quam</strong></span> <span class='ocrx_word' id='word_1_543' title='bbox 3366 954 3582 1007; x_wconf 87' lang='lat' dir='ltr'><strong>obmur-</strong></span> 
     </span>
    </p>
   </div>
   <div class='ocr_carea' id='block_1_70' title="bbox 2002 1037 3579 1115">
    <p class='ocr_par' dir='ltr' id='par_1_70' title="bbox 2002 1037 3579 1115">
     <span class='ocr_line' id='line_1_70' title="bbox 2002 1037 3579 1115; baseline 0.008 -27"><span class='ocrx_word' id='word_1_544' title='bbox 2002 1037 2264 1092; x_wconf 77' lang='lat' dir='ltr'><strong>morando</strong></span> <span class='ocrx_word' id='word_1_545' title='bbox 2296 1039 2448 1094; x_wconf 78' lang='lat' dir='ltr'><strong>fieri?</strong></span> <span class='ocrx_word' id='word_1_546' title='bbox 2478 1057 2541 1094; x_wconf 87' lang='lat' dir='ltr'><strong>ac</strong></span> <span class='ocrx_word' id='word_1_547' title='bbox 2586 1056 2728 1111; x_wconf 59' lang='lat' dir='ltr'><strong>saspe</strong></span> <span class='ocrx_word' id='word_1_548' title='bbox 2759 1046 3023 1099; x_wconf 89' lang='lat' dir='ltr'><strong>mahuuus</strong></span> <span class='ocrx_word' id='word_1_549' title='bbox 3067 1046 3385 1109; x_wconf 78' lang='lat' dir='ltr'><strong>ministerio,</strong></span> <span class='ocrx_word' id='word_1_550' title='bbox 3435 1046 3579 1115; x_wconf 88' lang='lat' dir='ltr'><strong>quod</strong></span> 
     </span>
    </p>
   </div>
   <div class='ocr_carea' id='block_1_71' title="bbox 2003 1128 3580 1206">
    <p class='ocr_par' dir='ltr' id='par_1_71' title="bbox 2003 1128 3580 1206">
     <span class='ocr_line' id='line_1_71' title="bbox 2003 1128 3580 1206; baseline 0.009 -27"><span class='ocrx_word' id='word_1_551' title='bbox 2003 1128 2156 1182; x_wconf 86' lang='lat' dir='ltr'><strong>nobis</strong></span> <span class='ocrx_word' id='word_1_552' title='bbox 2179 1130 2484 1196; x_wconf 78' lang='lat' dir='ltr'><strong>exhibetur,</strong></span> <span class='ocrx_word' id='word_1_553' title='bbox 2513 1149 2701 1188; x_wconf 85' lang='lat' dir='ltr'><strong>carere</strong></span> <span class='ocrx_word' id='word_1_554' title='bbox 2721 1177 2734 1195; x_wconf 90' lang='lat'><strong>,</strong></span> <span class='ocrx_word' id='word_1_555' title='bbox 2777 1152 2936 1206; x_wconf 89' lang='lat' dir='ltr'><strong>quam</strong></span> <span class='ocrx_word' id='word_1_556' title='bbox 2967 1148 3385 1193; x_wconf 85' lang='lat' dir='ltr'><strong>tnnrtnurautem</strong></span> <span class='ocrx_word' id='word_1_557' title='bbox 3419 1139 3580 1194; x_wconf 84' lang='lat' dir='ltr'><strong>ferre.</strong></span> 
     </span>
    </p>
   </div>
   <div class='ocr_carea' id='block_1_72' title="bbox 1999 1216 3578 1301">
    <p class='ocr_par' dir='ltr' id='par_1_72' title="bbox 1999 1216 3578 1301">
     <span class='ocr_line' id='line_1_72' title="bbox 1999 1216 3578 1301; baseline 0.006 -28"><span class='ocrx_word' id='word_1_558' title='bbox 1999 1216 2188 1274; x_wconf 79' lang='lat' dir='ltr'><strong>Gravis</strong></span> <span class='ocrx_word' id='word_1_559' title='bbox 2211 1222 2352 1277; x_wconf 89' lang='lat' dir='ltr'><strong>enint</strong></span> <span class='ocrx_word' id='word_1_560' title='bbox 2383 1239 2491 1290; x_wconf 88' lang='lat' dir='ltr'><strong>res,</strong></span> <span class='ocrx_word' id='word_1_561' title='bbox 2520 1227 2697 1295; x_wconf 84' lang='lat' dir='ltr'><strong>gravis</strong></span> <span class='ocrx_word' id='word_1_562' title='bbox 2722 1237 2806 1280; x_wconf 86' lang='lat' dir='ltr'><strong>est</strong></span> <span class='ocrx_word' id='word_1_563' title='bbox 2832 1230 3204 1292; x_wconf 83' lang='lat' dir='ltr'><strong>niurntnratio,</strong></span> <span class='ocrx_word' id='word_1_564' title='bbox 3224 1246 3287 1285; x_wconf 86' lang='lat' dir='ltr'><strong>ac</strong></span> <span class='ocrx_word' id='word_1_565' title='bbox 3316 1246 3485 1301; x_wconf 81' lang='lat' dir='ltr'><strong>prope</strong></span> <span class='ocrx_word' id='word_1_566' title='bbox 3508 1230 3578 1284; x_wconf 89' lang='lat' dir='ltr'><strong>ad</strong></span> 
     </span>
    </p>
   </div>
   <div class='ocr_carea' id='block_1_73' title="bbox 2001 1308 3579 1388">
    <p class='ocr_par' dir='ltr' id='par_1_73' title="bbox 2001 1308 3579 1388">
     <span class='ocr_line' id='line_1_73' title="bbox 2001 1308 3579 1388; baseline 0.006 -25"><span class='ocrx_word' id='word_1_567' title='bbox 2001 1308 2382 1381; x_wconf 65' lang='lat' dir='ltr'><strong>blasphemiam</strong></span> <span class='ocrx_word' id='word_1_568' title='bbox 2430 1316 2678 1373; x_wconf 89' lang='lat' dir='ltr'><strong>accedit:</strong></span> <span class='ocrx_word' id='word_1_569' title='bbox 2711 1318 2910 1388; x_wconf 88' lang='lat' dir='ltr'><strong>alioqui</strong></span> <span class='ocrx_word' id='word_1_570' title='bbox 2956 1336 3053 1374; x_wconf 90' lang='lat' dir='ltr'><strong>cur</strong></span> <span class='ocrx_word' id='word_1_571' title='bbox 3102 1329 3307 1374; x_wconf 88' lang='lat' dir='ltr'><strong>tantunt</strong></span> <span class='ocrx_word' id='word_1_572' title='bbox 3361 1320 3430 1374; x_wconf 87' lang='lat' dir='ltr'><strong>de</strong></span> <span class='ocrx_word' id='word_1_573' title='bbox 3472 1321 3579 1374; x_wconf 80' lang='lat' dir='ltr'><strong>illis</strong></span> 
     </span>
    </p>
   </div>
   <div class='ocr_carea' id='block_1_74' title="bbox 1997 1406 3576 1483">
    <p class='ocr_par' dir='ltr' id='par_1_74' title="bbox 1997 1406 3576 1483">
     <span class='ocr_line' id='line_1_74' title="bbox 1997 1406 3576 1483; baseline 0.004 -24"><span class='ocrx_word' id='word_1_574' title='bbox 1997 1406 2240 1477; x_wconf 84' lang='lat' dir='ltr'><strong>supplicii</strong></span> <span class='ocrx_word' id='word_1_575' title='bbox 2268 1420 2536 1479; x_wconf 89' lang='lat' dir='ltr'><strong>sumptum</strong></span> <span class='ocrx_word' id='word_1_576' title='bbox 2559 1411 2775 1468; x_wconf 77' lang='lat' dir='ltr'><strong>luisset?</strong></span> <span class='ocrx_word' id='word_1_577' title='bbox 2805 1413 2996 1467; x_wconf 79' lang='lat' dir='ltr'><strong>Vitium</strong></span> <span class='ocrx_word' id='word_1_578' title='bbox 3031 1414 3169 1468; x_wconf 92' lang='lat' dir='ltr'><strong>istud</strong></span> <span class='ocrx_word' id='word_1_579' title='bbox 3204 1413 3576 1483; x_wconf 82' lang='lat' dir='ltr'><strong>ingratianitui</strong></span> 
     </span>
    </p>
   </div>
   <div class='ocr_carea' id='block_1_75' title="bbox 1995 1497 3578 1575">
    <p class='ocr_par' dir='ltr' id='par_1_75' title="bbox 1995 1497 3578 1575">
     <span class='ocr_line' id='line_1_75' title="bbox 1995 1497 3578 1575; baseline 0.006 -27"><span class='ocrx_word' id='word_1_580' title='bbox 1995 1506 2095 1549; x_wconf 84' lang='lat' dir='ltr'><strong>est.</strong></span> <span class='ocrx_word' id='word_1_581' title='bbox 2125 1497 2224 1565; x_wconf 88' lang='lat' dir='ltr'><strong>Qui</strong></span> <span class='ocrx_word' id='word_1_582' title='bbox 2253 1511 2567 1565; x_wconf 88' lang='lat' dir='ltr'><strong>murmurat,</strong></span> <span class='ocrx_word' id='word_1_583' title='bbox 2600 1502 2838 1573; x_wconf 87' lang='lat' dir='ltr'><strong>ingratus</strong></span> <span class='ocrx_word' id='word_1_584' title='bbox 2855 1514 2934 1559; x_wconf 82' lang='lat' dir='ltr'><strong>est</strong></span> <span class='ocrx_word' id='word_1_585' title='bbox 2961 1506 3273 1575; x_wconf 88' lang='lat' dir='ltr'><strong>crgaDeum</strong></span> <span class='ocrx_word' id='word_1_586' title='bbox 3300 1523 3312 1558; x_wconf 93' lang='lat'><strong>:</strong></span> <span class='ocrx_word' id='word_1_587' title='bbox 3339 1504 3427 1574; x_wconf 90' lang='lat' dir='ltr'><strong>qui</strong></span> <span class='ocrx_word' id='word_1_588' title='bbox 3452 1520 3578 1559; x_wconf 88' lang='lat' dir='ltr'><strong>vero</strong></span> 
     </span>
    </p>
   </div>
   <div class='ocr_carea' id='block_1_76' title="bbox 1995 1590 3576 1664">
    <p class='ocr_par' dir='ltr' id='par_1_76' title="bbox 1995 1590 3576 1664">
     <span class='ocr_line' id='line_1_76' title="bbox 1995 1590 3576 1664; baseline 0.005 -21"><span class='ocrx_word' id='word_1_589' title='bbox 1995 1604 2117 1659; x_wconf 84' lang='lat' dir='ltr'><strong>erga</strong></span> <span class='ocrx_word' id='word_1_590' title='bbox 2159 1590 2323 1647; x_wconf 77' lang='lat' dir='ltr'><strong>Deum</strong></span> <span class='ocrx_word' id='word_1_591' title='bbox 2373 1599 2611 1661; x_wconf 85' lang='lat' dir='ltr'><strong>ingratus</strong></span> <span class='ocrx_word' id='word_1_592' title='bbox 2637 1604 2738 1658; x_wconf 84' lang='lat' dir='ltr'><strong>est,</strong></span> <span class='ocrx_word' id='word_1_593' title='bbox 2775 1597 3013 1664; x_wconf 80' lang='lat' dir='ltr'><strong>profecto</strong></span> <span class='ocrx_word' id='word_1_594' title='bbox 3044 1595 3388 1662; x_wconf 86' lang='lat' dir='ltr'><strong>blasphemus</strong></span> <span class='ocrx_word' id='word_1_595' title='bbox 3413 1595 3576 1651; x_wconf 89' lang='lat' dir='ltr'><strong>etiam</strong></span> 
     </span>
    </p>
   </div>
   <div class='ocr_carea' id='block_1_77' title="bbox 1994 1684 3577 1756">
    <p class='ocr_par' dir='ltr' id='par_1_77' title="bbox 1994 1684 3577 1756">
     <span class='ocr_line' id='line_1_77' title="bbox 1994 1684 3577 1756; baseline 0.004 -22"><span class='ocrx_word' id='word_1_596' title='bbox 1994 1693 2095 1738; x_wconf 87' lang='lat' dir='ltr'><strong>e-t.</strong></span> <span class='ocrx_word' id='word_1_597' title='bbox 2130 1684 2203 1737; x_wconf 72' lang='lat' dir='ltr'><strong>Ac</strong></span> <span class='ocrx_word' id='word_1_598' title='bbox 2229 1698 2359 1738; x_wconf 89' lang='lat' dir='ltr'><strong>sane</strong></span> <span class='ocrx_word' id='word_1_599' title='bbox 2384 1700 2451 1738; x_wconf 89' lang='lat' dir='ltr'><strong>eo</strong></span> <span class='ocrx_word' id='word_1_600' title='bbox 2480 1686 2711 1740; x_wconf 79' lang='lat' dir='ltr'><strong>maxime</strong></span> <span class='ocrx_word' id='word_1_601' title='bbox 2758 1696 2999 1756; x_wconf 89' lang='lat' dir='ltr'><strong>tempore</strong></span> <span class='ocrx_word' id='word_1_602' title='bbox 3039 1688 3376 1742; x_wconf 79' lang='lat' dir='ltr'><strong>continentes</strong></span> <span class='ocrx_word' id='word_1_603' title='bbox 3405 1696 3577 1742; x_wconf 81' lang='lat' dir='ltr'><strong>tenta-</strong></span> 
     </span>
    </p>
   </div>
   <div class='ocr_carea' id='block_1_78' title="bbox 1996 1776 3575 1849">
    <p class='ocr_par' dir='ltr' id='par_1_78' title="bbox 1996 1776 3575 1849">
     <span class='ocr_line' id='line_1_78' title="bbox 1996 1776 3575 1849; baseline 0.004 -21"><span class='ocrx_word' id='word_1_604' title='bbox 1996 1776 2166 1830; x_wconf 86' lang='lat' dir='ltr'><strong>tiones</strong></span> <span class='ocrx_word' id='word_1_605' title='bbox 2192 1788 2365 1842; x_wconf 55' lang='lat' dir='ltr'><strong>erant,</strong></span> <span class='ocrx_word' id='word_1_606' title='bbox 2408 1788 2462 1833; x_wconf 88' lang='lat' dir='ltr'><strong>et</strong></span> <span class='ocrx_word' id='word_1_607' title='bbox 2510 1778 2808 1848; x_wconf 57' lang='lat' dir='ltr'><strong>frequentia</strong></span> <span class='ocrx_word' id='word_1_608' title='bbox 2864 1780 3134 1849; x_wconf 86' lang='lat' dir='ltr'><strong>pericula;</strong></span> <span class='ocrx_word' id='word_1_609' title='bbox 3179 1780 3320 1832; x_wconf 89' lang='lat' dir='ltr'><strong>nulla</strong></span> <span class='ocrx_word' id='word_1_610' title='bbox 3349 1780 3575 1834; x_wconf 74' lang='lat' dir='ltr'><strong>dabatur</strong></span> 
     </span>
    </p>
   </div>
   <div class='ocr_carea' id='block_1_79' title="bbox 1993 1871 3569 1944">
    <p class='ocr_par' dir='ltr' id='par_1_79' title="bbox 1993 1871 3569 1944">
     <span class='ocr_line' id='line_1_79' title="bbox 1993 1871 3569 1944; baseline 0.004 -22"><span class='ocrx_word' id='word_1_611' title='bbox 1993 1871 2235 1939; x_wconf 86' lang='lat' dir='ltr'><strong>requies,</strong></span> <span class='ocrx_word' id='word_1_612' title='bbox 2286 1872 2429 1927; x_wconf 87' lang='lat' dir='ltr'><strong>nulla</strong></span> <span class='ocrx_word' id='word_1_613' title='bbox 2480 1874 2750 1938; x_wconf 80' lang='lat' dir='ltr'><strong>cessatio;</strong></span> <span class='ocrx_word' id='word_1_614' title='bbox 2783 1873 3015 1944; x_wconf 85' lang='lat' dir='ltr'><strong>undique</strong></span> <span class='ocrx_word' id='word_1_615' title='bbox 3044 1874 3457 1929; x_wconf 88' lang='lat' dir='ltr'><strong>innumerabilia</strong></span> <span class='ocrx_word' id='word_1_616' title='bbox 3486 1873 3569 1928; x_wconf 83' lang='lat' dir='ltr'><strong>iu-</strong></span> 
     </span>
    </p>
   </div>
   <div class='ocr_carea' id='block_1_80' title="bbox 1988 1966 3573 2040">
    <p class='ocr_par' dir='ltr' id='par_1_80' title="bbox 1988 1966 3573 2040">
     <span class='ocr_line' id='line_1_80' title="bbox 1988 1966 3573 2040; baseline 0.004 -22"><span class='ocrx_word' id='word_1_617' title='bbox 1988 1966 2251 2034; x_wconf 81' lang='lat' dir='ltr'><strong>grucbant</strong></span> <span class='ocrx_word' id='word_1_618' title='bbox 2281 1968 2418 2023; x_wconf 85' lang='lat' dir='ltr'><strong>mala</strong></span> <span class='ocrx_word' id='word_1_619' title='bbox 2446 1985 2459 2022; x_wconf 73' lang='grc' dir='ltr'>ε</span> <span class='ocrx_word' id='word_1_620' title='bbox 2493 1983 2634 2023; x_wconf 90' lang='lat' dir='ltr'><strong>nunc</strong></span> <span class='ocrx_word' id='word_1_621' title='bbox 2681 1984 2807 2025; x_wconf 71' lang='lat' dir='ltr'><strong>vero</strong></span> <span class='ocrx_word' id='word_1_622' title='bbox 2835 1984 3041 2024; x_wconf 87' lang='lat' dir='ltr'><strong>summa</strong></span> <span class='ocrx_word' id='word_1_623' title='bbox 3091 1985 3189 2040; x_wconf 79' lang='lat' dir='ltr'><strong>pax</strong></span> <span class='ocrx_word' id='word_1_624' title='bbox 3219 1986 3281 2026; x_wconf 87' lang='lat' dir='ltr'><strong>ac</strong></span> <span class='ocrx_word' id='word_1_625' title='bbox 3308 1970 3541 2040; x_wconf 87' lang='lat' dir='ltr'><strong>tranquil</strong></span> <span class='ocrx_word' id='word_1_626' title='bbox 3560 1998 3573 2009; x_wconf 74' lang='grc' dir='ltr'><strong><em>ο</em></strong></span> 
     </span>
    </p>
   </div>
   <div class='ocr_carea' id='block_1_81' title="bbox 1990 2056 2132 2111">
    <p class='ocr_par' dir='ltr' id='par_1_81' title="bbox 1990 2056 2132 2111">
     <span class='ocr_line' id='line_1_81' title="bbox 1990 2056 2132 2111; baseline 0.007 -1"><span class='ocrx_word' id='word_1_627' title='bbox 1990 2056 2132 2111; x_wconf 81' lang='lat' dir='ltr'><strong>litus.</strong></span> 
     </span>
    </p>
   </div>
   <div class='ocr_carea' id='block_1_82' title="bbox 2058 2150 3570 2225">
    <p class='ocr_par' dir='ltr' id='par_1_82' title="bbox 2058 2150 3570 2225">
     <span class='ocr_line' id='line_1_82' title="bbox 2058 2150 3570 2225; baseline 0.005 -22"><span class='ocrx_word' id='word_1_628' title='bbox 2058 2151 2112 2204; x_wconf 82' lang='lat'><strong>&#39;5.</strong></span> <span class='ocrx_word' id='word_1_629' title='bbox 2155 2150 2342 2206; x_wconf 78' lang='lat' dir='ltr'><strong>Contra</strong></span> <span class='ocrx_word' id='word_1_630' title='bbox 2385 2164 2778 2208; x_wconf 74' lang='lat' dir='ltr'><strong>mnrnmrantrs.</strong></span> <span class='ocrx_word' id='word_1_631' title='bbox 2810 2186 2878 2200; x_wconf 75' lang='lat'><strong>——</strong></span> <span class='ocrx_word' id='word_1_632' title='bbox 2904 2154 3012 2209; x_wconf 87' lang='lat' dir='ltr'><strong>Cur</strong></span> <span class='ocrx_word' id='word_1_633' title='bbox 3040 2156 3198 2225; x_wconf 81' lang='lat' dir='ltr'><strong>igitur</strong></span> <span class='ocrx_word' id='word_1_634' title='bbox 3226 2155 3570 2211; x_wconf 74' lang='lat' dir='ltr'><strong>murtnuras?</strong></span> 
     </span>
    </p>
   </div>
   <div class='ocr_carea' id='block_1_83' title="bbox 1984 2243 3569 2315">
    <p class='ocr_par' dir='ltr' id='par_1_83' title="bbox 1984 2243 3569 2315">
     <span class='ocr_line' id='line_1_83' title="bbox 1984 2243 3569 2315; baseline 0.003 -21"><span class='ocrx_word' id='word_1_635' title='bbox 1984 2243 2125 2310; x_wconf 89' lang='lat' dir='ltr'><strong>quod</strong></span> <span class='ocrx_word' id='word_1_636' title='bbox 2158 2259 2360 2312; x_wconf 73' lang='lat' dir='ltr'><strong>pauper</strong></span> <span class='ocrx_word' id='word_1_637' title='bbox 2405 2245 2502 2298; x_wconf 77' lang='lat' dir='ltr'><strong>es?</strong></span> <span class='ocrx_word' id='word_1_638' title='bbox 2544 2244 2646 2299; x_wconf 83' lang='lat' dir='ltr'><strong>Job</strong></span> <span class='ocrx_word' id='word_1_639' title='bbox 2677 2246 2824 2300; x_wconf 91' lang='lat' dir='ltr'><strong>illum</strong></span> <span class='ocrx_word' id='word_1_640' title='bbox 2851 2246 3046 2315; x_wconf 86' lang='lat' dir='ltr'><strong>cogita.</strong></span> <span class='ocrx_word' id='word_1_641' title='bbox 3095 2246 3277 2301; x_wconf 81' lang='lat' dir='ltr'><strong>Morbo</strong></span> <span class='ocrx_word' id='word_1_642' title='bbox 3321 2246 3569 2301; x_wconf 73' lang='lat' dir='ltr'><strong>laboras?</strong></span> 
     </span>
    </p>
   </div>
   <div class='ocr_carea' id='block_1_84' title="bbox 1983 2335 3567 2405">
    <p class='ocr_par' dir='ltr' id='par_1_84' title="bbox 1983 2335 3567 2405">
     <span class='ocr_line' id='line_1_84' title="bbox 1983 2335 3567 2405; baseline 0.001 -16"><span class='ocrx_word' id='word_1_643' title='bbox 1983 2335 2028 2404; x_wconf 83' lang='lat' dir='ltr'><strong>Q</strong></span> <span class='ocrx_word' id='word_1_644' title='bbox 2070 2337 2117 2389; x_wconf 88' lang='lat' dir='ltr'><strong>id</strong></span> <span class='ocrx_word' id='word_1_645' title='bbox 2143 2337 2301 2405; x_wconf 82' lang='lat' dir='ltr'><strong>igitur</strong></span> <span class='ocrx_word' id='word_1_646' title='bbox 2327 2338 2548 2405; x_wconf 77' lang='lat' dir='ltr'><strong>laceres,</strong></span> <span class='ocrx_word' id='word_1_647' title='bbox 2575 2339 2618 2392; x_wconf 87' lang='lat' dir='ltr'><strong>si</strong></span> <span class='ocrx_word' id='word_1_648' title='bbox 2651 2349 2916 2395; x_wconf 77' lang='lat' dir='ltr'><strong>tantorum</strong></span> <span class='ocrx_word' id='word_1_649' title='bbox 2946 2340 3038 2393; x_wconf 85' lang='lat' dir='ltr'><strong>tibi</strong></span> <span class='ocrx_word' id='word_1_650' title='bbox 3068 2340 3329 2393; x_wconf 83' lang='lat' dir='ltr'><strong>bonorum</strong></span> <span class='ocrx_word' id='word_1_651' title='bbox 3356 2354 3416 2393; x_wconf 87' lang='lat' dir='ltr'><strong>ac</strong></span> <span class='ocrx_word' id='word_1_652' title='bbox 3442 2352 3567 2390; x_wconf 60' lang='lat' dir='ltr'><strong>san.</strong></span> 
     </span>
    </p>
   </div>
   <div class='ocr_carea' id='block_1_85' title="bbox 1981 2428 3563 2509">
    <p class='ocr_par' dir='ltr' id='par_1_85' title="bbox 1981 2428 3563 2509">
     <span class='ocr_line' id='line_1_85' title="bbox 1981 2428 3563 2509; baseline 0.002 -29"><span class='ocrx_word' id='word_1_653' title='bbox 1981 2438 2099 2480; x_wconf 64' lang='lat' dir='ltr'><strong>ctus</strong></span> <span class='ocrx_word' id='word_1_654' title='bbox 2123 2428 2221 2509; x_wconf 58' lang='lat' dir='ltr'><strong>ille</strong></span> <span class='ocrx_word' id='word_1_655' title='bbox 2238 2437 2613 2499; x_wconf 89' lang='lat' dir='ltr'><strong>rectorumque</strong></span> <span class='ocrx_word' id='word_1_656' title='bbox 2640 2429 2899 2484; x_wconf 76' lang='lat' dir='ltr'><strong>fat-torum</strong></span> <span class='ocrx_word' id='word_1_657' title='bbox 2926 2432 3194 2495; x_wconf 81' lang='lat' dir='ltr'><strong>conscius,</strong></span> <span class='ocrx_word' id='word_1_658' title='bbox 3240 2429 3292 2484; x_wconf 91' lang='lat' dir='ltr'><strong>in</strong></span> <span class='ocrx_word' id='word_1_659' title='bbox 3318 2428 3563 2483; x_wconf 88' lang='lat' dir='ltr'><strong>morbum</strong></span> 
     </span>
    </p>
   </div>
   <div class='ocr_carea' id='block_1_86' title="bbox 1984 2520 3562 2595">
    <p class='ocr_par' dir='ltr' id='par_1_86' title="bbox 1984 2520 3562 2595">
     <span class='ocr_line' id='line_1_86' title="bbox 1984 2520 3562 2595; baseline 0.003 -24"><span class='ocrx_word' id='word_1_660' title='bbox 1984 2520 2305 2574; x_wconf 57' lang='lat' dir='ltr'><strong>incidisses?</strong></span> <span class='ocrx_word' id='word_1_661' title='bbox 2334 2520 2541 2576; x_wconf 79' lang='lat' dir='ltr'><strong>Rursus</strong></span> <span class='ocrx_word' id='word_1_662' title='bbox 2590 2522 2737 2577; x_wconf 90' lang='lat' dir='ltr'><strong>illum</strong></span> <span class='ocrx_word' id='word_1_663' title='bbox 2793 2524 2989 2594; x_wconf 85' lang='lat' dir='ltr'><strong>cogita,</strong></span> <span class='ocrx_word' id='word_1_664' title='bbox 3021 2524 3161 2592; x_wconf 81' lang='lat' dir='ltr'><strong>quod</strong></span> <span class='ocrx_word' id='word_1_665' title='bbox 3212 2538 3307 2595; x_wconf 89' lang='lat' dir='ltr'><strong>per</strong></span> <span class='ocrx_word' id='word_1_666' title='bbox 3350 2524 3562 2593; x_wconf 80' lang='lat' dir='ltr'><strong>longum</strong></span> 
     </span>
    </p>
   </div>
   <div class='ocr_carea' id='block_1_87' title="bbox 1984 2616 3562 2685">
    <p class='ocr_par' dir='ltr' id='par_1_87' title="bbox 1984 2616 3562 2685">
     <span class='ocr_line' id='line_1_87' title="bbox 1984 2616 3562 2685; baseline 0.005 -22"><span class='ocrx_word' id='word_1_667' title='bbox 1984 2620 2191 2679; x_wconf 55' lang='lat' dir='ltr'><strong>tempus</strong></span> <span class='ocrx_word' id='word_1_668' title='bbox 2218 2624 2583 2681; x_wconf 74' lang='lat' dir='ltr'><strong>perseveraret</strong></span> <span class='ocrx_word' id='word_1_669' title='bbox 2612 2630 2821 2670; x_wconf 86' lang='lat' dir='ltr'><strong>vermes</strong></span> <span class='ocrx_word' id='word_1_670' title='bbox 2860 2616 3086 2685; x_wconf 87' lang='lat' dir='ltr'><strong>pullans,</strong></span> <span class='ocrx_word' id='word_1_671' title='bbox 3115 2617 3166 2670; x_wconf 92' lang='lat' dir='ltr'><strong>in</strong></span> <span class='ocrx_word' id='word_1_672' title='bbox 3193 2627 3429 2671; x_wconf 86' lang='lat' dir='ltr'><strong>stercore</strong></span> <span class='ocrx_word' id='word_1_673' title='bbox 3466 2631 3562 2671; x_wconf 81' lang='lat' dir='ltr'><strong>se-</strong></span> 
     </span>
    </p>
   </div>
   <div class='ocr_carea' id='block_1_88' title="bbox 1981 2702 3557 2777">
    <p class='ocr_par' dir='ltr' id='par_1_88' title="bbox 1981 2702 3557 2777">
     <span class='ocr_line' id='line_1_88' title="bbox 1981 2702 3557 2777; baseline 0.003 -22"><span class='ocrx_word' id='word_1_674' title='bbox 1981 2702 2134 2769; x_wconf 85' lang='lat' dir='ltr'><strong>dens,</strong></span> <span class='ocrx_word' id='word_1_675' title='bbox 2160 2704 2393 2759; x_wconf 82' lang='lat' dir='ltr'><strong>scabiem</strong></span> <span class='ocrx_word' id='word_1_676' title='bbox 2422 2703 2639 2761; x_wconf 78' lang='lat' dir='ltr'><strong>fricans.</strong></span> <span class='ocrx_word' id='word_1_677' title='bbox 2668 2705 2830 2760; x_wconf 79' lang='lat' dir='ltr'><strong>Multo</strong></span> <span class='ocrx_word' id='word_1_678' title='bbox 2857 2717 3048 2771; x_wconf 88' lang='lat' dir='ltr'><strong>autem,</strong></span> <span class='ocrx_word' id='word_1_679' title='bbox 3082 2706 3270 2777; x_wconf 88' lang='lat' dir='ltr'><strong>inqttit,</strong></span> <span class='ocrx_word' id='word_1_680' title='bbox 3298 2708 3557 2777; x_wconf 68' lang='lat' dir='ltr'><strong>interfecto</strong></span> 
     </span>
    </p>
   </div>
   <div class='ocr_carea' id='block_1_89' title="bbox 1980 2796 3556 2867">
    <p class='ocr_par' dir='ltr' id='par_1_89' title="bbox 1980 2796 3556 2867">
     <span class='ocr_line' id='line_1_89' title="bbox 1980 2796 3556 2867; baseline 0.001 -19"><span class='ocrx_word' id='word_1_681' title='bbox 1980 2805 2220 2866; x_wconf 80' lang='lat' dir='ltr'><strong>tempore,</strong></span> <span class='ocrx_word' id='word_1_682' title='bbox 2239 2796 2370 2849; x_wconf 79' lang='lat' dir='ltr'><strong>dirtt</strong></span> <span class='ocrx_word' id='word_1_683' title='bbox 2401 2798 2469 2850; x_wconf 89' lang='lat' dir='ltr'><strong>ad</strong></span> <span class='ocrx_word' id='word_1_684' title='bbox 2495 2815 2609 2851; x_wconf 89' lang='lat' dir='ltr'><strong>eum</strong></span> <span class='ocrx_word' id='word_1_685' title='bbox 2635 2800 2814 2852; x_wconf 85' lang='lat' dir='ltr'><strong>mulier</strong></span> <span class='ocrx_word' id='word_1_686' title='bbox 2839 2814 2857 2851; x_wconf 92' lang='lat'><strong><em>:</em></strong></span> <span class='ocrx_word' id='word_1_687' title='bbox 2886 2799 3155 2866; x_wconf 75' lang='lat' dir='ltr'><strong>Quousque</strong></span> <span class='ocrx_word' id='word_1_688' title='bbox 3179 2799 3334 2852; x_wconf 83' lang='lat' dir='ltr'><strong>uteris</strong></span> <span class='ocrx_word' id='word_1_689' title='bbox 3361 2800 3556 2867; x_wconf 76' lang='lat' dir='ltr'><strong>patien-</strong></span> 
     </span>
    </p>
   </div>
   <div class='ocr_carea' id='block_1_90' title="bbox 1978 2887 3558 2960">
    <p class='ocr_par' dir='ltr' id='par_1_90' title="bbox 1978 2887 3558 2960">
     <span class='ocr_line' id='line_1_90' title="bbox 1978 2887 3558 2960; baseline 0.003 -22"><span class='ocrx_word' id='word_1_690' title='bbox 1978 2887 2048 2939; x_wconf 87' lang='lat' dir='ltr'><strong>tia</strong></span> <span class='ocrx_word' id='word_1_691' title='bbox 2074 2889 2187 2951; x_wconf 85' lang='lat' dir='ltr'><strong>ista,</strong></span> <span class='ocrx_word' id='word_1_692' title='bbox 2202 2905 2262 2941; x_wconf 89' lang='lat' dir='ltr'><strong>ac</strong></span> <span class='ocrx_word' id='word_1_693' title='bbox 2282 2889 2657 2960; x_wconf 66' lang='lat' dir='ltr'><strong>pergesdicere,</strong></span> <span class='ocrx_word' id='word_1_694' title='bbox 2676 2890 2852 2943; x_wconf 71' lang='lat' dir='ltr'><strong>Adhuc</strong></span> <span class='ocrx_word' id='word_1_695' title='bbox 2871 2892 3078 2959; x_wconf 81' lang='lat' dir='ltr'><strong>paulum</strong></span> <span class='ocrx_word' id='word_1_696' title='bbox 3096 2890 3340 2956; x_wconf 78' lang='lat' dir='ltr'><strong>quiddam</strong></span> <span class='ocrx_word' id='word_1_697' title='bbox 3366 2900 3558 2958; x_wconf 78' lang='lat' dir='ltr'><strong>tempo-</strong></span> 
     </span>
    </p>
   </div>
   <div class='ocr_carea' id='block_1_91' title="bbox 1977 2979 3558 3051">
    <p class='ocr_par' dir='ltr' id='par_1_91' title="bbox 1977 2979 3558 3051">
     <span class='ocr_line' id='line_1_91' title="bbox 1977 2979 3558 3051; baseline 0.002 -20"><span class='ocrx_word' id='word_1_698' title='bbox 1977 2980 2047 3032; x_wconf 83' lang='lat' dir='ltr'><strong>ris</strong></span> <span class='ocrx_word' id='word_1_699' title='bbox 2076 2980 2345 3051; x_wconf 74' lang='lat' dir='ltr'><strong>exspecto?</strong></span> <span class='ocrx_word' id='word_1_700' title='bbox 2371 2979 2465 3034; x_wconf 87' lang='lat' dir='ltr'><strong>Dic</strong></span> <span class='ocrx_word' id='word_1_701' title='bbox 2510 2981 2710 3034; x_wconf 78' lang='lat' dir='ltr'><strong>verbum</strong></span> <span class='ocrx_word' id='word_1_702' title='bbox 2740 2981 2945 3051; x_wconf 77' lang='lat' dir='ltr'><strong>aliquod</strong></span> <span class='ocrx_word' id='word_1_703' title='bbox 2968 2992 3143 3035; x_wconf 86' lang='lat' dir='ltr'><strong>contra</strong></span> <span class='ocrx_word' id='word_1_704' title='bbox 3172 2981 3463 3045; x_wconf 84' lang='lat' dir='ltr'><strong>Dominum,</strong></span> <span class='ocrx_word' id='word_1_705' title='bbox 3495 2997 3558 3034; x_wconf 77' lang='lat' dir='ltr'><strong>ac</strong></span> 
     </span>
    </p>
   </div>
   <div class='ocr_carea' id='block_1_92' title="bbox 1977 3071 3555 3144">
    <p class='ocr_par' dir='ltr' id='par_1_92' title="bbox 1977 3071 3555 3144">
     <span class='ocr_line' id='line_1_92' title="bbox 1977 3071 3555 3144; baseline 0.003 -22"><span class='ocrx_word' id='word_1_706' title='bbox 1977 3086 2168 3124; x_wconf 82' lang='lat' dir='ltr'><strong>morere</strong></span> <span class='ocrx_word' id='word_1_707' title='bbox 2194 3071 2333 3141; x_wconf 82' lang='lat' dir='ltr'><strong>(Job.</strong></span> <span class='ocrx_word' id='word_1_708' title='bbox 2361 3071 2396 3125; x_wconf 76' lang='lat'><strong>2</strong></span> <span class='ocrx_word' id='word_1_709' title='bbox 2446 3072 2523 3144; x_wconf 84' lang='lat'><strong>9).</strong></span> <span class='ocrx_word' id='word_1_710' title='bbox 2558 3072 2795 3129; x_wconf 74' lang='lat' dir='ltr'><strong>Attilius</strong></span> <span class='ocrx_word' id='word_1_711' title='bbox 2823 3074 2914 3128; x_wconf 84' lang='lat' dir='ltr'><strong>tibi</strong></span> <span class='ocrx_word' id='word_1_712' title='bbox 2946 3074 3116 3127; x_wconf 81' lang='lat' dir='ltr'><strong>obiit?</strong></span> <span class='ocrx_word' id='word_1_713' title='bbox 3141 3073 3276 3141; x_wconf 85' lang='lat' dir='ltr'><strong>Quid</strong></span> <span class='ocrx_word' id='word_1_714' title='bbox 3307 3073 3484 3143; x_wconf 87' lang='lat' dir='ltr'><strong>igitur,</strong></span> <span class='ocrx_word' id='word_1_715' title='bbox 3511 3075 3555 3127; x_wconf 89' lang='lat' dir='ltr'><strong>si</strong></span> 
     </span>
    </p>
   </div>
   <div class='ocr_carea' id='block_1_93' title="bbox 1977 3163 3554 3236">
    <p class='ocr_par' dir='ltr' id='par_1_93' title="bbox 1977 3163 3554 3236">
     <span class='ocr_line' id='line_1_93' title="bbox 1977 3163 3554 3236; baseline 0.003 -21"><span class='ocrx_word' id='word_1_716' title='bbox 1977 3176 2162 3217; x_wconf 82' lang='lat' dir='ltr'><strong>Omnes</strong></span> <span class='ocrx_word' id='word_1_717' title='bbox 2191 3163 2483 3225; x_wconf 87' lang='lat' dir='ltr'><strong>amisisses,</strong></span> <span class='ocrx_word' id='word_1_718' title='bbox 2513 3175 2564 3218; x_wconf 85' lang='lat' dir='ltr'><strong>et</strong></span> <span class='ocrx_word' id='word_1_719' title='bbox 2609 3165 2800 3219; x_wconf 81' lang='lat' dir='ltr'><strong>acerba</strong></span> <span class='ocrx_word' id='word_1_720' title='bbox 2826 3165 3039 3236; x_wconf 87' lang='lat' dir='ltr'><strong>quidem</strong></span> <span class='ocrx_word' id='word_1_721' title='bbox 3076 3174 3269 3227; x_wconf 88' lang='lat' dir='ltr'><strong>morte,</strong></span> <span class='ocrx_word' id='word_1_722' title='bbox 3298 3166 3554 3235; x_wconf 62' lang='lat' dir='ltr'><strong>quetnath</strong></span> 
     </span>
    </p>
   </div>
   <div class='ocr_carea' id='block_1_94' title="bbox 1977 3253 3555 3325">
    <p class='ocr_par' dir='ltr' id='par_1_94' title="bbox 1977 3253 3555 3325">
     <span class='ocr_line' id='line_1_94' title="bbox 1977 3253 3555 3325; baseline -0.001 -19"><span class='ocrx_word' id='word_1_723' title='bbox 1977 3253 2191 3307; x_wconf 89' lang='lat' dir='ltr'><strong>modum</strong></span> <span class='ocrx_word' id='word_1_724' title='bbox 2229 3254 2355 3308; x_wconf 75' lang='lat' dir='ltr'><strong>ille?</strong></span> <span class='ocrx_word' id='word_1_725' title='bbox 2381 3254 2560 3309; x_wconf 81' lang='lat' dir='ltr'><strong>Nostis</strong></span> <span class='ocrx_word' id='word_1_726' title='bbox 2588 3256 2754 3323; x_wconf 89' lang='lat' dir='ltr'><strong>enim,</strong></span> <span class='ocrx_word' id='word_1_727' title='bbox 2784 3255 2973 3319; x_wconf 85' lang='lat' dir='ltr'><strong>nostis,</strong></span> <span class='ocrx_word' id='word_1_728' title='bbox 2993 3255 3231 3311; x_wconf 88' lang='lat' dir='ltr'><strong>assidere</strong></span> <span class='ocrx_word' id='word_1_729' title='bbox 3252 3257 3555 3325; x_wconf 72' lang='lat' dir='ltr'><strong>mgrotami,</strong></span> 
     </span>
    </p>
   </div>
   <div class='ocr_carea' id='block_1_95' title="bbox 1974 3346 3553 3420">
    <p class='ocr_par' dir='ltr' id='par_1_95' title="bbox 1974 3346 3553 3420">
     <span class='ocr_line' id='line_1_95' title="bbox 1974 3346 3553 3420; baseline 0.001 -22"><span class='ocrx_word' id='word_1_730' title='bbox 1974 3360 2035 3399; x_wconf 83' lang='lat' dir='ltr'><strong>os</strong></span> <span class='ocrx_word' id='word_1_731' title='bbox 2074 3346 2152 3400; x_wconf 89' lang='lat' dir='ltr'><strong>ori</strong></span> <span class='ocrx_word' id='word_1_732' title='bbox 2178 3346 2445 3412; x_wconf 81' lang='lat' dir='ltr'><strong>conferre,</strong></span> <span class='ocrx_word' id='word_1_733' title='bbox 2487 3348 2674 3402; x_wconf 79' lang='lat' dir='ltr'><strong>oculos</strong></span> <span class='ocrx_word' id='word_1_734' title='bbox 2698 3347 2969 3413; x_wconf 85' lang='lat' dir='ltr'><strong>claudere,</strong></span> <span class='ocrx_word' id='word_1_735' title='bbox 3001 3358 3340 3404; x_wconf 87' lang='lat' dir='ltr'><strong>contrectare</strong></span> <span class='ocrx_word' id='word_1_736' title='bbox 3367 3364 3553 3420; x_wconf 66' lang='lat' dir='ltr'><strong>genas,</strong></span> 
     </span>
    </p>
   </div>
   <div class='ocr_carea' id='block_1_96' title="bbox 1974 3439 3557 3511">
    <p class='ocr_par' dir='ltr' id='par_1_96' title="bbox 1974 3439 3557 3511">
     <span class='ocr_line' id='line_1_96' title="bbox 1974 3439 3557 3511; baseline 0.001 -18"><span class='ocrx_word' id='word_1_737' title='bbox 1974 3454 2219 3507; x_wconf 84' lang='lat' dir='ltr'><strong>supiema</strong></span> <span class='ocrx_word' id='word_1_738' title='bbox 2262 3439 2452 3496; x_wconf 82' lang='lat' dir='ltr'><strong>audire</strong></span> <span class='ocrx_word' id='word_1_739' title='bbox 2501 3441 2696 3506; x_wconf 80' lang='lat' dir='ltr'><strong>verba;</strong></span> <span class='ocrx_word' id='word_1_740' title='bbox 2726 3450 2982 3511; x_wconf 88' lang='lat' dir='ltr'><strong>quantum</strong></span> <span class='ocrx_word' id='word_1_741' title='bbox 3022 3442 3194 3496; x_wconf 87' lang='lat' dir='ltr'><strong>solatii</strong></span> <span class='ocrx_word' id='word_1_742' title='bbox 3247 3441 3454 3496; x_wconf 75' lang='lat' dir='ltr'><strong>aﬂerat.</strong></span> <span class='ocrx_word' id='word_1_743' title='bbox 3489 3444 3557 3495; x_wconf 76' lang='lat' dir='ltr'><strong>At</strong></span> 
     </span>
    </p>
   </div>
   <div class='ocr_carea' id='block_1_97' title="bbox 1977 3521 3554 3603">
    <p class='ocr_par' dir='ltr' id='par_1_97' title="bbox 1977 3521 3554 3603">
     <span class='ocr_line' id='line_1_97' title="bbox 1977 3521 3554 3603; baseline 0.001 -19"><span class='ocrx_word' id='word_1_744' title='bbox 1977 3531 2164 3586; x_wconf 91' lang='lat' dir='ltr'><strong>horum</strong></span> <span class='ocrx_word' id='word_1_745' title='bbox 2215 3532 2361 3586; x_wconf 89' lang='lat' dir='ltr'><strong>nullo</strong></span> <span class='ocrx_word' id='word_1_746' title='bbox 2403 3532 2653 3603; x_wconf 88' lang='lat' dir='ltr'><strong>dignatus</strong></span> <span class='ocrx_word' id='word_1_747' title='bbox 2696 3541 2779 3586; x_wconf 85' lang='lat' dir='ltr'><strong>est</strong></span> <span class='ocrx_word' id='word_1_748' title='bbox 2815 3532 2991 3601; x_wconf 86' lang='lat' dir='ltr'><strong>justus</strong></span> <span class='ocrx_word' id='word_1_749' title='bbox 3043 3521 3166 3596; x_wconf 83' lang='lat' dir='ltr'><strong>ille;</strong></span> <span class='ocrx_word' id='word_1_750' title='bbox 3216 3532 3314 3588; x_wconf 88' lang='lat' dir='ltr'><strong>sed</strong></span> <span class='ocrx_word' id='word_1_751' title='bbox 3366 3548 3554 3586; x_wconf 82' lang='lat' dir='ltr'><strong>omnes</strong></span> 
     </span>
    </p>
   </div>
   <div class='ocr_carea' id='block_1_98' title="bbox 1973 3620 3553 3694">
    <p class='ocr_par' dir='ltr' id='par_1_98' title="bbox 1973 3620 3553 3694">
     <span class='ocr_line' id='line_1_98' title="bbox 1973 3620 3553 3694; baseline 0 -19"><span class='ocrx_word' id='word_1_752' title='bbox 1973 3622 2128 3675; x_wconf 83' lang='lat' dir='ltr'><strong>simul</strong></span> <span class='ocrx_word' id='word_1_753' title='bbox 2159 3620 2335 3677; x_wconf 90' lang='lat' dir='ltr'><strong>obruti</strong></span> <span class='ocrx_word' id='word_1_754' title='bbox 2360 3622 2741 3677; x_wconf 88' lang='lat' dir='ltr'><strong>occubuerunt.</strong></span> <span class='ocrx_word' id='word_1_755' title='bbox 2777 3623 2843 3677; x_wconf 87' lang='lat' dir='ltr'><strong>Et</strong></span> <span class='ocrx_word' id='word_1_756' title='bbox 2881 3621 3007 3694; x_wconf 86' lang='lat' dir='ltr'><strong>quid</strong></span> <span class='ocrx_word' id='word_1_757' title='bbox 3053 3623 3165 3677; x_wconf 84' lang='lat' dir='ltr'><strong>ha-c</strong></span> <span class='ocrx_word' id='word_1_758' title='bbox 3191 3623 3349 3675; x_wconf 87' lang='lat' dir='ltr'><strong>dico?</strong></span> <span class='ocrx_word' id='word_1_759' title='bbox 3373 3624 3416 3674; x_wconf 85' lang='lat' dir='ltr'><strong>si</strong></span> <span class='ocrx_word' id='word_1_760' title='bbox 3439 3621 3553 3691; x_wconf 88' lang='lat' dir='ltr'><strong>ipse</strong></span> 
     </span>
    </p>
   </div>
   <div class='ocr_carea' id='block_1_99' title="bbox 1968 3696 3548 3781">
    <p class='ocr_par' dir='ltr' id='par_1_99' title="bbox 1968 3696 3548 3781">
     <span class='ocr_line' id='line_1_99' title="bbox 1968 3696 3548 3781; baseline 0.001 -18"><span class='ocrx_word' id='word_1_761' title='bbox 1968 3711 2149 3781; x_wconf 55' lang='lat' dir='ltr'><strong>jussus</strong></span> <span class='ocrx_word' id='word_1_762' title='bbox 2175 3727 2322 3768; x_wconf 83' lang='lat' dir='ltr'><strong>esses</strong></span> <span class='ocrx_word' id='word_1_763' title='bbox 2352 3711 2516 3767; x_wconf 83' lang='lat' dir='ltr'><strong>tilium</strong></span> <span class='ocrx_word' id='word_1_764' title='bbox 2544 3696 2692 3767; x_wconf 84' lang='lat' dir='ltr'><strong>tuum</strong></span> <span class='ocrx_word' id='word_1_765' title='bbox 2718 3714 3045 3778; x_wconf 85' lang='lat' dir='ltr'><strong>interimere,</strong></span> <span class='ocrx_word' id='word_1_766' title='bbox 3077 3723 3130 3767; x_wconf 90' lang='lat' dir='ltr'><strong>ct</strong></span> <span class='ocrx_word' id='word_1_767' title='bbox 3160 3713 3458 3772; x_wconf 89' lang='lat' dir='ltr'><strong>immolare.</strong></span> <span class='ocrx_word' id='word_1_768' title='bbox 3491 3722 3548 3767; x_wconf 86' lang='lat' dir='ltr'><strong>et</strong></span> 
     </span>
    </p>
   </div>
   <div class='ocr_carea' id='block_1_100' title="bbox 1973 3802 3554 3874">
    <p class='ocr_par' dir='ltr' id='par_1_100' title="bbox 1973 3802 3554 3874">
     <span class='ocr_line' id='line_1_100' title="bbox 1973 3802 3554 3874; baseline 0.001 -17"><span class='ocrx_word' id='word_1_769' title='bbox 1973 3803 2311 3858; x_wconf 67' lang='lat' dir='ltr'><strong>combustum</strong></span> <span class='ocrx_word' id='word_1_770' title='bbox 2344 3813 2614 3872; x_wconf 83' lang='lat' dir='ltr'><strong>spectare,</strong></span> <span class='ocrx_word' id='word_1_771' title='bbox 2643 3813 2698 3856; x_wconf 94' lang='lat' dir='ltr'><strong>ut</strong></span> <span class='ocrx_word' id='word_1_772' title='bbox 2726 3804 2913 3858; x_wconf 86' lang='lat' dir='ltr'><strong>beatus</strong></span> <span class='ocrx_word' id='word_1_773' title='bbox 2940 3803 3028 3858; x_wconf 89' lang='lat' dir='ltr'><strong>ille</strong></span> <span class='ocrx_word' id='word_1_774' title='bbox 3067 3804 3397 3874; x_wconf 84' lang='lat' dir='ltr'><strong>patriarcha,</strong></span> <span class='ocrx_word' id='word_1_775' title='bbox 3428 3802 3554 3873; x_wconf 83' lang='lat' dir='ltr'><strong>quid</strong></span> 
     </span>
    </p>
   </div>
   <div class='ocr_carea' id='block_1_101' title="bbox 1973 3892 3555 3962">
    <p class='ocr_par' dir='ltr' id='par_1_101' title="bbox 1973 3892 3555 3962">
     <span class='ocr_line' id='line_1_101' title="bbox 1973 3892 3555 3962; baseline 0.001 -16"><span class='ocrx_word' id='word_1_776' title='bbox 1973 3893 2226 3948; x_wconf 58' lang='lat' dir='ltr'><strong>uicisses?</strong></span> <span class='ocrx_word' id='word_1_777' title='bbox 2255 3892 2348 3947; x_wconf 85' lang='lat' dir='ltr'><strong>Illo</strong></span> <span class='ocrx_word' id='word_1_778' title='bbox 2386 3903 2562 3948; x_wconf 86' lang='lat' dir='ltr'><strong>autem</strong></span> <span class='ocrx_word' id='word_1_779' title='bbox 2589 3904 2792 3962; x_wconf 86' lang='lat' dir='ltr'><strong>quanto</strong></span> <span class='ocrx_word' id='word_1_780' title='bbox 2827 3895 3008 3948; x_wconf 90' lang='lat' dir='ltr'><strong>animo</strong></span> <span class='ocrx_word' id='word_1_781' title='bbox 3039 3909 3088 3949; x_wconf 87' lang='lat' dir='ltr'><strong>et</strong></span> <span class='ocrx_word' id='word_1_782' title='bbox 3120 3898 3290 3949; x_wconf 84' lang='lat' dir='ltr'><strong>altare</strong></span> <span class='ocrx_word' id='word_1_783' title='bbox 3316 3895 3555 3949; x_wconf 76' lang='lat' dir='ltr'><strong>a-ditica—</strong></span> 
     </span>
    </p>
   </div>
   <div class='ocr_carea' id='block_1_102' title="bbox 1974 3984 3553 4055">
    <p class='ocr_par' dir='ltr' id='par_1_102' title="bbox 1974 3984 3553 4055">
     <span class='ocr_line' id='line_1_102' title="bbox 1974 3984 3553 4055; baseline 0.001 -17"><span class='ocrx_word' id='word_1_784' title='bbox 1974 3985 2083 4049; x_wconf 88' lang='lat' dir='ltr'><strong>bat,</strong></span> <span class='ocrx_word' id='word_1_785' title='bbox 2109 3995 2162 4037; x_wconf 89' lang='lat' dir='ltr'><strong>et</strong></span> <span class='ocrx_word' id='word_1_786' title='bbox 2213 3984 2351 4054; x_wconf 89' lang='lat' dir='ltr'><strong>ligna</strong></span> <span class='ocrx_word' id='word_1_787' title='bbox 2381 3985 2686 4054; x_wconf 90' lang='lat' dir='ltr'><strong>imponebat</strong></span> <span class='ocrx_word' id='word_1_788' title='bbox 2712 4027 2727 4050; x_wconf 93' lang='lat'><strong>,</strong></span> <span class='ocrx_word' id='word_1_789' title='bbox 2768 3995 2823 4039; x_wconf 88' lang='lat' dir='ltr'><strong>et</strong></span> <span class='ocrx_word' id='word_1_790' title='bbox 2852 3987 3015 4040; x_wconf 90' lang='lat' dir='ltr'><strong>lilitnn</strong></span> <span class='ocrx_word' id='word_1_791' title='bbox 3046 3986 3235 4055; x_wconf 84' lang='lat' dir='ltr'><strong>ligabat</strong></span> <span class='ocrx_word' id='word_1_792' title='bbox 3262 3985 3283 4039; x_wconf 84' lang='lat'><strong>?</strong></span> <span class='ocrx_word' id='word_1_793' title='bbox 3314 3987 3382 4040; x_wconf 71' lang='lat' dir='ltr'><strong>At</strong></span> <span class='ocrx_word' id='word_1_794' title='bbox 3421 4003 3553 4040; x_wconf 64' lang='lat' dir='ltr'><strong>nunc</strong></span> 
     </span>
    </p>
   </div>
   <div class='ocr_carea' id='block_1_103' title="bbox 1973 4075 3554 4146">
    <p class='ocr_par' dir='ltr' id='par_1_103' title="bbox 1973 4075 3554 4146">
     <span class='ocr_line' id='line_1_103' title="bbox 1973 4075 3554 4146; baseline 0.001 -18"><span class='ocrx_word' id='word_1_795' title='bbox 1973 4076 2104 4128; x_wconf 91' lang='lat' dir='ltr'><strong>nulli</strong></span> <span class='ocrx_word' id='word_1_796' title='bbox 2128 4082 2270 4136; x_wconf 87' lang='lat' dir='ltr'><strong>sunt,</strong></span> <span class='ocrx_word' id='word_1_797' title='bbox 2298 4076 2392 4145; x_wconf 85' lang='lat' dir='ltr'><strong>qui</strong></span> <span class='ocrx_word' id='word_1_798' title='bbox 2425 4084 2476 4130; x_wconf 89' lang='lat' dir='ltr'><strong>te</strong></span> <span class='ocrx_word' id='word_1_799' title='bbox 2502 4076 2761 4130; x_wconf 75' lang='lat' dir='ltr'><strong>eonviciis</strong></span> <span class='ocrx_word' id='word_1_800' title='bbox 2789 4077 3203 4130; x_wconf 83' lang='lat' dir='ltr'><strong>consectentur?</strong></span> <span class='ocrx_word' id='word_1_801' title='bbox 3229 4075 3362 4144; x_wconf 88' lang='lat' dir='ltr'><strong>Quid</strong></span> <span class='ocrx_word' id='word_1_802' title='bbox 3396 4076 3554 4146; x_wconf 82' lang='lat' dir='ltr'><strong>igitur</strong></span> 
     </span>
    </p>
   </div>
   <div class='ocr_carea' id='block_1_104' title="bbox 1974 4164 3551 4234">
    <p class='ocr_par' dir='ltr' id='par_1_104' title="bbox 1974 4164 3551 4234">
     <span class='ocr_line' id='line_1_104' title="bbox 1974 4164 3551 4234; baseline -0.001 -15"><span class='ocrx_word' id='word_1_803' title='bbox 1974 4165 2066 4219; x_wconf 85' lang='lat' dir='ltr'><strong>tibi</strong></span> <span class='ocrx_word' id='word_1_804' title='bbox 2098 4166 2259 4219; x_wconf 86' lang='lat' dir='ltr'><strong>animi</strong></span> <span class='ocrx_word' id='word_1_805' title='bbox 2284 4174 2449 4230; x_wconf 89' lang='lat' dir='ltr'><strong>esset,</strong></span> <span class='ocrx_word' id='word_1_806' title='bbox 2480 4166 2523 4219; x_wconf 90' lang='lat' dir='ltr'><strong>si</strong></span> <span class='ocrx_word' id='word_1_807' title='bbox 2556 4166 2669 4218; x_wconf 79' lang='lat' dir='ltr'><strong>lucc</strong></span> <span class='ocrx_word' id='word_1_808' title='bbox 2690 4164 2877 4220; x_wconf 84' lang='lat' dir='ltr'><strong>eadem</strong></span> <span class='ocrx_word' id='word_1_809' title='bbox 2902 4166 2968 4218; x_wconf 88' lang='lat' dir='ltr'><strong>ab</strong></span> <span class='ocrx_word' id='word_1_810' title='bbox 2993 4165 3205 4229; x_wconf 75' lang='lat' dir='ltr'><strong>amitis,</strong></span> <span class='ocrx_word' id='word_1_811' title='bbox 3234 4167 3324 4234; x_wconf 89' lang='lat' dir='ltr'><strong>qui</strong></span> <span class='ocrx_word' id='word_1_812' title='bbox 3353 4183 3551 4219; x_wconf 88' lang='lat' dir='ltr'><strong>consu-</strong></span> 
     </span>
    </p>
   </div>
   <div class='ocr_carea' id='block_1_105' title="bbox 1972 4252 3548 4322">
    <p class='ocr_par' dir='ltr' id='par_1_105' title="bbox 1972 4252 3548 4322">
     <span class='ocr_line' id='line_1_105' title="bbox 1972 4252 3548 4322; baseline 0 -15"><span class='ocrx_word' id='word_1_813' title='bbox 1972 4253 2184 4307; x_wconf 90' lang='lat' dir='ltr'><strong>latiouis</strong></span> <span class='ocrx_word' id='word_1_814' title='bbox 2201 4269 2358 4307; x_wconf 85' lang='lat' dir='ltr'><strong>causa</strong></span> <span class='ocrx_word' id='word_1_815' title='bbox 2378 4253 2739 4318; x_wconf 81' lang='lat' dir='ltr'><strong>advenissent,</strong></span> <span class='ocrx_word' id='word_1_816' title='bbox 2757 4253 2967 4306; x_wconf 89' lang='lat' dir='ltr'><strong>audires</strong></span> <span class='ocrx_word' id='word_1_817' title='bbox 2987 4252 3010 4304; x_wconf 88' lang='lat'><strong>?</strong></span> <span class='ocrx_word' id='word_1_818' title='bbox 3030 4252 3160 4306; x_wconf 84' lang='lat' dir='ltr'><strong>Nam</strong></span> <span class='ocrx_word' id='word_1_819' title='bbox 3177 4269 3318 4307; x_wconf 91' lang='lat' dir='ltr'><strong>nunc</strong></span> <span class='ocrx_word' id='word_1_820' title='bbox 3338 4255 3548 4322; x_wconf 86' lang='lat' dir='ltr'><strong>quidem</strong></span> 
     </span>
    </p>
   </div>
   <div class='ocr_carea' id='block_1_106' title="bbox 1971 4343 3547 4413">
    <p class='ocr_par' dir='ltr' id='par_1_106' title="bbox 1971 4343 3547 4413">
     <span class='ocr_line' id='line_1_106' title="bbox 1971 4343 3547 4413; baseline 0.001 -16"><span class='ocrx_word' id='word_1_821' title='bbox 1971 4344 2136 4397; x_wconf 90' lang='lat' dir='ltr'><strong>multa</strong></span> <span class='ocrx_word' id='word_1_822' title='bbox 2169 4343 2425 4397; x_wconf 83' lang='lat' dir='ltr'><strong>habemus</strong></span> <span class='ocrx_word' id='word_1_823' title='bbox 2454 4353 2671 4412; x_wconf 88' lang='lat' dir='ltr'><strong>peccata</strong></span> <span class='ocrx_word' id='word_1_824' title='bbox 2693 4384 2706 4406; x_wconf 90' lang='lat'><strong>,</strong></span> <span class='ocrx_word' id='word_1_825' title='bbox 2735 4343 2964 4413; x_wconf 70' lang='lat' dir='ltr'><strong>iureque</strong></span> <span class='ocrx_word' id='word_1_826' title='bbox 2995 4345 3204 4413; x_wconf 86' lang='lat' dir='ltr'><strong>probris</strong></span> <span class='ocrx_word' id='word_1_827' title='bbox 3233 4346 3501 4401; x_wconf 80' lang='lat' dir='ltr'><strong>aiticimur</strong></span> <span class='ocrx_word' id='word_1_828' title='bbox 3534 4363 3547 4398; x_wconf 89' lang='lat'><strong>:</strong></span> 
     </span>
    </p>
   </div>
   <div class='ocr_carea' id='block_1_107' title="bbox 1971 4432 3548 4504">
    <p class='ocr_par' dir='ltr' id='par_1_107' title="bbox 1971 4432 3548 4504">
     <span class='ocr_line' id='line_1_107' title="bbox 1971 4432 3548 4504; baseline 0 -15"><span class='ocrx_word' id='word_1_829' title='bbox 1971 4444 2097 4489; x_wconf 82' lang='lat' dir='ltr'><strong>tunc</strong></span> <span class='ocrx_word' id='word_1_830' title='bbox 2127 4450 2253 4489; x_wconf 86' lang='lat' dir='ltr'><strong>vero</strong></span> <span class='ocrx_word' id='word_1_831' title='bbox 2294 4435 2381 4488; x_wconf 89' lang='lat' dir='ltr'><strong>ille</strong></span> <span class='ocrx_word' id='word_1_832' title='bbox 2408 4449 2585 4499; x_wconf 78' lang='lat' dir='ltr'><strong>verax,</strong></span> <span class='ocrx_word' id='word_1_833' title='bbox 2615 4432 2811 4504; x_wconf 69' lang='lat' dir='ltr'><strong>justus,</strong></span> <span class='ocrx_word' id='word_1_834' title='bbox 2862 4434 2999 4502; x_wconf 86' lang='lat' dir='ltr'><strong>pius,</strong></span> <span class='ocrx_word' id='word_1_835' title='bbox 3029 4436 3116 4504; x_wconf 88' lang='lat' dir='ltr'><strong>qtti</strong></span> <span class='ocrx_word' id='word_1_836' title='bbox 3148 4450 3218 4489; x_wconf 37' lang='lat' dir='ltr'><strong>se.</strong></span> <span class='ocrx_word' id='word_1_837' title='bbox 3239 4450 3270 4490; x_wconf 89' lang='lat' dir='ltr'><strong>e</strong></span> <span class='ocrx_word' id='word_1_838' title='bbox 3311 4436 3378 4489; x_wconf 88' lang='lat' dir='ltr'><strong>ah</strong></span> <span class='ocrx_word' id='word_1_839' title='bbox 3401 4436 3548 4491; x_wconf 88' lang='lat' dir='ltr'><strong>omni</strong></span> 
     </span>
    </p>
   </div>
   <div class='ocr_carea' id='block_1_108' title="bbox 1968 4526 3545 4590">
    <p class='ocr_par' dir='ltr' id='par_1_108' title="bbox 1968 4526 3545 4590">
     <span class='ocr_line' id='line_1_108' title="bbox 1968 4526 3545 4590; baseline 0 -7"><span class='ocrx_word' id='word_1_840' title='bbox 1968 4528 2195 4583; x_wconf 87' lang='lat' dir='ltr'><strong>crimine</strong></span> <span class='ocrx_word' id='word_1_841' title='bbox 2222 4526 2543 4590; x_wconf 77' lang='lat' dir='ltr'><strong>abstinebat,</strong></span> <span class='ocrx_word' id='word_1_842' title='bbox 2575 4541 2732 4581; x_wconf 73' lang='lat' dir='ltr'><strong>secus</strong></span> <span class='ocrx_word' id='word_1_843' title='bbox 2757 4527 2935 4579; x_wconf 88' lang='lat' dir='ltr'><strong>omnia</strong></span> <span class='ocrx_word' id='word_1_844' title='bbox 2975 4527 3040 4581; x_wconf 88' lang='lat' dir='ltr'><strong>ab</strong></span> <span class='ocrx_word' id='word_1_845' title='bbox 3069 4528 3254 4583; x_wconf 87' lang='lat' dir='ltr'><strong>amicis</strong></span> <span class='ocrx_word' id='word_1_846' title='bbox 3278 4528 3545 4583; x_wconf 85' lang='lat' dir='ltr'><strong>audiebat.</strong></span> 
     </span>
    </p>
   </div>
   <div class='ocr_carea' id='block_1_109' title="bbox 1968 4618 3543 4689">
    <p class='ocr_par' dir='ltr' id='par_1_109' title="bbox 1968 4618 3543 4689">
     <span class='ocr_line' id='line_1_109' title="bbox 1968 4618 3543 4689; baseline 0.002 -16"><span class='ocrx_word' id='word_1_847' title='bbox 1968 4621 2106 4687; x_wconf 81' lang='lat' dir='ltr'><strong>Quid</strong></span> <span class='ocrx_word' id='word_1_848' title='bbox 2140 4635 2285 4683; x_wconf 77' lang='lat' dir='ltr'><strong>vero,</strong></span> <span class='ocrx_word' id='word_1_849' title='bbox 2312 4619 2400 4675; x_wconf 89' lang='lat' dir='ltr'><strong>dic</strong></span> <span class='ocrx_word' id='word_1_850' title='bbox 2432 4618 2581 4680; x_wconf 86' lang='lat' dir='ltr'><strong>mihi,</strong></span> <span class='ocrx_word' id='word_1_851' title='bbox 2604 4620 2647 4673; x_wconf 89' lang='lat' dir='ltr'><strong>si</strong></span> <span class='ocrx_word' id='word_1_852' title='bbox 2682 4619 2960 4673; x_wconf 90' lang='lat' dir='ltr'><strong>mulierem</strong></span> <span class='ocrx_word' id='word_1_853' title='bbox 2996 4620 3413 4689; x_wconf 76' lang='lat' dir='ltr'><strong>exprobrantcm</strong></span> <span class='ocrx_word' id='word_1_854' title='bbox 3443 4635 3543 4677; x_wconf 84' lang='lat' dir='ltr'><strong>at:-</strong></span> 
     </span>
    </p>
   </div>
   <div class='ocr_carea' id='block_1_110' title="bbox 1967 4713 3543 4785">
    <p class='ocr_par' dir='ltr' id='par_1_110' title="bbox 1967 4713 3543 4785">
     <span class='ocr_line' id='line_1_110' title="bbox 1967 4713 3543 4785; baseline -0.001 -15"><span class='ocrx_word' id='word_1_855' title='bbox 1967 4716 2134 4783; x_wconf 82' lang='lat' dir='ltr'><strong>dires,</strong></span> <span class='ocrx_word' id='word_1_856' title='bbox 2159 4731 2221 4772; x_wconf 88' lang='lat' dir='ltr'><strong>ac</strong></span> <span class='ocrx_word' id='word_1_857' title='bbox 2245 4716 2532 4778; x_wconf 84' lang='lat' dir='ltr'><strong>dicentem,</strong></span> <span class='ocrx_word' id='word_1_858' title='bbox 2565 4713 2676 4785; x_wconf 79' lang='lat' dir='ltr'><strong>Ego</strong></span> <span class='ocrx_word' id='word_1_859' title='bbox 2703 4714 2849 4783; x_wconf 82' lang='lat' dir='ltr'><strong>quasi</strong></span> <span class='ocrx_word' id='word_1_860' title='bbox 2901 4714 3122 4769; x_wconf 85' lang='lat' dir='ltr'><strong>erratica</strong></span> <span class='ocrx_word' id='word_1_861' title='bbox 3151 4716 3385 4783; x_wconf 77' lang='lat' dir='ltr'><strong>qnwdam</strong></span> <span class='ocrx_word' id='word_1_862' title='bbox 3435 4733 3543 4770; x_wconf 54' lang='lat' dir='ltr'><strong>mu.</strong></span> 
     </span>
    </p>
   </div>
   <div class='ocr_carea' id='block_1_111' title="bbox 1969 4807 3546 4882">
    <p class='ocr_par' dir='ltr' id='par_1_111' title="bbox 1969 4807 3546 4882">
     <span class='ocr_line' id='line_1_111' title="bbox 1969 4807 3546 4882; baseline -0.003 -17"><span class='ocrx_word' id='word_1_863' title='bbox 1969 4813 2062 4866; x_wconf 84' lang='lat' dir='ltr'><strong>tier</strong></span> <span class='ocrx_word' id='word_1_864' title='bbox 2081 4821 2126 4865; x_wconf 88' lang='lat' dir='ltr'><strong>et</strong></span> <span class='ocrx_word' id='word_1_865' title='bbox 2174 4811 2368 4882; x_wconf 84' lang='lat' dir='ltr'><strong>famula</strong></span> <span class='ocrx_word' id='word_1_866' title='bbox 2398 4810 2565 4862; x_wconf 87' lang='lat' dir='ltr'><strong>locum</strong></span> <span class='ocrx_word' id='word_1_867' title='bbox 2612 4824 2676 4862; x_wconf 78' lang='lat' dir='ltr'><strong>ea:</strong></span> <span class='ocrx_word' id='word_1_868' title='bbox 2724 4808 2855 4871; x_wconf 86' lang='lat' dir='ltr'><strong>loco,</strong></span> <span class='ocrx_word' id='word_1_869' title='bbox 2903 4807 3107 4861; x_wconf 82' lang='lat' dir='ltr'><strong>domum</strong></span> <span class='ocrx_word' id='word_1_870' title='bbox 3151 4824 3214 4862; x_wconf 68' lang='lat' dir='ltr'><strong>ex</strong></span> <span class='ocrx_word' id='word_1_871' title='bbox 3250 4808 3401 4861; x_wconf 89' lang='lat' dir='ltr'><strong>domo</strong></span> <span class='ocrx_word' id='word_1_872' title='bbox 3441 4809 3546 4861; x_wconf 84' lang='lat' dir='ltr'><strong>cir-</strong></span> 
     </span>
    </p>
   </div>
   <div class='ocr_carea' id='block_1_112' title="bbox 1968 4898 3549 4970">
    <p class='ocr_par' dir='ltr' id='par_1_112' title="bbox 1968 4898 3549 4970">
     <span class='ocr_line' id='line_1_112' title="bbox 1968 4898 3549 4970; baseline -0.003 -12"><span class='ocrx_word' id='word_1_873' title='bbox 1968 4919 2277 4965; x_wconf 83' lang='lat' dir='ltr'><strong>ctuucrraus,</strong></span> <span class='ocrx_word' id='word_1_874' title='bbox 2308 4903 2429 4957; x_wconf 89' lang='lat' dir='ltr'><strong>solis</strong></span> <span class='ocrx_word' id='word_1_875' title='bbox 2456 4918 2688 4954; x_wconf 79' lang='lat' dir='ltr'><strong>occasum</strong></span> <span class='ocrx_word' id='word_1_876' title='bbox 2719 4909 3033 4970; x_wconf 68' lang='lat' dir='ltr'><strong>exspectans,</strong></span> <span class='ocrx_word' id='word_1_877' title='bbox 3066 4911 3119 4953; x_wconf 79' lang='lat' dir='ltr'><strong>ut</strong></span> <span class='ocrx_word' id='word_1_878' title='bbox 3141 4917 3174 4954; x_wconf 81' lang='grc' dir='ltr'><strong><em>η</em></strong></span> <span class='ocrx_word' id='word_1_879' title='bbox 3194 4898 3449 4953; x_wconf 78' lang='lat' dir='ltr'><strong>doloribus</strong></span> <span class='ocrx_word' id='word_1_880' title='bbox 3470 4916 3549 4953; x_wconf 87' lang='lat' dir='ltr'><strong>me</strong></span> 
     </span>
    </p>
   </div>
   <div class='ocr_carea' id='block_1_113' title="bbox 1971 4990 3544 5064">
    <p class='ocr_par' dir='ltr' id='par_1_113' title="bbox 1971 4990 3544 5064">
     <span class='ocr_line' id='line_1_113' title="bbox 1971 4990 3544 5064; baseline -0.004 -16"><span class='ocrx_word' id='word_1_881' title='bbox 1971 4995 2191 5064; x_wconf 81' lang='lat' dir='ltr'><strong>undique</strong></span> <span class='ocrx_word' id='word_1_882' title='bbox 2216 4994 2555 5063; x_wconf 79' lang='lat' dir='ltr'><strong>prementibus</strong></span> <span class='ocrx_word' id='word_1_883' title='bbox 2580 4992 2886 5061; x_wconf 76' lang='lat' dir='ltr'><strong>requiescam</strong></span> <span class='ocrx_word' id='word_1_884' title='bbox 2910 4990 3029 5061; x_wconf 85' lang='lat' dir='ltr'><strong>(a)?</strong></span> <span class='ocrx_word' id='word_1_885' title='bbox 3073 4992 3181 5047; x_wconf 80' lang='lat' dir='ltr'><strong>Cur</strong></span> <span class='ocrx_word' id='word_1_886' title='bbox 3217 4992 3323 5045; x_wconf 86' lang='lat' dir='ltr'><strong>ista.</strong></span> <span class='ocrx_word' id='word_1_887' title='bbox 3347 4991 3544 5058; x_wconf 81' lang='lat' dir='ltr'><strong>inquis,</strong></span> 
     </span>
    </p>
   </div>
   <div class='ocr_carea' id='block_1_114' title="bbox 1970 5080 3544 5138">
    <p class='ocr_par' dir='ltr' id='par_1_114' title="bbox 1970 5080 3544 5138">
     <span class='ocr_line' id='line_1_114' title="bbox 1970 5080 3544 5138; baseline -0.003 1"><span class='ocrx_word' id='word_1_888' title='bbox 1970 5101 2004 5138; x_wconf 93' lang='grc' dir='ltr'><strong>ο</strong></span> <span class='ocrx_word' id='word_1_889' title='bbox 2031 5084 2217 5138; x_wconf 83' lang='lat' dir='ltr'><strong>stolida</strong></span> <span class='ocrx_word' id='word_1_890' title='bbox 2238 5085 2262 5136; x_wconf 88' lang='lat'><strong>?</strong></span> <span class='ocrx_word' id='word_1_891' title='bbox 2286 5099 2410 5137; x_wconf 91' lang='lat' dir='ltr'><strong>num</strong></span> <span class='ocrx_word' id='word_1_892' title='bbox 2441 5083 2626 5137; x_wconf 85' lang='lat' dir='ltr'><strong>harum</strong></span> <span class='ocrx_word' id='word_1_893' title='bbox 2653 5097 2831 5136; x_wconf 87' lang='lat' dir='ltr'><strong>rerum</strong></span> <span class='ocrx_word' id='word_1_894' title='bbox 2864 5083 2955 5135; x_wconf 90' lang='lat' dir='ltr'><strong>tibi</strong></span> <span class='ocrx_word' id='word_1_895' title='bbox 2988 5095 3149 5136; x_wconf 88' lang='lat' dir='ltr'><strong>causa</strong></span> <span class='ocrx_word' id='word_1_896' title='bbox 3173 5090 3258 5137; x_wconf 73' lang='lat' dir='ltr'><strong>est</strong></span> <span class='ocrx_word' id='word_1_897' title='bbox 3284 5082 3363 5133; x_wconf 87' lang='lat' dir='ltr'><strong>vir</strong></span> <span class='ocrx_word' id='word_1_898' title='bbox 3384 5082 3408 5134; x_wconf 67' lang='grc' dir='ltr'><strong>ζ’</strong></span> <span class='ocrx_word' id='word_1_899' title='bbox 3429 5080 3544 5135; x_wconf 73' lang='lat' dir='ltr'><strong>Non</strong></span> 
     </span>
    </p>
   </div>
   <div class='ocr_carea' id='block_1_115' title="bbox 1972 5173 3548 5243">
    <p class='ocr_par' dir='ltr' id='par_1_115' title="bbox 1972 5173 3548 5243">
     <span class='ocr_line' id='line_1_115' title="bbox 1972 5173 3548 5243; baseline -0.004 -11"><span class='ocrx_word' id='word_1_900' title='bbox 1972 5179 2080 5240; x_wconf 84' lang='lat' dir='ltr'><strong>illc,</strong></span> <span class='ocrx_word' id='word_1_901' title='bbox 2113 5177 2206 5232; x_wconf 89' lang='lat' dir='ltr'><strong>sed</strong></span> <span class='ocrx_word' id='word_1_902' title='bbox 2237 5176 2502 5231; x_wconf 89' lang='lat' dir='ltr'><strong>diabolus.</strong></span> <span class='ocrx_word' id='word_1_903' title='bbox 2552 5174 2669 5239; x_wconf 87' lang='lat' dir='ltr'><strong>Dic,</strong></span> <span class='ocrx_word' id='word_1_904' title='bbox 2720 5174 2912 5243; x_wconf 75' lang='grc' dir='ltr'>ἰηιιιῖι,</span> <span class='ocrx_word' id='word_1_905' title='bbox 2954 5173 3154 5227; x_wconf 83' lang='lat' dir='ltr'><strong>verbum</strong></span> <span class='ocrx_word' id='word_1_906' title='bbox 3192 5173 3401 5240; x_wconf 82' lang='lat' dir='ltr'><strong>aliquod</strong></span> <span class='ocrx_word' id='word_1_907' title='bbox 3448 5173 3548 5226; x_wconf 84' lang='lat' dir='ltr'><strong>ad-</strong></span> 
     </span>
    </p>
   </div>
   <div class='ocr_carea' id='block_1_116' title="bbox 1970 5264 3545 5333">
    <p class='ocr_par' dir='ltr' id='par_1_116' title="bbox 1970 5264 3545 5333">
     <span class='ocr_line' id='line_1_116' title="bbox 1970 5264 3545 5333; baseline -0.003 -9"><span class='ocrx_word' id='word_1_908' title='bbox 1970 5286 2138 5324; x_wconf 72' lang='lat' dir='ltr'><strong>versus</strong></span> <span class='ocrx_word' id='word_1_909' title='bbox 2161 5269 2453 5333; x_wconf 84' lang='lat' dir='ltr'><strong>Dominum,</strong></span> <span class='ocrx_word' id='word_1_910' title='bbox 2483 5277 2530 5322; x_wconf 89' lang='lat' dir='ltr'><strong>et</strong></span> <span class='ocrx_word' id='word_1_911' title='bbox 2558 5283 2771 5321; x_wconf 86' lang='lat' dir='ltr'><strong>morere.</strong></span> <span class='ocrx_word' id='word_1_912' title='bbox 2803 5266 2992 5321; x_wconf 83' lang='lat' dir='ltr'><strong>ltanc?</strong></span> <span class='ocrx_word' id='word_1_913' title='bbox 3019 5266 3062 5317; x_wconf 88' lang='lat' dir='ltr'><strong>si</strong></span> <span class='ocrx_word' id='word_1_914' title='bbox 3093 5264 3417 5319; x_wconf 80' lang='lat' dir='ltr'><strong>decumbens</strong></span> <span class='ocrx_word' id='word_1_915' title='bbox 3444 5264 3545 5319; x_wconf 81' lang='lat' dir='ltr'><strong>huc</strong></span> 
     </span>
    </p>
   </div>
   <div class='ocr_carea' id='block_1_117' title="bbox 1970 5356 3545 5425">
    <p class='ocr_par' dir='ltr' id='par_1_117' title="bbox 1970 5356 3545 5425">
     <span class='ocr_line' id='line_1_117' title="bbox 1970 5356 3545 5425; baseline -0.004 -9"><span class='ocrx_word' id='word_1_916' title='bbox 1970 5362 2171 5416; x_wconf 77' lang='lat' dir='ltr'><strong>diceret</strong></span> <span class='ocrx_word' id='word_1_917' title='bbox 2202 5375 2266 5414; x_wconf 85' lang='lat' dir='ltr'><strong>ac</strong></span> <span class='ocrx_word' id='word_1_918' title='bbox 2313 5372 2631 5425; x_wconf 79' lang='lat' dir='ltr'><strong>moreretur,</strong></span> <span class='ocrx_word' id='word_1_919' title='bbox 2666 5360 2831 5414; x_wconf 90' lang='lat' dir='ltr'><strong>tibine</strong></span> <span class='ocrx_word' id='word_1_920' title='bbox 2869 5358 3063 5412; x_wconf 82' lang='lat' dir='ltr'><strong>melius</strong></span> <span class='ocrx_word' id='word_1_921' title='bbox 3100 5357 3275 5411; x_wconf 60' lang='lat' dir='ltr'><strong>esiset‘t</strong></span> <span class='ocrx_word' id='word_1_922' title='bbox 3305 5356 3420 5410; x_wconf 78' lang='lat' dir='ltr'><strong>Non</strong></span> <span class='ocrx_word' id='word_1_923' title='bbox 3459 5368 3545 5411; x_wconf 88' lang='lat' dir='ltr'><strong>cst</strong></span> 
     </span>
    </p>
   </div>
   <div class='ocr_carea' id='block_1_118' title="bbox 1972 5445 3548 5527">
    <p class='ocr_par' dir='ltr' id='par_1_118' title="bbox 1972 5445 3548 5527">
     <span class='ocr_line' id='line_1_118' title="bbox 1972 5445 3548 5527; baseline -0.004 -21"><span class='ocrx_word' id='word_1_924' title='bbox 1972 5451 2190 5507; x_wconf 87' lang='lat' dir='ltr'><strong>tuorbus</strong></span> <span class='ocrx_word' id='word_1_925' title='bbox 2209 5451 2299 5505; x_wconf 89' lang='lat' dir='ltr'><strong>illo</strong></span> <span class='ocrx_word' id='word_1_926' title='bbox 2318 5454 2553 5520; x_wconf 78' lang='lat' dir='ltr'><strong>gravior,</strong></span> <span class='ocrx_word' id='word_1_927' title='bbox 2585 5452 2746 5507; x_wconf 89' lang='lat' dir='ltr'><strong>etiam</strong></span> <span class='ocrx_word' id='word_1_928' title='bbox 2778 5450 2824 5504; x_wconf 90' lang='lat' dir='ltr'><strong>si</strong></span> <span class='ocrx_word' id='word_1_929' title='bbox 2853 5445 3369 5527; x_wconf 53' lang='lat' dir='ltr'><strong>sexcenwsatl‘eras.</strong></span> <span class='ocrx_word' id='word_1_930' title='bbox 3401 5448 3548 5504; x_wconf 74' lang='lat' dir='ltr'><strong>Talis</strong></span> 
     </span>
    </p>
   </div>
   <div class='ocr_carea' id='block_1_119' title="bbox 2033 5601 3553 5669">
    <p class='ocr_par' dir='ltr' id='par_1_119' title="bbox 2033 5601 3553 5669">
     <span class='ocr_line' id='line_1_119' title="bbox 2033 5601 3553 5669; baseline -0.005 -13"><span class='ocrx_word' id='word_1_931' title='bbox 2033 5606 2106 5669; x_wconf 64' lang='grc' dir='ltr'><strong>(ει)</strong></span> <span class='ocrx_word' id='word_1_932' title='bbox 2125 5606 2261 5663; x_wconf 63' lang='lat' dir='ltr'><strong>“TC,</strong></span> <span class='ocrx_word' id='word_1_933' title='bbox 2282 5607 2339 5655; x_wconf 84' lang='lat' dir='ltr'><strong>ad</strong></span> <span class='ocrx_word' id='word_1_934' title='bbox 2364 5605 2537 5669; x_wconf 66' lang='lat' dir='ltr'><strong>librum</strong></span> <span class='ocrx_word' id='word_1_935' title='bbox 2561 5606 2665 5655; x_wconf 85' lang='lat' dir='ltr'><strong>Jobi</strong></span> <span class='ocrx_word' id='word_1_936' title='bbox 2684 5606 3000 5669; x_wconf 71' lang='lat' dir='ltr'><strong>pertinentia,</strong></span> <span class='ocrx_word' id='word_1_937' title='bbox 3024 5602 3125 5669; x_wconf 73' lang='lat' dir='ltr'><strong>poli</strong></span> <span class='ocrx_word' id='word_1_938' title='bbox 3146 5605 3191 5653; x_wconf 90' lang='lat' dir='ltr'><strong>in</strong></span> <span class='ocrx_word' id='word_1_939' title='bbox 3216 5601 3553 5669; x_wconf 23' lang='lat' dir='ltr'><strong>ltiblia‘latina</strong></span> 
     </span>
    </p>
   </div>
   <div class='ocr_carea' id='block_1_120' title="bbox 1972 5664 3555 5731">
    <p class='ocr_par' dir='ltr' id='par_1_120' title="bbox 1972 5664 3555 5731">
     <span class='ocr_line' id='line_1_120' title="bbox 1972 5664 3555 5731; baseline -0.004 -13"><span class='ocrx_word' id='word_1_940' title='bbox 1972 5664 2225 5731; x_wconf 76' lang='lat' dir='ltr'><strong>inquirere</strong></span> <span class='ocrx_word' id='word_1_941' title='bbox 2248 5682 2259 5716; x_wconf 91' lang='lat'>:</span> <span class='ocrx_word' id='word_1_942' title='bbox 2286 5668 2334 5716; x_wconf 91' lang='lat' dir='ltr'><strong>in</strong></span> <span class='ocrx_word' id='word_1_943' title='bbox 2359 5667 2662 5731; x_wconf 62' lang='lat' dir='ltr'><strong>Editisenim</strong></span> <span class='ocrx_word' id='word_1_944' title='bbox 2686 5664 3001 5731; x_wconf 53' lang='lat' dir='ltr'><strong>Grascis‘jtbri</strong></span> <span class='ocrx_word' id='word_1_945' title='bbox 3017 5664 3129 5713; x_wconf 83' lang='lat' dir='ltr'><strong>Jobi</strong></span> <span class='ocrx_word' id='word_1_946' title='bbox 3148 5664 3294 5715; x_wconf 83' lang='lat' dir='ltr'><strong>multa</strong></span> <span class='ocrx_word' id='word_1_947' title='bbox 3314 5664 3555 5731; x_wconf 73' lang='lat' dir='ltr'><strong>adjectitla</strong></span> 
     </span>
    </p>
   </div>
   <div class='ocr_carea' id='block_1_121' title="bbox 1974 5726 3550 5796">
    <p class='ocr_par' dir='ltr' id='par_1_121' title="bbox 1974 5726 3550 5796">
     <span class='ocr_line' id='line_1_121' title="bbox 1974 5726 3550 5796; baseline -0.006 -10"><span class='ocrx_word' id='word_1_948' title='bbox 1974 5726 2251 5791; x_wconf 67' lang='lat' dir='ltr'><strong>ot&#39;étu&#39;runt,</strong></span> <span class='ocrx_word' id='word_1_949' title='bbox 2275 5743 2386 5796; x_wconf 75' lang='lat' dir='ltr'><strong>qua&quot;:</strong></span> <span class='ocrx_word' id='word_1_950' title='bbox 2412 5729 2461 5777; x_wconf 91' lang='lat' dir='ltr'><strong>iu</strong></span> <span class='ocrx_word' id='word_1_951' title='bbox 2484 5727 2696 5779; x_wconf 73' lang='lat' dir='ltr'><strong>Helm</strong></span> <span class='ocrx_word' id='word_1_952' title='bbox 2720 5736 2770 5778; x_wconf 88' lang='lat' dir='ltr'><strong>et</strong></span> <span class='ocrx_word' id='word_1_953' title='bbox 2794 5730 2843 5777; x_wconf 87' lang='lat' dir='ltr'><strong>itt</strong></span> <span class='ocrx_word' id='word_1_954' title='bbox 2868 5726 2997 5791; x_wconf 74' lang='lat' dir='ltr'><strong>Vulg</strong></span> <span class='ocrx_word' id='word_1_955' title='bbox 3014 5735 3076 5777; x_wconf 84' lang='lat' dir='ltr'><strong>-ta</strong></span> <span class='ocrx_word' id='word_1_956' title='bbox 3099 5740 3194 5778; x_wconf 90' lang='lat' dir='ltr'><strong>nou</strong></span> <span class='ocrx_word' id='word_1_957' title='bbox 3220 5726 3550 5787; x_wconf 56' lang='lat' dir='ltr'><strong>reperiuntur.</strong></span> 
     </span>
    </p>
   </div>
  </div>
