4044 6202
479 251 586 307 935

479 378 544 417 ac
571 371 748 419 tantus
769 377 905 431 erat,
937 378 987 418 ut
1024 381 1090 420 ne
1117 365 1260 418 domi
1305 361 1520 432 quidem
1548 373 1611 412 ac
1650 353 1751 409 sub
1781 363 1922 407 tecto
1948 363 2060 404 ma-

481 467 612 507 nere
653 465 832 523 posset
865 475 879 510 :
912 457 1031 510 talis
1070 465 1207 520 erat,
1265 463 1321 506 ut
1365 464 1555 504 omnes
1605 445 1917 501 deﬁcerent.
1948 440 2062 496 Non

482 547 648 612 enim,
691 549 734 601 si
764 549 926 602 ullam
973 548 1276 603 admisisset
1329 543 1671 606 medicinam,
1699 547 1849 592 extra
1877 534 2062 588 urbem

484 637 707 696 scilisset
741 641 993 694 deteriori
1022 640 1350 700 conditione,
1377 651 1535 705 quam
1582 632 1657 687 illi
1696 629 1786 700 qui
1809 625 2068 696 elephan-

486 729 603 782 tiasi
634 729 896 783 laborant.
926 728 1058 783 Nam
1085 728 1167 782 isti
1187 726 1401 797 quidem
1429 733 1483 779 et
1522 723 1713 777 domos
1755 717 1984 772 subeunt
2012 724 2067 770 et

486 818 625 873 inter
651 835 710 873 se
735 828 1126 890 congregantur
1151 836 1163 871 :
1201 820 1291 874 ille
1321 832 1452 872 vero
1481 815 1583 870 sub
1608 814 1698 868 dio
1730 813 1782 866 in
1826 819 2066 864 stercore

486 912 660 966 nudus
701 913 1069 983 pernoctaliat,
1126 927 1188 966 ac
1237 927 1306 967 ne
1352 919 1558 966 vestem
1581 905 1796 975 quidem
1842 903 2068 958 induere

485 1011 695 1070 [atterat
729 1003 1038 1072 :quomoda
1087 1004 1275 1058 enim?
1311 1000 1437 1066 quin
1468 999 1629 1054 etiam
1687 996 1916 1050 fortasse
1951 1007 2071 1046 cre-

485 1092 649 1147 visset
674 1092 848 1147 dolor.
878 1092 1104 1158 Macero,
1134 1093 1323 1162 inquit,
1351 1091 1521 1162 glebas
1545 1100 1694 1143 terra:
1719 1090 1909 1142 saniem
1932 1084 2070 1137 scat-

485 1201 608 1254 pens
637 1186 655 1253 (
682 1184 780 1239 Job
813 1187 867 1240 7.
899 1188 997 1256 5).
1032 1187 1234 1238 (Ian-nes
1283 1184 1448 1252 ipsius
1493 1181 1696 1235 saniem
1741 1194 1805 1234 ac
1861 1189 2072 1232 vermes

487 1275 888 1339 se:itut-ieli.-iit,
937 1276 1096 1345 idque
1149 1274 1383 1328 assidue.
1439 1271 1618 1326 Sentis
1657 1285 1814 1340 quam
1845 1269 2073 1336 quisque

488 1375 731 1418 nostrum
762 1366 875 1419 haec
902 1365 1124 1420 audiens
1151 1366 1447 1420 horrescat.
1475 1361 1628 1432 Quod
1671 1361 1715 1415 si
1743 1376 1802 1416 ea
1831 1368 1954 1414 sunt
1980 1373 2072 1411 au-

487 1453 598 1506 ditu
629 1454 1002 1517 intolerabilia,
1045 1465 1247 1526 quanto
1297 1455 1466 1524 magis
1503 1451 1796 1523 Perpessn?
1824 1451 2072 1504 Attamen

489 1558 780 1612 perpessus
807 1555 887 1598 est
904 1545 1080 1612 justus
1109 1546 1199 1600 ille
1237 1561 1341 1599 non
1373 1560 1536 1598 unum
1583 1552 1675 1597 aut
1714 1541 1941 1598 alterum
1993 1538 2075 1596 vel

491 1637 705 1689 tertium
737 1638 899 1702 diem,
930 1638 1024 1692 sed
1055 1637 1278 1707 perdiu;
1309 1652 1410 1692 nec
1437 1637 1676 1707 peccavit
1701 1634 1986 1706 quidquam
2021 1635 2073 1689 iu

490 1727 644 1782 labiis
682 1731 813 1784 suis.
865 1731 1097 1801 Ecquem
1131 1730 1433 1800 hnjusmodi
1481 1731 1727 1786 morbum
1755 1738 1906 1800 potes
1947 1729 2075 1784 mihi

489 1819 703 1883 afferre,
736 1830 814 1875 tot
841 1821 1099 1877 refertum
1126 1821 1437 1877 doloribus?
1473 1838 1651 1877 annon
1699 1823 1799 1877 iste
1839 1821 2077 1876 caecitate

490 1909 728 1965 deterior
748 1923 860 1966 erat
887 1914 910 1968 ?
939 1913 1177 1969 Foetidos
1197 1915 1340 1969 enim
1363 1913 1537 1968 sentio
1557 1913 1705 1966 cibos
1731 1927 1879 1966 meos
1905 1928 2078 1982 neque

494 2001 594 2056 hoc
619 2004 814 2068 solum,
842 2005 934 2060 sed
960 2021 1132 2074 neque
1160 2005 1344 2067 etiam,
1375 2004 1516 2075 quod
1547 2005 1667 2058 aliis
1699 2005 1831 2059 solet
1863 2019 2076 2058 recrea-

493 2094 622 2149 tioni
651 2112 792 2162 esse,
818 2112 920 2152 nox
944 2107 997 2153 et
1023 2112 1244 2152 somnus
1274 2097 1397 2152 huic
1421 2097 1709 2168 quidquam
1741 2096 1918 2153 solatii
1951 2097 2081 2151 affe-

493 2188 664 2251 rebat,
693 2189 788 2244 sed
834 2191 1027 2260 quovis
1070 2200 1340 2245 tormento
1381 2191 1596 2261 gravior
1639 2199 1795 2246 erat:
1829 2190 1986 2261 idque
2011 2207 2076 2248 ex

496 2280 664 2349 ipsius
689 2281 868 2335 verb's
904 2297 1192 2351 Cognosce.
1227 2283 1330 2338 Cur
1361 2294 1517 2340 terres
1557 2302 1634 2338 me
1663 2301 1752 2355 per
1785 2287 2004 2349 somnia,
2033 2295 2083 2340 et

495 2386 584 2438 per
613 2371 828 2424 risiones
854 2387 1026 2426 errore
1067 2375 1335 2428 concutis?
1370 2373 1496 2431 Cum
1546 2376 1746 2430 advenit
1774 2377 2079 2444 diluculum,

496 2462 631 2526 dico,
657 2463 875 2528 Quando
896 2465 1124 2520 adveniet
1152 2483 1356 2536 vespera
1380 2469 1398 2537 (
1428 2468 1528 2521 Job
1554 2469 1602 2524 7.
1637 2468 1725 2523 Η.
1773 2454 1871 2540 4)?
1901 2471 1976 2523 Ac
2007 2478 2084 2524 tot

499 2556 762 2625 tantisque
812 2557 964 2611 malis
1005 2559 1228 2614 allectus
1277 2576 1382 2614 non
1429 2559 1871 2616 obmurmuravit.
1901 2561 2084 2630 Neque

502 2661 631 2700 vero
659 2647 711 2701 id
740 2647 914 2702 solum
938 2650 1196 2706 molestiae
1225 2651 1394 2708 inerat
1419 2667 1435 2716 ;
1462 2651 1554 2707 sed
1581 2652 1743 2708 etiam
1763 2652 1897 2706 mala
1925 2667 2082 2722 quam

499 2737 652 2792 nntlti
674 2738 743 2791 de
771 2739 884 2807 ipso
911 2753 1270 2810 conceperant
1297 2742 1483 2812 opinio
1513 2761 1527 2798 :
1558 2759 1681 2798 nam
1709 2759 1776 2798 ex
1810 2744 2086 2798 calamita-

499 2828 660 2894 tibus,
683 2845 802 2898 qn:e
831 2830 901 2884 illi
931 2831 1258 2897 acciderant,
1283 2834 1777 2904 sescentorumjatn
1800 2835 2083 2890 criminum

499 2934 650 2974 reum
675 2921 1055 2977 existimabant
1087 2924 1266 2992 :qnod
1316 2933 1370 2979 et
1409 2925 1457 2981 ei
1498 2925 1744 2984 dicebant
1772 2926 1952 2988 amici.
1985 2926 2084 2981 Mi-

499 3029 630 3067 nora
681 3015 910 3083 [meantis
960 3018 1065 3070 luis
1110 3016 1317 3088 flagella
1371 3033 1562 3088 passus
1587 3034 1645 3073 es
1691 3021 1711 3089 (
1737 3018 1839 3074 Job
1865 3020 1952 3075 ll.
1980 3018 2082 3090 6).

497 3104 858 3173 Quamobrem
885 3117 939 3162 et
964 3107 1078 3177 ipse
1101 3108 1334 3176 dicebat,
1369 3109 1430 3164 Et
1456 3121 1657 3164 monent
1692 3127 1770 3166 me
1799 3112 1964 3180 in/imi
1989 3113 2086 3166 lto-

499 3201 680 3263 niines,
711 3216 835 3269 quos
862 3201 1072 3255 canibus
1100 3210 1357 3264 pastorum
1399 3218 1620 3256 meorum
1665 3203 1870 3256 minime
1907 3203 2086 3274 dignos

501 3289 863 3343 existimassem
903 3291 922 3358 (
949 3291 1048 3344 Job
1099 3292 1236 3348 30.1
1272 3291 1311 3362 ).
1344 3293 1484 3360 Quot
1528 3294 1788 3348 mortibus
1819 3310 1923 3350 non
1973 3306 2089 3351 erit

503 3380 640 3434 istud
668 3381 926 3449 gravius?
960 3382 1334 3439 \'crtnntan:eu
1366 3385 1526 3437 tatuis
1561 3383 1795 3456 malique
1838 3385 2088 3441 fluctibus

505 3487 742 3541 prCSsus,
774 3487 837 3528 ac
874 3483 980 3526 tam
1013 3490 1154 3527 Stcva
1185 3474 1418 3542 undique
1459 3476 1738 3544 ingruente
1771 3487 2087 3546 tempestate

509 3562 562 3618 in
592 3564 782 3617 mediis
805 3565 1056 3630 nubibus,
1097 3567 1366 3633 procellis,
1401 3566 1736 3634 fulminibus,
1787 3569 2088 3624 turbinibus

501 3672 563 3709 ac
591 3657 880 3712 verticibus
922 3666 1101 3716 manet
1145 3659 1258 3726 ipse
1286 3659 1557 3722 immotus,
1589 3660 1640 3714 in
1673 3669 1818 3714 tanta
1857 3670 2072 3732 tamque

503 3749 648 3815 gravi
694 3759 1012 3817 tempestate
1037 3790 1053 3812 .
1087 3749 1311 3818 perinde
1340 3759 1500 3820 atque
1531 3751 1581 3810 in
1615 3751 1826 3818 placido
1852 3754 2084 3823 quodam

509 3848 661 3908 portu
691 3840 904 3908 quietus
949 3840 1166 3904 sedens,
1215 3856 1388 3910 neque
1430 3841 1857 3898 olunurmuravit
1884 3861 1897 3898 :
1927 3854 2090 3914 atque

507 3931 620 3986 lucc
649 3939 774 3986 ante
797 3931 978 4000 gratia!
1011 3942 1241 4001 tempus,
1264 3940 1550 4002 antequam
1580 3933 1648 3988 de
1669 3935 2085 4001 resurrectione,

509 4023 577 4077 de
597 4022 861 4093 gehenna,
891 4022 958 4076 de
980 4037 1155 4092 paena,
1186 4022 1253 4078 de
1277 4023 1540 4091 supplicio
1566 4024 1854 4094 quidquam
1885 4025 2086 4080 dictum

506 4122 668 4168 esset.
689 4112 796 4166 Nos
817 4128 964 4178 vero,
990 4112 1079 4183 qui
1107 4121 1160 4166 et
1186 4111 1472 4184 prolilietas
1496 4122 1551 4168 et
1569 4116 1841 4184 aposmlos
1863 4125 1918 4172 et
1938 4133 2092 4172 evan-

504 4207 723 4276 gelistas
769 4205 1016 4260 audimus
1044 4247 1058 4270 ,
1099 4215 1156 4260 et
1207 4215 1459 4261 sexcenta
1511 4210 1781 4262 cernimus
1822 4210 2088 4278 exetnpla,

507 4309 666 4368 atque
696 4313 756 4353 ea
784 4339 799 4362 ,
833 4314 955 4368 qua:
983 4299 1436 4353 resurrectionem
1465 4299 1623 4354 nobis
1647 4298 1982 4369 exploratam
2013 4300 2091 4354 fa-

505 4390 994 4457 ciunt,didieintus,
1021 4391 1195 4446 adhuc
1218 4407 1358 4461 :rgre
1380 4390 1598 4447 ferimus
1630 4410 1644 4446 :
1668 4394 1909 4462 quamvis
1934 4409 2090 4448 nemo

507 4485 597 4550 sit,
629 4485 718 4554 qui
749 4493 823 4539 tot
851 4499 913 4539 ac
941 4493 1084 4538 tanta
1115 4483 1215 4538 sibi
1247 4485 1384 4538 mala
1410 4485 1672 4541 accidisse
1701 4497 1862 4554 queat
1884 4486 2085 4540 dicere.

509 4573 641 4632 Nam
670 4576 878 4630 tametsi
910 4576 1027 4645 quis
1055 4577 1312 4646 pecunias
1338 4577 1537 4642 amisit,
1569 4586 1625 4631 at
1670 4593 1776 4631 non
1824 4587 1902 4631 tot
1953 4579 2092 4631 filius

511 4665 785 4734 filiasque;
813 4682 874 4720 ac
903 4667 946 4720 si
978 4667 1177 4734 amisit,
1207 4667 1432 4722 fortasse
1456 4667 1598 4738 quod
1632 4670 1931 4737 peccaverit
1958 4686 1970 4721 :
2005 4669 2092 4723 ille,

509 4769 640 4810 vero
669 4767 890 4824 repente
928 4757 980 4811 in
1009 4757 1200 4812 mediis
1223 4757 1522 4821 sacrificiis,
1548 4756 1639 4812 illo
1670 4759 1786 4828 ipso
1819 4769 2080 4828 tempore.

509 4848 638 4904 dum
663 4849 962 4905 descrviret
992 4861 1043 4904 ct
1072 4850 1273 4905 cultum
1307 4851 1565 4906 tribueret
1595 4851 1725 4906 Deo.
1755 4851 1906 4917 Quod
1953 4851 1996 4926 si
2028 4854 2088 4904 ti.

511 4941 636 5007 lios,
666 4956 729 4997 ac
757 4941 972 4997 divitias
1015 4944 1170 4996 simul
1200 4951 1372 4997 tantas
1393 4983 1407 5007 ,
1438 4941 1579 5013 quod
1612 4943 1695 4996 vix
1728 4942 1843 4998 fieri
1876 4951 2086 5012 potest;

508 5044 561 5087 at
591 5049 695 5090 non
721 5048 817 5104 per
860 5042 1029 5087 totum
1059 5047 1257 5102 corpus
1281 5033 1551 5100 ulceribus
1577 5042 1746 5088 scatet
1776 5047 1840 5088 ac
1883 5033 2087 5087 saniem

508 5124 754 5179 eﬂuudit.
781 5123 934 5191 Quod
955 5124 997 5178 si
1023 5124 1124 5178 hoc
1148 5137 1360 5192 quoque
1385 5165 1399 5189 ,
1427 5134 1481 5183 at
1509 5139 1615 5177 non
1645 5123 1964 5178 insultantes
1991 5138 2090 5176 na-

511 5225 628 5270 etus
653 5227 733 5271 est
758 5228 916 5287 atque
956 5217 1340 5286 exprobrantes
1373 5233 1387 5269 :
1418 5216 1558 5285 quod
1588 5217 1803 5286 quidem
1850 5217 2086 5270 omnium

511 5309 742 5363 maxime
769 5325 864 5364 nos
897 5324 1130 5379 pungere
1174 5311 1472 5376 consuevit,
1517 5312 1790 5381 magisque
1816 5325 1973 5380 quam
2005 5325 2090 5364 ca-

513 5396 781 5453 lamitates
827 5401 977 5478 ipsre.
1011 5399 1242 5465 Etenim,
1292 5399 1336 5454 si
1367 5400 1453 5456 ubi
1501 5400 1552 5454 in
1599 5401 1753 5454 malis
1781 5400 1975 5455 adsunt
2001 5402 2089 5472 qui

514 5505 614 5545 nos
638 5492 982 5547 constilentur
1005 5508 1069 5548 ac
1109 5493 1348 5548 dolorem
1378 5493 1600 5557 leniant,
1635 5491 1907 5562 bonasque
1937 5492 2090 5546 nobis

506 5598 634 5649 spes
661 5583 916 5652 injiciant,
951 5595 1127 5638 tamen
1156 5585 1290 5640 adeo
1330 5584 1624 5655 frangimur
1661 5591 1824 5652 atque
1852 5583 2086 5638 animum

509 5671 906 5744 despondetnus
933 5693 944 5729 :
975 5676 1145 5745 cogita
1174 5687 1429 5749 quantum
1485 5674 1612 5731 illud
1661 5674 1855 5742 fuerit,
1890 5689 2085 5746 expro-

1185 248 1244 304 S.
1283 242 1560 300 “ubile
1594 234 2073 295 CHRYSOSTOMI
2115 233 2432 290 ARCIIIEP.
2460 233 2991 292 CONS'I'ANTINOP.

3655 241 3761 297 ΞΗ

2174 345 2393 409 brantes
2418 348 2634 406 habere.
2657 350 2713 407 Si
2748 352 2901 416 illud,
2933 351 3171 408 Sustinui
3194 352 3283 422 qui
3309 353 3468 408 simul
3493 355 3754 408 contrista-

2169 449 2327 506 rctur,
2355 451 2402 495 et
2446 445 2705 515 nonfuit;
2753 455 2800 499 et
2832 446 2922 516 qui
2961 445 3326 510 consolaretur,
3359 457 3408 500 ct
3447 464 3544 500 non
3597 447 3766 500 inveni

2171 529 2345 600 (Psal.
2377 533 2466 592 68.
2496 534 2612 605 Si),
2644 551 2810 604 grave
2839 547 3000 607 atque
3025 537 3363 594 intolerabile
3393 549 3507 592 erat
3546 556 3560 594 :
3589 555 3759 608 quan-

2171 631 2282 677 tum
2313 625 2528 681 tandem
2561 629 2684 682 mali
2722 630 2823 684 erit
2855 644 2952 699 pro
2991 630 3396 685 consolantibus
3440 631 3678 686 incidere
3710 633 3758 685 in

2171 717 2600 783 exprobrantes:
2633 719 3006 786 Consolatores,
3048 721 3240 795 inquit,
3291 724 3540 780 malorum
3589 740 3760 779 omnes

2174 805 2317 877 (Job.
2348 807 2536 881 16.2).

2244 898 2299 953 6.
2329 899 2383 953 Si
2422 899 2537 954 haec
2565 901 2778 958 assidue
2803 919 3158 969 versaremus,
3185 907 3229 962 si
3261 907 3372 964 luec
3402 923 3646 963 essemus
3669 925 3758 961 ra-

2175 988 2441 1054 tiocinati,
2484 992 2626 1046 nulla
2673 1008 2802 1048 sane
2849 983 3188 1063 prtesentium
3233 1015 3409 1053 rerum
3449 1000 3636 1056 dolore
3665 1016 3759 1052 nos

2175 1079 2472 1146 affecisset,
2503 1084 2555 1136 in
2588 1083 2736 1140 illum
2768 1086 3039 1142 intuentes
3064 1089 3352 1157 athletam,
3383 1091 3434 1146 in
3465 1091 3760 1146 adamanti-

2177 1187 2298 1226 nam
2329 1173 2474 1227 illam
2500 1175 2766 1240 animam,
2794 1178 2845 1232 in
2875 1189 3107 1233 mentem
3152 1181 3296 1238 illam
3335 1198 3538 1238 teneam
3563 1192 3618 1239 et
3641 1199 3756 1254 quae

2177 1263 2344 1335 frangi
2389 1283 2493 1320 non
2526 1278 2705 1334 posset
2734 1287 2748 1323 :
2783 1271 3003 1340 perinde
3029 1275 3178 1342 quasi
3206 1290 3384 1342 :ereo,
3426 1276 3507 1330 vel
3554 1277 3761 1345 lapideo

2177 1369 2402 1424 corpore
2425 1357 2786 1415 circumdatus
2807 1371 2971 1428 esset,
2999 1363 3069 1417 ita
3095 1366 3271 1419 omnia
3297 1381 3557 1436 generose
3582 1385 3645 1423 ac
3673 1385 3760 1438 pa-

2179 1447 2373 1502 tienter
2395 1447 2618 1508 ferebat.
2645 1451 2769 1507 lhec
2790 1455 3106 1525 cogitantes,
3129 1458 3307 1512 omnia
3333 1459 3451 1514 sine
3473 1477 3763 1518 murmura-

2180 1537 2413 1593 tionihus
2440 1551 2600 1612 atque
2635 1542 2971 1600 haesitatione
3015 1547 3290 1605 faciamus.
3332 1550 3462 1604 Boni
3493 1551 3761 1622 quidpiam

2179 1627 2342 1695 facis,
2382 1645 2445 1685 ac
2480 1635 2818 1689 murmuras?
2855 1639 2990 1692 cur?
3029 1655 3152 1694 nutu
3199 1638 3336 1694 forte
3374 1641 3621 1713 imposita
3669 1644 3762 1698 tibi

2182 1722 2472 1776 necessitas
2500 1725 2625 1778 est?
2663 1725 2815 1791 Novi,
2847 1727 3039 1798 inquit.
3071 1731 3286 1793 multos.
3317 1733 3404 1802 qui
3436 1733 3636 1788 circum
3669 1750 3764 1789 vos

2180 1823 2325 1880 sunt,
2357 1830 2452 1867 vos
2478 1832 2614 1884 pene
2639 1833 2833 1887 cogere
2865 1831 2916 1873 nt
2949 1823 3292 1876 murmuretis
3318 1824 3446 1893 (hoc
3473 1828 3614 1878 enim
3643 1826 3768 1880 sub-

2184 1905 2378 1966 indieat
2405 1908 2509 1963 illis
2534 1910 2730 1976 verbis,
2758 1911 2824 1965 In
2852 1913 3018 1968 medio
3047 1915 3266 1968 nationis
3293 1933 3463 1986 pravae
3491 1929 3535 1971 et
3561 1935 3764 1984 pererr-

2181 2001 2275 2066 sm)
2302 2015 2314 2051 :
2342 2008 2397 2054 at
2418 1999 2518 2054 hoc
2544 2000 2757 2056 demmu
2786 2002 3102 2058 admirabile
3130 2015 3232 2064 est.
3257 2022 3430 2076 neque
3455 2005 3614 2062 etiam
3644 2024 3763 2062 eum

2185 2091 2435 2161 pungaris
2460 2101 2619 2162 atque
2650 2094 2942 2164 impellaris
2959 2136 2976 2161 ,
3001 2111 3067 2150 eo
3093 2096 3310 2152 adduci.
3349 2098 3483 2153 Nam
3509 2107 3564 2153 et
3593 2100 3764 2153 sidera

2185 2182 2238 2238 in
2265 2194 2422 2240 nocte
2448 2185 2667 2256 fulgent,
2699 2188 2752 2240 in
2780 2188 3017 2243 tenebris
3044 2189 3308 2254 emicant;
3335 2198 3648 2260 tantumque
3673 2191 3768 2245 ab-

2184 2285 2267 2329 est
2288 2316 2302 2340 ,
2328 2285 2386 2330 ut
2409 2276 2564 2330 ullam
2593 2278 2998 2346 pulchritudinis
3025 2295 3136 2333 sua:
3170 2280 3432 2348 jacturam
3462 2281 3687 2345 faciant,
3713 2292 3768 2338 ut

2185 2366 2546 2435 splendidiora
2569 2369 2727 2424 etiam
2750 2381 3040 2440 appareant
3062 2391 3075 2430 :
3096 2371 3182 2426 tibi
3201 2372 3342 2426 enim
3365 2372 3450 2426 lux
3470 2373 3764 2443 advenerit,

2189 2475 2294 2514 non
2331 2475 2484 2531 teque
2527 2470 2808 2532 apparent.
2848 2461 2922 2522 Ita
2962 2462 3122 2517 etiam
3147 2472 3224 2528 tn,
3249 2463 3293 2519 sl
3320 2464 3463 2519 inter
3487 2479 3768 2534 perversos

2188 2552 2433 2610 homines
2476 2562 2653 2609 rectus
2695 2557 2984 2620 manseris,
3024 2555 3228 2611 lucebis
3268 2557 3468 2628 magis,
3506 2557 3770 2628 longeque

2187 2646 2554 2700 admirabilius
2593 2646 2696 2701 erit
2740 2648 2855 2701 sine
2897 2647 3312 2716 reprehensione
3350 2663 3491 2703 esse.
3536 2649 3675 2719 Ergo
3703 2666 3770 2703 ne

2189 2736 2290 2791 hoc
2314 2737 2559 2802 afferant,
2592 2753 2864 2807 occupans
2897 2739 3009 2808 ipse
3045 2739 3094 2793 id
3122 2739 3318 2793 attulit.
3342 2738 3478 2806 Quid
3503 2749 3607 2804 est,
3643 2739 3770 2792 l'er-

2187 2829 2304 2882 bum
2344 2830 2459 2884 vitae
2503 2830 2853 2883 continentes?
2895 2829 2948 2883 Id
2983 2840 3091 2895 est,
3129 2831 3216 2900 qni
3256 2830 3321 2885 ad
3361 2831 3523 2884 vitam
3561 2832 3770 2887 venturi

2188 2923 2338 2984 estis,
2367 2922 2455 2993 qui
2485 2938 2549 2976 ex
2578 2936 2800 2976 numero
2824 2938 3008 2976 eorum
3035 2922 3184 2986 estis,
3213 2922 3300 2991 qui
3327 2921 3551 2976 salutem
3574 2937 3772 2977 conse-

2188 3029 2441 3088 quuutur.
2485 3015 2621 3069 Vide
2668 3031 2826 3085 quam
2871 3017 3126 3068 continuo
3164 3014 3451 3084 subjecerit
3495 3015 3711 3084 pra~niia
3755 3034 3768 3072 :

2190 3107 2517 3170 Luutinaria,
2549 3107 2737 3176 inquit,
2769 3106 3029 3160 rationem
3057 3121 3119 3160 ac
3148 3106 3447 3161 faettltatem
3486 3106 3617 3162 Ittt‘ts
3643 3118 3775 3157 eon-

2191 3200 2382 3254 tiuent.
2410 3198 2544 3264 Quid
2582 3207 2686 3263 est,
2727 3196 2937 3251 Verbum
2968 3197 3120 3252 vitta?
3150 3197 3345 3251 Semen
3385 3198 3503 3250 vita.-
3541 3197 3592 3250 in
3624 3196 3775 3250 vobis

2193 3290 2429 3355 habetis,
2476 3289 2577 3344 hoc
2619 3298 2729 3352 e~t,
2761 3289 2980 3360 p’gnora
3018 3298 3074 3343 et
3107 3303 3291 3343 semen
3322 3291 3442 3342 vine
3478 3287 3771 3342 habentes:

2191 3383 2295 3439 hoc
2321 3393 2476 3438 vocat
2512 3384 2731 3438 verbum
2767 3385 2908 3438 vitm.
2940 3385 3077 3453 Ergo
3106 3383 3284 3438 ca‘tcri
3311 3398 3498 3437 omnes
3535 3382 3727 3436 mortui
3756 3396 3777 3436 ε

2194 3477 2244 3532 id
2269 3481 2410 3533 enim
2436 3478 2612 3532 verbis
2638 3478 2753 3532 istis
2780 3478 3032 3532 indicavit
3061 3495 3074 3530 :
3102 3478 3336 3543 alioiiuin
3364 3487 3414 3531 ct
3441 3476 3528 3531 alii
3552 3476 3776 3530 verbum

2193 3570 2314 3624 vita:
2348 3569 2758 3624 continuissent.
2798 3569 2879 3622 Ad
2912 3569 3157 3639 gloriam,
3189 3568 3392 3638 inquit,
3425 3584 3603 3621 nteant.
3637 3566 3776 3633 Quid

2193 3660 2297 3717 hoc
2320 3662 2444 3716 est?
2471 3660 2536 3714 Et
2561 3677 2681 3730 ego,
2706 3661 2895 3729 inquit,
2924 3661 3184 3730 particeps
3213 3675 3331 3715 sum
3356 3670 3652 3717 vestrorum
3678 3659 3779 3714 bov

2193 3768 2406 3809 norum.
2431 3751 2597 3807 Tanta
2619 3761 2702 3807 est
2727 3761 2899 3806 vcsxra
2931 3751 3119 3816 virtus,
3143 3761 3194 3804 ut
3221 3766 3325 3806 non
3353 3750 3524 3806 solum
3550 3750 3780 3803 salutem

2194 3842 2283 3898 det
2310 3843 2462 3897 vobis
2485 3885 2500 3908 ,
2530 3841 2623 3896 sed
2653 3857 2738 3895 me
2765 3841 2922 3895 etiam
2949 3839 3148 3895 clarum
3179 3839 3355 3896 faciat.
3383 3840 3636 3909 Qumnam
3663 3839 3783 3910 glo-

2196 3936 2294 3998 ria,
2320 3951 2353 3988 ο
2379 3935 2530 3989 beate
2558 3934 2760 3989 Paule?
2791 3934 3036 4005 Flagellis
3061 3933 3305 4002 ca'deris,
3324 3935 3632 4004 expelleris,
3649 3949 3783 3989 conv

2197 4026 2428 4080 tnmeliis
2461 4024 2690 4078 afﬁceris
2729 4035 2909 4079 nostra
2937 4040 3095 4080 causa
3126 4042 3140 4079 :
3171 4034 3451 4097 prepterea
3478 4025 3678 4096 inquit,
3713 4025 3782 4078 In

2195 4116 2329 4170 diem
2360 4115 2566 4180 Christi,
2592 4116 2712 4187 quia
2743 4132 2842 4170 nou
2874 4117 2925 4170 in
2955 4132 3167 4170 vacuum
3187 4116 3408 4180 cucurri,
3431 4132 3588 4186 neque
3615 4117 3667 4170 in
3701 4133 3787 4170 ro-

2195 4226 2347 4267 cnum
2385 4208 2610 4262 laboravi
2632 4223 2650 4272 ;
2676 4207 2771 4262 sed
2801 4223 3014 4277 semper
3043 4219 3124 4263 cst
3153 4208 3294 4264 unde
3334 4207 3530 4277 glorier
3561 4223 3646 4263 me
3674 4224 3784 4264 non

2199 4304 2390 4362 frustra
2423 4303 2742 4358 cucurrisse.
2775 4302 2860 4356 17.
2887 4300 2993 4355 Sed
3037 4301 3132 4356 etsi
3180 4302 3434 4355 immolor.
3464 4301 3576 4355 Non
3604 4299 3744 4354 dixit
3767 4341 3784 4362 .

2197 4396 2358 4450 etiam
2381 4394 2425 4450 si
2449 4393 2644 4450 moriar
2663 4411 2676 4449 τ
2697 4393 3142 4463 quemadmodum
3163 4408 3333 4463 neque
3353 4393 3417 4447 ad
3438 4392 3788 4448 Timotheum

2195 4487 2472 4551 scribens;
2507 4501 2627 4540 nam
2657 4496 2705 4539 et
2741 4485 2809 4539 ibi
2844 4485 3030 4540 eadem
3056 4484 3205 4546 dicit,
3233 4485 3347 4554 Ego
3374 4485 3504 4537 enim
3533 4485 3652 4555 jam
3684 4485 3787 4537 im-

2197 4580 2358 4632 molor
2388 4577 2462 4649 (‘2.
2497 4577 2626 4630 Tim.
2660 4577 2711 4632 ὁ.
2743 4576 2832 4644 6);
2870 4577 3058 4645 partim
3104 4577 3389 4631 consolans
3431 4576 3552 4629 illus
3586 4576 3659 4629 de
3689 4590 3788 4630 sua

2197 4671 2363 4740 ipsius
2386 4680 2576 4729 morte.
2605 4671 2793 4738 partim
2825 4669 3103 4722 instituens
3125 4677 3179 4720 ut
3201 4677 3427 4722 mortem
3451 4682 3547 4737 pro
3568 4666 3792 4722 Christo

2198 4761 2471 4816 tttotlerate
2516 4760 2705 4815 ferunt.
2740 4759 2960 4814 Victima
2981 4801 2995 4822 ,
3026 4760 3222 4828 inquit,
3254 4758 3495 4830 quzedam
3523 4768 3578 4812 et
3609 4759 3793 4814 hostia

2196 4852 2384 4908 evado.
2413 4852 2458 4907 Ο
2487 4853 2692 4906 beatam
2730 4852 2997 4907 animam!
3032 4851 3267 4906 llostiam
3298 4862 3453 4906 vocat
3494 4850 3796 4905 institutio-

2198 4959 2319 4999 nem
2361 4944 2589 4999 illorum.
2623 4941 2788 4996 Multo
2831 4942 2996 4996 satius
3028 4941 3301 4996 immolare
3334 4941 3591 5005 animam,
3623 4955 3794 5010 quam

2201 5034 2389 5089 bovem
2421 5033 2720 5088 immolare.
2752 5032 3087 5102 Quapropter
3114 5033 3156 5086 si
3196 5032 3246 5086 in
3277 5032 3379 5086 hoc
3406 5030 3674 5086 sacrificio
3706 5045 3799 5084 nte

2198 5126 2369 5195 ipsum
2414 5123 2717 5187 tradidero,
2762 5123 2963 5194 inquit,
3002 5122 3152 5192 quasi
3193 5122 3496 5186 victimam;
3541 5121 3794 5190 gaudeo,

2198 5219 2404 5286 inquit,
2433 5215 2500 5270 de
2544 5230 2660 5270 mea
2704 5223 2876 5270 morte
2907 5231 2919 5266 :
2948 5213 3050 5268 hoc
3079 5214 3219 5268 enim
3254 5213 3352 5268 ista
3384 5214 3544 5268 verba
3583 5213 3804 5284 signiti-

2197 5318 2341 5372 caul,
2373 5307 2546 5378 Supra
2567 5308 2874 5374 sacri/icium
2897 5317 2942 5359 et
2967 5307 3254 5376 obsequium
3277 5306 3394 5375 fidei
3425 5314 3624 5368 vestrm,
3651 5322 3798 5376 gau-

2197 5399 2290 5451 deo
2311 5407 2357 5452 et
2383 5400 2705 5468 congrattttor
2733 5397 2962 5451 omnibus
2987 5397 3122 5452 vobis
3147 5412 3166 5451 :
3197 5396 3522 5467 18.idipsum
3543 5406 3724 5448 autem
3753 5405 3802 5448 et

2198 5506 2284 5544 vos
2327 5490 2540 5560 gaudete
2581 5498 2627 5542 et
2671 5489 3090 5557 congratulatnini
3139 5489 3282 5545 nti/ti.
3314 5487 3450 5556 Quid
3491 5497 3800 5554 congratu-

2197 5583 2366 5640 laris?
2390 5582 2548 5637 Vides
2575 5583 2844 5654 quomodo
2869 5582 3114 5638 ostendat
3139 5579 3474 5652 gaudendum
3498 5578 3605 5632 illis
3626 5577 3804 5634 esse?

2198 5673 2416 5734 Gaudeo
2445 5675 2621 5748 igitur,
2655 5674 2844 5744 inquit,
2877 5689 2961 5730 me
2993 5661 3219 5728 libamen
3257 5669 3366 5727 fieri
3392 5687 3406 5738 ;
3437 5668 3807 5742 congratulor
