4044 6202
272 274 385 333 245

269 402 452 446 autem
476 388 617 460 quod
646 388 804 444 simul
832 387 1151 443 sacriﬁcium
1174 390 1414 444 offeram.
1441 390 1676 461 Idipsum
1697 399 1862 443 autem

268 495 318 539 ct
359 500 445 538 vos
490 484 702 554 gaudete
737 493 785 538 et
830 482 1253 553 congratulamini
1282 484 1437 549 mihi,
1474 485 1615 554 quod
1654 485 1865 539 oblatus

266 598 411 637 smn.
434 582 913 651 Congratulamini,
939 582 1128 651 inquit,
1149 581 1273 635 mihi
1299 582 1348 635 in
1370 597 1482 638 mea
1508 584 1671 651 ipsius
1694 594 1865 639 morte

267 675 549 745 gaudenti.
596 672 713 727 Non
759 673 917 744 igitur
960 674 1209 745 lacrymis
1248 672 1439 744 dignus
1476 684 1559 730 est
1596 676 1862 745 justorum

268 766 471 827 obitus,
503 764 596 817 sed
628 764 831 817 lzetitia.
862 764 916 818 Si
958 764 1057 834 ipsi
1098 764 1347 834 gaudent,
1381 765 1714 836 gaudendum
1741 782 1861 821 cum

268 859 404 926 ipsis
430 867 514 911 est
544 873 557 910 :
586 857 878 912 absurdum
908 860 1047 912 enim
1075 856 1231 912 fuerit
1258 859 1609 929 gaudentibus
1639 860 1741 914 illis
1766 875 1864 915 nos

268 951 475 1020 lugere.
510 948 613 1005 Sed
644 952 1087 1005 Consuetudinem
1118 951 1458 1021 requirimus,
1489 952 1676 1021 inquit.
1705 951 1867 1008 Com-

270 1054 452 1096 menta
489 1041 671 1095 isthmc
698 1051 822 1096 sunt
861 1052 913 1096 ct
954 1052 1243 1112 pra-textus
1275 1066 1287 1096 :
1324 1043 1480 1107 vide,
1510 1045 1634 1113 quid
1669 1046 1864 1103 Paulus

268 1136 560 1189 admoneat
609 1135 1015 1205 Philippenses,
1070 1134 1298 1191 Gaudete
1342 1148 1388 1190 et
1437 1140 1864 1209 congratulamini

268 1229 397 1280 mihi
416 1244 437 1293 ;
464 1236 517 1281 et
546 1235 601 1281 tu
632 1228 1072 1283 consuetudinem
1115 1230 1379 1299 requiris?
1419 1230 1473 1285 Si
1517 1231 1608 1287 tibi
1647 1232 1861 1302 quidem

273 1320 370 1386 ipsi
402 1320 490 1373 hic
518 1321 839 1374 manendum
871 1322 972 1385 sit,
1002 1332 1146 1377 recte
1176 1323 1344 1388 dicis;
1377 1322 1457 1377 sin
1498 1335 1673 1378 autem
1707 1328 1862 1393 paulo

270 1420 389 1479 post
415 1411 483 1465 ad
514 1412 661 1466 illum
688 1414 775 1481 qui
806 1413 933 1467 abiit
968 1424 1320 1482 perventurus
1344 1433 1423 1485 es,
1450 1434 1608 1490 quam
1635 1422 1862 1493 requiris

268 1502 763 1558 consuetudinem?
790 1502 885 1559 Ille
909 1505 1052 1560 enim
1081 1508 1273 1562 merito
1308 1512 1745 1568 consuetudinem
1776 1530 1862 1569 re-

266 1594 469 1660 quirat,
501 1595 591 1663 qui
619 1596 687 1649 ab
715 1596 894 1666 aliquo
925 1597 977 1651 in
1010 1609 1324 1668 perpetuum
1355 1602 1661 1671 divellitur;
1692 1607 1783 1661 sed
1816 1608 1860 1663 si

268 1683 411 1736 idem
441 1684 532 1738 tibi
561 1685 664 1739 iter
689 1686 1077 1743 conﬁciendum
1105 1701 1207 1757 est,
1238 1708 1397 1763 quam
1421 1697 1859 1755 consuetudinem

266 1779 543 1847 requiris?
566 1780 691 1845 Eos,
720 1782 807 1852 qui
838 1797 1058 1854 peregre
1086 1786 1296 1850 absunt,
1328 1802 1424 1843 cur
1452 1803 1555 1844 non
1587 1791 1862 1860 lugemus?

264 1884 459 1921 nonne
487 1872 667 1938 paucis
694 1874 903 1928 emissis
926 1875 1197 1947 lacrymis,
1230 1879 1506 1935 confestim
1543 1891 1664 1953 post
1696 1900 1859 1940 unum

266 1968 369 2011 ant
394 1959 620 2014 alterum
646 1962 779 2016 dicm
806 1979 831 2016 a
862 1964 990 2020 fletu
1015 1969 1322 2024 cessamus?
1346 1970 1400 2026 Si
1423 1975 1858 2029 consuetudinem

271 2050 532 2115 requiris,
565 2060 756 2107 tantum
787 2054 1063 2112 dumtaxat
1087 2057 1230 2123 ﬂeto,
1264 2070 1518 2129 quantum
1543 2065 1669 2119 satis
1699 2064 1860 2123 sitad

265 2140 684 2208 ostendendum,
717 2151 767 2199 te
802 2157 989 2201 natura
1021 2148 1289 2205 hominem
1321 2166 1441 2207 esse
1471 2172 1483 2207 :
1514 2154 1707 2210 deinde
1734 2172 1860 2214 vero

259 2229 467 2298 gaude,
496 2234 941 2301 quemadmodum
971 2237 1188 2307 Paulus,
1218 2241 1306 2309 qui
1335 2242 1405 2297 ita
1434 2243 1645 2301 dicebat
1672 2263 1684 2298 :
1717 2247 1858 2302 Nihil

824 2370 1035 2381 —-——.

1039 2373 1135 2382 .—

1141 2374 1468 2388 -_—-—.

1162 273 1224 328 iN
1269 273 1477 331 EPIST.
1521 274 1611 328 AD
1652 270 1933 328 PHILIPP.
1978 272 2127 327 CAP.
2174 274 2231 326 ll.
2276 273 2504 330 liOMll..
2551 275 2638 330 ιχ.

3460 287 3564 343 ξω

1972 386 2103 441 mihi
2136 388 2343 442 mole-sti
2372 389 2600 452 accidit,
2636 390 2728 446 sed
2767 394 2924 447 etiam
2964 396 3171 464 gaudeo
3198 398 3264 452 ad
3292 399 3561 459 Christum

1972 478 2155 532 abiens
2176 519 2191 543 ,
2227 478 2292 531 Et
2330 496 2415 533 vos
2440 482 2687 549 gaudete,
2720 481 2923 552 inquit,
2953 488 3380 556 congratulamini
3412 494 3558 549 mihi.

1970 569 2309 623 Gaudeamus
2336 571 2495 641 igitur
2516 580 2570 625 et
2598 587 2696 626 nos
2721 589 2840 627 cum
2858 575 3059 644 justum
3088 578 3377 635 viderimus
3398 582 3562 638 inter-

1972 659 2119 727 iisse,
2144 660 2225 714 vel
2254 662 2429 730 potius
2455 663 2668 732 quando
2691 664 2920 734 aliquem
2949 668 3108 722 etiam
3135 683 3201 724 ex
3227 670 3522 742 desperatis
3546 693 3583 728 τε

1970 767 2090 805 nam
2116 753 2205 808 illc
2229 754 2441 819 quidem
2467 755 2709 824 discedit,
2742 759 2983 814 laborum
3011 776 3229 818 suorum
3254 766 3559 823 mercedem

1969 852 2321 912 accepturus;
2353 846 2438 901 hic
2468 863 2596 900 vero
2628 848 2901 919 quidpiam
2939 850 3007 906 de
3052 864 3391 922 peccatorum
3428 866 3561 913 suo-

1970 948 2088 988 rum
2128 951 2351 991 numero
2389 938 2639 993 detraxit.
2684 939 2791 994 Sed
2832 943 3061 998 fortasse
3086 984 3099 1009 ,
3133 945 3337 1015 inquit,
3375 948 3563 1003 vivens

1970 1026 2130 1081 vitam
2176 1037 2432 1086 mutasset
2460 1046 2631 1085 suam.
2662 1031 2730 1085 At
2757 1048 2863 1087 non
2909 1034 3055 1089 illum
3087 1039 3352 1107 rapuisset
3381 1039 3558 1108 Deus,

1968 1118 2012 1172 si
2041 1117 2202 1172 vitam
2232 1118 2320 1174 ille
2347 1129 2645 1177 mutaturus
2673 1122 2878 1179 fuisset.
2907 1124 3115 1181 Etenim
3141 1128 3230 1197 qui
3258 1130 3435 1186 omnis
3461 1146 3561 1203 pro

1968 1208 2139 1264 salute
2167 1219 2347 1265 nostra
2377 1212 2503 1268 facit
2530 1229 2593 1269 ac
2621 1214 2897 1285 disponit,
2927 1232 3025 1273 cur
3052 1234 3157 1275 non
3192 1236 3313 1277 eum
3342 1224 3557 1280 sivisset

1968 1300 2147 1355 vivcre
2173 1301 2262 1371 qui
2292 1303 2579 1373 aliquando
2610 1308 2729 1361 talis
2757 1307 2966 1364 futurus
3005 1320 3167 1376 esset,
3199 1322 3255 1367 ut
3284 1313 3562 1384 placeret?

1967 1391 2012 1445 si
2052 1391 2181 1445 sinit
2210 1406 2302 1447 eos
2331 1396 2420 1465 qui
2465 1412 2571 1451 non
2617 1409 3035 1467 convertuntur,
3072 1402 3240 1456 multo
3270 1405 3439 1475 magis
3464 1419 3559 1461 eos

1968 1482 2055 1551 qui
2084 1493 2490 1544 convertuntur.
2523 1489 2770 1561 Undique
2811 1492 2973 1565 igitur
3001 1495 3157 1551 ﬂetus
3187 1498 3340 1553 nobis
3367 1513 3559 1570 ampu-

1970 1580 2108 1625 tatus
2135 1574 2223 1639 sit,
2256 1577 2488 1647 undique
2519 1580 2746 1637 lamenta
2774 1585 2981 1640 sublata
3011 1603 3028 1642 :
3055 1602 3407 1665 qumcumque
3434 1606 3561 1647 eve—

1967 1665 2151 1732 niant,
2180 1660 2250 1723 de
2282 1670 2534 1725 omnibus
2577 1675 2774 1741 gratias
2802 1691 3023 1745 agamus
3057 1680 3199 1745 Deo,
3230 1660 3413 1737 omnia
3441 1683 3559 1751 sine

1967 1759 2477 1815 murmurationibus
2519 1761 2774 1819 faciamus
2806 1784 2817 1817 :
2850 1767 3094 1822 lintemur
3126 1788 3139 1823 :
3166 1780 3327 1840 atque
3354 1773 3406 1826 in
3434 1787 3554 1826 om-

1967 1849 2122 1904 nibus
2166 1849 2238 1904 illi
2292 1851 2628 1920 placeamus,
2658 1864 2715 1909 ut
2758 1856 2933 1911 futura
2978 1860 3137 1914 etiam
3165 1876 3558 1932 consequamur

1968 1935 2104 1990 bona
2131 1980 2145 2003 ,
2173 1941 2343 2008 gratia
2374 1950 2427 1996 et
2453 1943 2778 2014 benignitate
2809 1947 3019 2003 Domini
3051 1951 3219 2005 nostri
3249 1950 3375 2006 Iesu
3404 1950 3558 2008 Chri-

1965 2029 2068 2093 sti,
2096 2045 2216 2084 cum
2247 2046 2353 2101 quo
2380 2034 2558 2103 Patri,
2592 2037 2859 2107 simulque
2888 2049 3074 2095 sancto
3099 2039 3317 2111 Spiritui
3346 2042 3515 2113 gloria
3537 2084 3555 2107 ,

1966 2128 2223 2190 potestas,
2256 2122 2449 2195 honor,
2480 2142 2622 2183 nunc
2647 2137 2701 2184 et
2728 2144 2961 2201 semper,
2992 2140 3047 2187 et
3075 2132 3128 2187 in
3154 2135 3349 2189 sarcula
3380 2148 3551 2191 δινω-

1966 2211 2160 2269 lorum.
2183 2216 2377 2273 Amen.

1479 2380 3552 2415 Ἢ

1624 2456 1965 2523 HOMILIA
2012 2466 2125 2525 IX.

251 2579 394 2635 Car.
420 2582 472 2635 2.
502 2599 551 2636 ν.
577 2585 665 2639 19.
689 2586 854 2656 Spero
877 2599 1041 2643 autem
1070 2590 1120 2643 in
1149 2589 1367 2647 Domino
1388 2594 1511 2649 Jesu
1537 2595 1854 2657 Timotheum

332 2691 417 2727 me
446 2677 544 2729 cito
584 2678 779 2732 mittere
815 2682 882 2733 ad
918 2697 1005 2735 vos
1028 2724 1042 2747 ,
1076 2692 1132 2736 ut
1164 2694 1210 2736 et
1239 2701 1330 2755 ego
1359 2686 1487 2740 bono
1516 2690 1687 2744 animo
1719 2693 1852 2763 sim,

329 2767 553 2834 cognitis
584 2785 696 2839 qua
721 2771 855 2824 circa
884 2786 971 2825 vos
1011 2784 1148 2826 sunt.
1180 2774 1267 2829 20.
1300 2775 1568 2832 Neminem
1595 2782 1728 2834 enim
1769 2785 1857 2836 ha-

328 2858 425 2909 beo
453 2868 559 2911 tam
595 2861 914 2926 unanimem,
947 2865 1032 2930 qui
1065 2865 1261 2919 sincera
1299 2866 1563 2929 a/I‘ectione
1595 2888 1687 2940 pro
1716 2873 1853 2927 vobis

328 2948 586 3001 sollicitus
622 2954 825 3019 futurus
850 2954 933 3006 sit.
971 2952 1058 3007 21.
1094 2955 1279 3010 Omnes
1306 2958 1437 3010 enim
1474 2976 1587 3029 qua:
1615 2977 1709 3014 sua
1737 2973 1853 3016 sunt

324 3052 587 3110 qmernnt,
618 3060 716 3097 non
746 3061 857 3114 qua:
882 3056 996 3099 sunt
1022 3048 1145 3103 Jesu
1177 3049 1382 3105 Christi.

335 3136 388 3187 1.
427 3133 570 3189 Dixit
598 3153 717 3204 qua:
758 3137 859 3192 sibi
885 3152 1174 3194 evenerant
1199 3140 1265 3195 ad
1297 3144 1556 3214 evangelii
1601 3161 1849 3217 progres-

255 3240 379 3279 sunt
410 3226 734 3283 conduxisse
754 3270 769 3294 ,
802 3229 887 3282 lla
913 3240 965 3283 ut
994 3233 1191 3285 vincula
1231 3251 1341 3288 mea
1371 3238 1639 3307 manifesta
1679 3240 1855 3307 ﬁerent

254 3317 311 3368 in
352 3318 498 3370 omni
537 3320 771 3387 pra'torio
813 3319 1087 3391 (Philipp.
1123 3324 1172 3378 1.
1209 3325 1316 3394 15)
1348 3344 1360 3379 :
1388 3326 1557 3393 dixit,
1602 3328 1709 3383 Sed
1741 3342 1785 3384 et
1811 3332 1855 3385 εἰ

255 3411 505 3463 immolor
547 3429 703 3480 supra
747 3414 1051 3483 sacrificium
1091 3426 1138 3468 et
1178 3418 1468 3488 obsequium
1494 3421 1615 3488 ﬁdei
1642 3433 1814 3477 vestra:
1836 3440 1855 3488 ,'

255 3502 523 3571 ipsosque
547 3520 640 3572 per
660 3504 773 3559 lucc
799 3506 1152 3561 confirmavit.
1184 3508 1288 3564 Sed
1317 3510 1454 3565 forte
1478 3514 1736 3582 suspicari
1762 3530 1857 3583 po-

253 3605 445 3649 terant
473 3596 647 3664 priora
674 3598 773 3651 ista
800 3598 1181 3654 consolationis
1203 3617 1360 3655 causa
1394 3618 1513 3657 esse
1534 3604 1694 3658 dicta.
1720 3605 1854 3671 Quid

254 3690 427 3758 igitur
458 3688 617 3753 facit,
651 3700 701 3744 et
730 3690 997 3760 quomodo
1026 3693 1382 3761 suspicionem
1423 3695 1651 3750 adimit?
1675 3695 1856 3751 Timo-

252 3779 472 3845 theum,
506 3780 691 3849 inquit,
722 3782 873 3835 mitto
904 3783 967 3836 ad
999 3800 1092 3837 vos
1121 3803 1136 3836 :
1168 3786 1395 3842 avebant
1422 3774 1564 3842 enim
1595 3787 1662 3843 de
1693 3789 1858 3844 Paulo

250 3873 441 3927 omnia
475 3888 819 3943 cognoscere.
853 3875 958 3929 Cur
998 3891 1124 3930 vero
1164 3893 1270 3932 non
1313 3878 1480 3945 dixit,
1514 3880 1583 3936 Ut
1615 3897 1729 3935 mea
1762 3897 1857 3936 co-

250 3964 570 4034 gnoscatis,
601 3964 693 4018 sed
714 4005 727 4027 ,
760 3963 826 4019 Ut
850 3980 952 4035 ego
981 3982 1299 4037 cognoscam
1341 3971 1559 4025 vestra?
1594 3972 1855 4038 Quoniam

252 4054 414 4108 Pauli
449 4068 539 4107 res
572 4054 961 4124 Epaphroditus
988 4067 1113 4113 ante
1152 4059 1489 4115 Timotheum
1518 4065 1858 4119 nuntiaturus

252 4156 375 4200 erat
412 4164 427 4199 :
461 4147 812 4216 quamobrem
859 4151 1204 4220 progrediens
1255 4153 1461 4222 inquit,
1503 4152 1859 4209 Necessarium

250 4249 432 4291 autem
461 4238 746 4291 existimavi
787 4239 1192 4312 Epaphroditum
1223 4245 1431 4314 fratrem
1461 4249 1654 4299 mittere
1676 4251 1747 4300 ad
1771 4264 1858 4302 vos

250 4330 328 4397 (υ.
360 4328 465 4398 25)
496 4349 509 4382 :
538 4328 643 4384 Sed
672 4341 865 4397 vestra,
895 4333 1084 4403 inquit,
1114 4349 1439 4405 cognoscere
1480 4338 1658 4406 cupio.
1700 4337 1857 4393 Veri-

255 4422 446 4474 simile
477 4421 622 4475 enim
654 4431 735 4475 est
762 4423 850 4477 diu
892 4424 1037 4478 illum
1081 4427 1342 4481 mansisse
1371 4427 1511 4498 apud
1543 4428 1762 4483 Paulum
1789 4430 1859 4485 ob

253 4513 515 4581 corporis
547 4511 982 4570 imbecillitatem.
1013 4516 1371 4585 Quamobrem
1410 4521 1745 4588 necessario,
1780 4521 1859 4575 in-

254 4606 419 4675 quit,
461 4615 640 4658 vestra
688 4607 845 4677 cupio
889 4623 1232 4678 cognoscere.
1289 4609 1418 4665 \‘ide
1455 4620 1672 4679 autem,
1700 4627 1859 4682 quam

256 4697 443 4751 omnia
476 4695 547 4751 ad
575 4696 842 4754 Christum
875 4700 1100 4767 referat,
1135 4713 1188 4757 et
1226 4704 1393 4773 ipsam
1433 4719 1644 4776 quoque
1672 4706 1857 4760 Timo-

258 4789 370 4843 thei
406 4789 757 4855 missionem,
791 4792 860 4845 ita
889 4793 1072 4847 dicens
1093 4836 1107 4858 ,
1142 4794 1306 4864 Spero
1339 4803 1504 4849 autem
1542 4797 1593 4850 in
1640 4796 1858 4853 Domino

258 4881 430 4943 Jesu;
464 4881 516 4935 id
559 4891 673 4947 est,
704 4883 913 4937 conﬁdo
944 4896 1001 4939 ut
1041 4884 1142 4940 hoc
1169 4887 1296 4940 mihi
1331 4888 1470 4943 Deus
1497 4888 1857 4958 gratificctur,

258 4972 429 5042 idque
458 4973 591 5027 mihi
624 4990 686 5028 ex
715 4977 975 5031 sententia
1003 4980 1274 5033 succedat.
1308 4979 1375 5034 Ut
1400 4989 1445 5034 et
1472 4997 1564 5052 ego
1595 4981 1723 5035 bono
1747 4984 1861 5036 ani-

259 5082 344 5117 mo
374 5066 471 5119 sim
497 5108 512 5132 ,
542 5067 754 5136 cognitis
780 5084 892 5137 qua:
917 5070 1051 5122 circa
1080 5088 1165 5124 vos
1200 5081 1334 5125 sunt.
1366 5071 1856 5140 Quemadmodum,

262 5155 484 5223 inquit,
516 5158 753 5211 recreavi
804 5174 899 5212 vos
947 5160 1070 5215 dum
1116 5178 1175 5215 ea
1220 5163 1498 5218 audivistis
1527 5180 1645 5235 qua:
1672 5165 1740 5220 de
1774 5182 1861 5222 me

263 5246 472 5315 precati
498 5248 645 5314 estis,
676 5249 927 5303 nimirum
954 5253 1282 5323 evangelium
1313 5269 1623 5323 progressus
1648 5256 1859 5324 fecisse,

265 5335 503 5391 dedecus
527 5339 577 5391 in
608 5340 729 5394 illos
758 5340 1015 5397 recidisse
1038 5386 1053 5408 ,
1082 5353 1134 5399 ct
1161 5344 1299 5399 unde
1326 5344 1452 5399 mihi
1481 5361 1674 5401 nocere
1702 5355 1859 5416 puta-

265 5425 435 5493 bant,
478 5428 604 5485 inde
647 5430 884 5485 laetitiam
929 5434 1170 5488 attulisse
1204 5452 1215 5487 :
1251 5436 1321 5489 ita
1366 5437 1522 5505 cupio
1568 5436 1634 5491 de
1682 5452 1858 5492 rerum

264 5532 566 5577 vestrarum
594 5532 735 5578 statu
756 5539 1102 5595 cognoscere,
1131 5527 1197 5583 Ut
1221 5539 1264 5583 et
1287 5545 1379 5599 ego
1403 5529 1531 5583 bono
1551 5529 1721 5583 animo
1742 5530 1856 5595 siin,

266 5613 481 5680 cognitis
499 5629 617 5683 quc
633 5616 769 5668 circa
794 5631 879 5669 vos
904 5628 1038 5670 sunt.
1066 5617 1158 5672 llis
1180 5618 1354 5673 verbis
1376 5619 1607 5674 ostendit
1625 5620 1859 5689 gaudere

270 5702 387 5759 Illis
416 5705 674 5761 debuisse
700 5706 767 5761 de
795 5707 1019 5763 vinculis
1040 5754 1055 5776 ,
1088 5725 1256 5778 eaque
1296 5711 1582 5781 subsequi;
1630 5714 1853 5768 multum

623 5808 896 5874 Parant.
944 5819 1059 5880 Gn.
1112 5824 1299 5883 LXll.

222 5882 276 5890 ,Α

1964 2610 2107 2661 enim
2137 2608 2236 2678 ipsi
2271 2610 2554 2681 voluptatis
2581 2615 2826 2671 attulisse
2855 2634 2869 2670 :
2902 2632 3024 2672 nam
3076 2618 3228 2685 illud,
3255 2619 3326 2675 Ut
3368 2630 3415 2675 et
3457 2638 3552 2693 ego

1964 2701 2092 2754 bono
2121 2702 2292 2757 animo
2322 2705 2451 2769 sim,
2484 2704 2584 2761 hoc
2622 2707 2918 2778 significat,
2947 2711 3395 2780 quemadmodum
3430 2728 3548 2771 vos.

1964 2792 2152 2863 Papia!
2193 2804 2391 2865 quanto
2425 2794 2785 2853 Macedoniam
2825 2815 3009 2856 amore
3049 2802 3545 2873 complectebatur!

1962 2881 2106 2938 Idem
2162 2900 2290 2941 vero
2332 2886 2903 2945 Tbcssalonicensibus
2944 2906 3154 2961 quoque
3206 2892 3355 2958 dicit,
3386 2903 3442 2949 ut
3484 2909 3554 2949 co

1962 2972 2081 3027 loco
2102 3015 2120 3039 ,
2154 2973 2265 3029 Nos
2305 2986 2471 3031 autent
2523 2978 2737 3034 desolati
2791 2998 2822 3034 a
2869 2981 3003 3036 vobis
3050 2983 3120 3036 ad
3160 2992 3356 3053 tempus
3410 2984 3550 3040 hora

1961 3065 2039 3133 (1.
2067 3064 2242 3121 Thess.
2273 3068 2327 3122 2.
2363 3070 2476 3133 17).
2511 3070 2578 3124 Et
2615 3071 2700 3126 hic
2723 3113 2740 3138 ,
2767 3072 2932 3143 Spero
2951 3116 2967 3142 ,
2997 3074 3201 3146 inquit,
3232 3076 3550 3132 Timotheum

1960 3156 2191 3221 mittere,
2232 3166 2291 3212 ut
2329 3156 2396 3212 de
2437 3174 2620 3215 rerum
2661 3172 2957 3218 vestrarum
2997 3174 3141 3221 statu
3181 3182 3500 3238 cognoscam
3534 3188 3547 3222 :

1960 3248 2100 3318 quod
2118 3248 2330 3318 quidem
2350 3252 2633 3307 maximam
2653 3254 2919 3310 indicabat
2934 3271 3143 3314 curam.
3166 3258 3390 3326 Quando
3406 3261 3550 3316 enim

1962 3338 2075 3408 ipse.
2105 3339 2293 3394 adesse
2326 3356 2431 3396 non
2463 3354 2690 3412 poterat,
2720 3344 3008 3416 discipulos
3046 3350 3291 3407 mittebat
3318 3368 3332 3404 :
3364 3351 3434 3407 ita
3464 3367 3552 3409 res

1962 3430 2170 3484 illorum
2200 3431 2298 3486 sibi
2331 3432 2536 3503 ignotas
2562 3450 2682 3491 esse
2707 3452 2775 3491 ne
2800 3437 2865 3491 ad
2899 3438 3060 3497 breve
3089 3441 3306 3512 quidem
3339 3452 3549 3515 tempus

1962 3522 2102 3576 ferre
2130 3531 2359 3591 poterat.
2392 3524 2509 3580 Non
2540 3527 2683 3580 enim
2723 3528 2915 3598 spiritu
2946 3531 3126 3585 omnia
3157 3534 3549 3604 cognoscebat;

1962 3614 2120 3684 idque
2138 3613 2258 3684 jure
2286 3615 2464 3671 ﬁebat.
2494 3617 2701 3673 Etenim
2729 3620 2774 3674 si
2800 3619 2903 3676 hoc
2926 3622 3026 3677 sibi
3052 3622 3300 3694 discipuli
3330 3638 3549 3695 persua-

1960 3704 2181 3772 sissent,
2211 3705 2547 3776 impudentes
2574 3708 2695 3765 facti
2722 3721 2935 3779 essent;
2963 3730 3105 3770 nunc
3130 3730 3260 3772 vero
3285 3732 3407 3773 cum
3431 3733 3553 3790 spe-

1961 3805 2143 3850 rarent
2185 3796 2352 3853 latere
2376 3838 2390 3863 ,
2422 3798 2630 3855 facilius
2665 3803 3090 3874 corrigebantur.
3123 3806 3237 3863 lloc
3275 3807 3394 3878 ipso
3423 3823 3554 3878 vero

1962 3887 2084 3943 illos
2125 3890 2459 3959 potissimum
2497 3902 2732 3950 attentos
2760 3895 2967 3964 reddit,
2992 3898 3134 3969 quod
3174 3899 3378 3971 inquit,
3411 3899 3479 3956 Ut
3505 3909 3553 3955 et

1962 3995 2051 4050 ego
2076 3981 2205 4035 bono
2231 3982 2402 4036 animo
2438 3984 2530 4037 sint
2552 4026 2567 4049 ,
2609 3985 2929 4059 illorumque
2969 3990 3203 4044 studium
3236 4006 3300 4048 ac
3322 3991 3551 4064 diligen—

1963 4073 2087 4128 tiam
2119 4076 2293 4141 acuit,
2322 4077 2391 4132 ita
2422 4085 2510 4144 ut,
2552 4080 2762 4135 tametsi
2805 4080 3118 4137 Timotheus
3152 4098 3260 4141 non
3303 4085 3550 4155 venerit,

1961 4164 2125 4219 alium
2167 4175 2345 4222 tamen
2386 4168 2699 4225 inventurus
2740 4170 2810 4225 sit
2853 4172 2942 4241 qui
2978 4173 3077 4243 ipsi
3118 4176 3403 4231 renuntiet.
3439 4176 3552 4232 Hac

1960 4265 2142 4310 autem
2172 4257 2286 4326 ipse
2314 4259 2472 4312 etiam
2512 4262 2718 4315 ratione
2754 4262 3036 4331 perspicue
3066 4277 3196 4319 usus
3223 4274 3338 4332 est,
3364 4281 3551 4322 suum-

1961 4362 2064 4415 que
2100 4346 2389 4402 adventum
2419 4348 2665 4415 distulit,
2698 4359 2754 4404 ut
2786 4350 3049 4406 Corinthii
3082 4364 3549 4414 converterentur.

1963 4435 2252 4505 Propterea
2274 4440 2433 4493 etiam
2460 4440 2748 4507 scribebat,
2775 4441 2999 4497 Parcens
3028 4444 3166 4498 vobis
3194 4446 3420 4501 nondum
3441 4448 3554 4502 veni

1964 4528 2263 4584 Corinthum
2289 4530 2368 4600 (2.
2401 4529 2519 4585 Cor.
2550 4532 2601 4587 1.
2632 4531 2749 4602 23).
2779 4532 2895 4588 Non
2923 4534 3068 4589 enim
3100 4534 3205 4593 hoc
3231 4537 3349 4593 solo
3376 4547 3551 4595 osten-

1963 4619 2107 4675 ditur
2145 4621 2340 4675 caritas
2360 4662 2375 4687 ,
2408 4622 2550 4692 quod
2596 4638 2691 4678 sua
2731 4623 2974 4692 nuntiet,
3003 4625 3098 4681 sed
3129 4618 3289 4683 etiam
3315 4627 3457 4700 quod
3486 4629 3555 4685 de

1965 4712 2179 4767 illorum
2204 4721 2346 4767 statu
2367 4711 2544 4782 cupiat
2568 4727 2896 4784 cognoscere
2923 4734 2936 4769 :
2962 4716 3063 4771 hoc
3087 4717 3230 4773 enim
3256 4720 3449 4775 animm
3471 4731 3556 4777 est

1964 4801 2118 4857 valde
2146 4801 2385 4857 curantis
2423 4813 2480 4858 et
2513 4805 2822 4875 satagentis,
2855 4816 2909 4861 et
2944 4806 2997 4861 in
3039 4818 3292 4878 perpetua
3321 4809 3553 4881 quadam

1965 4892 2327 4949 sollicitudine
2371 4895 2653 4949 versantis.
2701 4893 2868 4951 Simul
2910 4912 3038 4953 vero
3080 4906 3135 4954 et
3180 4898 3387 4957 honore
3434 4902 3552 4957 illos

1965 4983 2130 5039 afﬁcit
2151 4984 2488 5040 Timotheum
2520 4986 2755 5041 mittens.
2779 4986 2916 5055 Quid
2938 4988 3056 5044 ais?
3076 4988 3414 5046 Timotheum
3438 4992 3552 5046 mit-

1966 5076 2067 5130 tis?
2096 5077 2467 5147 quapropter?
2496 5076 2636 5133 Sane
2656 5119 2670 5144 ,
2698 5078 2868 5150 inquit
2893 5096 2907 5146 ;
2938 5078 3207 5135 Neminem
3231 5082 3363 5135 enim
3394 5082 3553 5137 habeo

1967 5168 2295 5232 unanimem;
2322 5168 2371 5222 id
2405 5178 2517 5234 est,
2549 5168 2637 5239 qui
2668 5185 2820 5240 teque
2848 5179 3006 5241 atque
3032 5187 3131 5242 ego
3157 5180 3333 5227 vestra
3364 5184 3550 5239 curet;

1966 5257 2052 5326 qui
2092 5257 2287 5310 sincera
2332 5257 2598 5325 a/Tectione
2641 5276 2733 5330 pro
2770 5261 2906 5314 vobis
2944 5262 3189 5315 sollicitus
3222 5262 3426 5334 futurus
3464 5266 3551 5322 sit.

1965 5347 2244 5403 Neminem
2290 5364 2419 5421 ergo
2462 5366 2645 5407 secum
2691 5351 2951 5417 habebat,
2985 5352 3075 5423 qui
3105 5354 3354 5412 eumdem
3392 5368 3553 5429 atque

1968 5438 2084 5508 ipse
2125 5439 2364 5494 animum
2408 5450 2638 5512 gereret.
2687 5441 2985 5496 Neminem.
3023 5442 3159 5511 Quid
3204 5445 3256 5501 id
3296 5449 3423 5504 est?
3450 5449 3552 5515 Qui

1967 5530 2218 5586 nimirum
2240 5547 2390 5602 teque
2410 5539 2571 5601 atque
2586 5546 2686 5601 ego
2703 5548 2795 5585 vos
2815 5541 2988 5607 curet,
3008 5535 3264 5607 vobisque
3284 5542 3546 5597 consulat.

1968 5620 2082 5676 Non
2128 5622 2279 5678 facile
2299 5665 2314 5690 ,
2358 5622 2556 5694 inquit,
2588 5622 2850 5694 quispiam
2883 5623 3184 5683 inveniatur
3216 5630 3305 5701 qui
3353 5632 3454 5688 hac
3483 5635 3552 5690 de

1967 5723 2125 5768 causa
2155 5722 2358 5770 tantum
2387 5714 2591 5772 itineris
2624 5716 2749 5770 velit
2776 5716 3071 5774 coniicere:
3100 5722 3188 5791 qui
3210 5736 3362 5795 mque
3388 5733 3550 5805 atque

3136 5844 3207 5903 l6
