4044 6202
467 338 565 396 stt
585 412 590 417 ε

470 473 568 528 ego
610 470 708 511 vos
749 458 895 508 amat
919 496 932 513 .
975 443 1286 503 Timotheus
1325 450 1407 496 est
1438 460 1453 497 :
1480 446 1632 494 erant
1663 446 1837 489 autem
1869 442 1923 486 et
1960 430 2050 484 alii

472 524 608 625 quos
651 538 918 602 mitterem
942 583 957 610 ,
994 536 1088 596 sed
1130 551 1289 592 nemo
1319 533 1440 588 talis
1467 538 1571 586 est.
1615 528 1752 598 Ergo
1795 524 1896 579 hoc
1933 531 2050 588 est,

476 619 783 703 unanimem
804 649 946 701 esse,
970 626 1257 698 discipulos
1286 621 1506 695 perinde
1527 631 1686 689 atque
1713 619 1827 688 ipse
1853 628 2054 669 amare.

478 732 578 800 Qui
607 731 825 793 sincera,
854 724 1044 794 inquit,
1074 717 1339 786 aﬂectiane
1366 729 1459 784 pro
1486 711 1623 766 vobis
1645 707 1889 765 sollicitus
1919 705 2059 775 [utu-

476 838 564 878 rus
592 821 692 885 sit;
724 817 774 873 id
801 821 1150 883 esl,patcrna.
1178 806 1367 862 Omnes
1386 804 1519 858 enim
1539 817 1652 865 qua:
1670 816 1762 855 sata
1787 807 1904 853 sunt
1924 810 2060 867 qna:-

477 924 616 977 runt,
642 928 743 966 non
767 923 880 980 qua:
899 905 1025 959 Iesu
1049 901 1236 960 Christi
1256 917 1276 967 ;
1302 899 1354 954 id
1380 906 1481 962 est,
1503 894 1887 967 iucunditatem
1911 903 2059 945 suam

477 1021 540 1062 ac
559 1003 905 1061 securitatem
931 1015 946 1054 :
968 994 1110 1067 quod
1135 994 1295 1048 etiam
1319 989 1385 1045 ad
1407 986 1746 1044 Timotheum
1769 980 2056 1038 scribebat.

480 1096 587 1153 Sed
615 1111 711 1151 cur
750 1094 937 1149 isthaac
975 1082 1355 1158 conqueritur?
1384 1080 1494 1135 Nos
1522 1078 1720 1134 docens
1746 1118 1760 1140 .
1791 1074 1917 1130 dum
1949 1072 2064 1126 luec

482 1188 728 1247 audimus
748 1227 763 1252 ,
796 1199 863 1239 ne
890 1181 1081 1238 eodem
1114 1174 1497 1249 prolabamur;
1528 1169 1730 1225 docens
1757 1164 2027 1221 auditores
2046 1202 2062 1227 ,

483 1300 552 1338 ne
579 1278 994 1337 oblectationem
1032 1286 1096 1326 ac
1136 1267 1378 1339 requiem
1406 1271 1668 1336 quaerant.
1700 1258 1830 1315 Nam
1862 1255 1950 1327 qui
1982 1270 2068 1309 re-

485 1375 664 1447 quiem
692 1368 903 1442 quarrit,
933 1359 1037 1421 non
1061 1378 1181 1435 qua:
1200 1358 1397 1417 Christi
1423 1365 1568 1419 sunt,
1593 1351 1687 1409 sed
1714 1366 1808 1406 sua
1832 1347 2025 1421 quzerit
2049 1361 2065 1401 :

486 1440 871 1534 tiportetrenim
902 1464 1115 1528 paratos
1144 1465 1241 1507 nos
1270 1462 1393 1504 esse
1416 1445 1486 1501 ad
1512 1443 1755 1515 quemvis
1794 1440 2032 1494 laborem
2051 1475 2067 1501 ,

489 1531 561 1627 ad
587 1552 829 1624 quamvis
857 1546 1126 1604 miseriam
1155 1537 1506 1597 subeundam.
1531 1534 1621 1588 2‘2.
1652 1531 2071 1603 Experimentum

492 1621 692 1711 autem,
720 1641 924 1714 inquit,
962 1638 1072 1709 ejus
1109 1638 1425 1707 cognoscite,
1456 1629 1574 1698 quia
1606 1627 1735 1682 sicut
1776 1621 1908 1694 patri
1935 1621 2074 1689 ﬁlius

492 1754 682 1793 meettnt
709 1712 907 1791 servivit
932 1732 984 1785 in
1013 1727 1344 1800 evangelium.
1382 1722 1459 1778 Ne
1490 1721 1542 1777 id
1570 1736 1600 1775 a
1628 1734 1714 1774 me
1741 1727 1942 1772 temere
1970 1712 2073 1767 diri

490 1829 691 1905 putetis
708 1869 732 1896 π,
755 1841 859 1882 vos
882 1837 1093 1896 quoque
1115 1863 1130 1889 ,
1163 1818 1365 1890 inquit,
1394 1816 1496 1872 hoc
1521 1812 1733 1875 sciatis,
1766 1809 1914 1863 illum
1946 1804 2075 1861 mihi

493 1898 550 1993 pt
596 1921 733 1994 patri
781 1918 948 1974 litium
994 1916 1046 1971 in
1085 1911 1424 1983 evangelium
1468 1907 1721 1962 servisse.
1764 1900 1953 1957 Merito
1992 1898 2079 1952 hic

491 1988 1202 2070 Timotheum-commendat
1222 2044 1237 2068 ,
1267 2009 1325 2056 ut
1353 1997 1492 2070 apud
1524 1996 1644 2051 illos
1673 2008 1864 2063 magno
1894 1989 1947 2045 in
1976 1988 2077 2043 ho-

493 2121 627 2175 nore
680 2102 958 2157 habeatur.
1014 2096 1128 2151 lloc
1186 2082 1346 2150 etiam
1386 2088 1452 2144 ad
1490 2084 1797 2143 Corinthios
1840 2080 2082 2137 scribens

495 2170 621 2250 facit
660 2192 776 2249 istis
819 2187 1025 2253 verbis,
1060 2183 1144 2240 Ne
1177 2184 1291 2254 quis
1328 2180 1475 2235 illum
1503 2184 1754 2249 spernat:
1783 2188 1909 2243 opus
1951 2170 2082 2224 enim

500 2285 707 2342 Domini
749 2291 1021 2353 operatur,
1053 2279 1179 2332 sicut
1209 2286 1257 2330 et
1286 2290 1376 2344 ego
1411 2272 1431 2346 (
1450 2274 1502 2327 l.
1531 2270 1648 2325 Cor.
1681 2268 1767 2324 16.
1801 2264 1902 2338 10)
1933 2284 1947 2321 :
1978 2278 2082 2318 non

498 2390 606 2434 tam
637 2379 709 2432 illi
745 2374 1098 2446 prospiciens,
1126 2384 1284 2441 quam
1314 2368 1378 2422 iis
1402 2369 1492 2438 qui
1515 2365 1687 2435 ipsum
1713 2361 2000 2432 recipiunt,
2031 2367 2086 2431 ut

502 2484 745 2538 magnam
774 2473 1046 2536 reportent
1068 2459 1388 2517 mercedem.
1406 2456 1496 2513 25.
1521 2454 1672 2510 Hunc
1692 2454 1866 2523 igitur,
1891 2450 2085 2520 inquit,

500 2578 647 2633 spero
680 2560 891 2623 mittere,
923 2571 1040 2609 mox
1066 2562 1117 2607 nt
1142 2551 1313 2606 videro
1336 2563 1451 2620 quia
1472 2548 1607 2602 circa
1633 2562 1711 2599 me
1737 2553 1871 2599 sunt.
1898 2541 1953 2597 Id
1983 2548 2084 2602 est,

504 2655 594 2708 ubi
622 2652 806 2707 videro
833 2648 953 2718 quis
983 2646 1053 2700 sit
1086 2652 1256 2699 status
1294 2655 1475 2696 rerqu
1507 2651 1745 2692 mearum
1771 2675 1787 2701 ,
1824 2644 2089 2705 quemque

504 2749 612 2804 sint
637 2742 836 2802 exitum
870 2740 1149 2796 habiturae.
1176 2736 1266 2791 Ἃ.
1303 2731 1516 2804 Conﬁdo
1547 2738 1713 2784 autem
1744 2729 1797 2781 in
1839 2724 2086 2785 Domino,

503 2841 739 2915 quoniam
766 2847 812 2891 et
840 2832 1179 2907 ipse-reuiam
1205 2828 1275 2882 ad
1303 2842 1389 2882 vos
1413 2827 1533 2880 cito.
1567 2822 1680 2877 Non
1723 2830 2001 2891 propterea
2030 2817 2092 2869 il-

506 2910 615 2991 lum
643 2932 818 2994 mitto,
848 2924 990 3002 qttod
1017 2926 1130 2994 ipse
1157 2931 1416 2977 venturus
1443 2933 1546 2972 non
1579 2917 1701 2980 sint,
1735 2913 1828 2969 sed
1866 2910 1932 2967 Ut
1962 2912 2090 2965 bono

500 3008 679 3083 animo
720 3026 850 3088 sim,
892 3017 1103 3091 cognitis
1153 3029 1265 3085 qua:
1310 3013 1444 3067 circa
1488 3026 1575 3064 vos
1616 3023 1634 3062 :
1675 3015 1732 3062 ttt
1777 3020 1843 3059 ne
1888 3004 2089 3058 interea

500 3100 670 3174 etiam
693 3128 876 3171 verser
902 3112 954 3165 in
978 3117 1274 3165 vestrarum
1298 3118 1474 3160 rerum
1498 3099 1849 3170 ignoratione.
1877 3095 2093 3165 Conﬁdo

509 3222 699 3273 mitem.
730 3206 921 3278 inquit,
948 3205 1001 3259 in
1032 3200 1289 3265 Domino;
1319 3196 1370 3252 id
1397 3204 1501 3261 est,
1529 3194 1573 3249 si
1602 3194 1746 3248 Deus
1770 3189 2019 3245 voluerit.

579 3303 635 3357 2.
674 3298 809 3355 Vide
831 3311 989 3369 quam
1032 3295 1123 3351 ille
1151 3291 1399 3346 onmibns
1433 3289 1485 3344 itt
1517 3287 1680 3343 rebus
1720 3284 1788 3341 de
1815 3284 1925 3338 Deo
1948 3298 2084 3353 pcn-

512 3395 667 3456 deat,
712 3399 767 3447 et
796 3388 926 3446 nihil
968 3402 1032 3442 ex
1064 3401 1158 3442 sua
1191 3382 1456 3440 sententia
1484 3376 1814 3451 pronuntiet.
1852 3377 1946 3432 25.
1992 3372 2096 3430 Ne-

514 3487 788 3543 cessarium
830 3491 997 3537 autem
1026 3479 1307 3535 existimavi
1348 3473 1758 3550 Epaphroditum
1803 3472 2012 3544 fratrem
2051 3475 2098 3521 et

515 3585 890 3650 roaperatorem
917 3581 963 3627 et
993 3569 1387 3626 commilitonem
1426 3579 1611 3619 meum.
1645 3560 1716 3616 Et
1741 3558 1884 3625 hunc
1912 3572 2098 3614 rutsus

518 3647 705 3720 iisdem
727 3679 790 3718 ac
811 3659 1155 3717 Timotheum
1177 3654 1434 3712 cncomiis
1457 3660 1703 3708 ornatum
1732 3649 1915 3704 tnittit.
1948 3647 2096 3702 Illum

519 3754 685 3811 enim
710 3753 921 3809 duobus
960 3751 1044 3806 his
1075 3748 1380 3804 nominibus
1404 3741 1833 3807 commendavit,
1873 3739 2015 3811 quod
2045 3748 2100 3794 et

519 3862 615 3903 eos
630 3854 806 3909 amet;
831 3844 965 3900 dixit
995 3843 1161 3908 enim,
1191 3842 1292 3905 Qui
1310 3840 1507 3893 sincera
1527 3834 1796 3903 aﬂ'ectione
1816 3843 1980 3889 vestra
2004 3849 2099 3887 αιο

520 3947 724 3991 raturas
753 3937 816 3989 sit
836 3944 923 3999 ;et
952 3932 1093 4003 quod
1120 3933 1172 3986 in
1202 3928 1480 3999 evangelio
1505 3925 1654 3980 valde
1675 3939 1733 3980 se
1758 3922 2097 3994 probaverit:

527 4031 668 4085 hunc
695 4030 853 4100 igitur
881 4036 931 4081 et
966 4024 1156 4080 iisdem
1196 4035 1353 4093 quam
1383 4019 1530 4074 illum
1557 4014 1864 4071 nominibus
1901 4013 2099 4069 laudat.

503 4120 847 4205 Quomodo?
876 4117 1138 4186 Quoniam
1171 4112 1438 4186 appellare
1465 4109 1685 4165 fratrem
1713 4117 1762 4162 et
1786 4114 2104 4173 coeperato-

524 4231 636 4293 retn
659 4198 681 4280 ,I
707 4229 880 4287 neque
906 4210 1009 4266 hoc
1044 4215 1384 4267 contentum,
1417 4201 1616 4258 addere
1651 4200 1810 4256 etiam
1836 4196 2103 4253 commili-

527 4287 742 4373 tonem,
773 4300 1104 4358 ostendentis
1130 4307 1213 4353 est
1244 4297 1317 4352 illi
1349 4309 1561 4365 quoque
1592 4305 1772 4346 secum
1799 4287 2104 4344 communia

527 4398 691 4451 fuisse
731 4394 966 4469 pericula
989 4433 1003 4456 ,
1048 4400 1207 4461 atque
1238 4387 1424 4449 eadem
1470 4383 1537 4439 de
1567 4384 1658 4438 illo
1696 4396 1760 4436 ac
1786 4379 1856 4435 de
1900 4392 1960 4433 se
1990 4378 2105 4446 ipso

527 4489 885 4544 testificantis.
924 4484 1078 4553 Quod
1124 4481 1292 4553 inquit
1328 4477 1731 4534 Commilitonem
1757 4515 1773 4539 ,
1827 4472 1945 4541 plus
1988 4480 2104 4532 est,

526 4596 686 4651 quant
734 4580 1143 4654 Co‘operatorem.
1188 4571 1412 4638 Quidam
1461 4568 1605 4623 enim
1646 4566 1868 4619 fortasse
1908 4560 2104 4625 fuerit,

499 4655 618 4741 iqui
642 4671 693 4724 in
719 4652 925 4723 levibus
947 4666 1160 4738 quidem
1187 4661 1410 4734 negotiis
1432 4660 1636 4713 socium
1667 4671 1725 4711 se
1748 4652 1936 4725 agendi
1965 4666 2102 4721 prmo

528 4765 689 4827 beat,
742 4761 794 4816 in
837 4759 978 4814 bello
1022 4768 1201 4813 autem
1246 4770 1308 4809 ac
1339 4751 1589 4823 periculis
1635 4763 1740 4803 non
1790 4742 2106 4800 ltetn:dnm

530 4871 675 4929 vero
701 4839 875 4915 dixit,
912 4849 1344 4912 Commilitonem,
1389 4845 1489 4897 hoc
1528 4854 1738 4911 quoque
1768 4835 2105 4906 significavit.

539 4928 773 5000 Vestrum
802 4951 1009 5007 autent,
1038 4939 1209 5008 inquit
1227 4978 1242 5002 ,
1271 4933 1560 5007 apostolum
1579 4971 1595 4996 ,
1627 4940 1674 4983 et
1699 4928 1985 4981 ministrum
2022 4939 2109 4978 ne-

528 5035 780 5093 cessitatis
825 5048 980 5099 mete,
1023 5031 1219 5084 mittere
1256 5026 1324 5079 ad
1350 5021 1546 5090 vos.ld
1576 5033 1692 5086 ρει,
1730 5018 1917 5073 Vestra
1957 5015 2110 5070 vobis

528 5116 795 5188 tlonamus
815 5166 828 5189 ,
871 5122 996 5179 dum
1027 5120 1110 5175 vel
1150 5126 1385 5172 vestrum
1426 5113 1698 5168 hominem
1728 5108 1794 5163 ad
1822 5122 1917 5161 vos
1940 5106 2108 5161 mitti-

532 5235 673 5288 tuus,
698 5220 782 5275 vel
807 5231 931 5274 eum
956 5215 1045 5286 qui
1086 5226 1183 5268 vos
1208 5210 1415 5265 doceat.
1442 5206 1647 5260 Rursus
1680 5203 1841 5258 multa
1871 5200 1939 5255 de
1970 5200 2110 5254 illius
2161 5221 2166 5227 ν

532 5313 759 5368 caritate
786 5309 1002 5380 subjicit
1026 5306 1245 5370 dicens,
1285 5300 1378 5357 26.
1421 5297 1675 5366 Quoniam
1710 5294 1910 5364 quidem
1939 5306 2112 5345 omnes

534 5422 621 5460 vos
647 5404 999 5467 desiderabat;
1026 5409 1070 5454 et
1098 5407 1298 5455 mantus
1321 5401 1426 5448 erat
1471 5398 1737 5463 propterea
1762 5385 1896 5458 quod
1933 5382 2111 5437 audie-

530 5498 658 5553 ratis
685 5495 831 5552 illum
862 5494 1194 5563 infirmatam.
1222 5487 1315 5542 27.
1359 5478 1495 5539 Nam
1522 5491 1569 5536 et
1600 5481 1886 5550 inﬁrmatus
1923 5483 1997 5530 est
2028 5489 2112 5527 us-

463 5597 469 5604 '
531 5610 627 5660 que
646 5590 713 5644 ad
743 5596 979 5650 mortem,
1007 5581 1097 5641 sed
1124 5580 1264 5639 Deus
1293 5578 1527 5633 misertus
1556 5582 1629 5629 est
1657 5572 1796 5645 ejus,
1829 5584 1927 5622 non
1949 5564 2112 5619 solum

511 5693 699 5753 autem
735 5679 879 5750 ejus,
919 5691 1085 5728 verum
1123 5676 1274 5727 etiam
1304 5679 1350 5724 et
1392 5668 1520 5732 mei,
1563 5682 1626 5719 ne
1664 5661 1920 5715 tristitiam
1960 5671 2105 5724 super

514 5747 785 5827 tristitiam
830 5768 1081 5821 haberent.
1130 5761 1239 5817 lloc
1271 5760 1391 5816 loco
1431 5765 1486 5813 et
1527 5752 1673 5812 aliud
1717 5750 1968 5823 quiddam
2001 5747 2109 5815 agit

1205 346 1242 384 ›.
1283 280 1559 382 maxims
1593 312 2058 376 Cttm'sost‘ont
2100 308 2411 368 saeuo-1r.
2451 278 2982 366 cexsrazvrttvor.

3644 299 3746 363 24¢

2167 429 2477 493 ostendens,
2501 426 2865 499 Epaphrodito
2889 425 3049 481 etiam
3073 422 3227 480 valde
3248 422 3578 494 exploratore
3602 438 3742 492 esse,

2162 523 2329 578 amari
2361 537 2421 578 se
2449 520 2677 577 a-vobis.
2719 520 2832 575 Hoc
2859 534 2986 574 vero
3013 533 3120 572 non
3151 532 3335 585 parum
3361 516 3428 570 ad
3458 514 3745 570 amandum

2163 615 2302 670 solet
2331 614 2567 670 allicere.
2591 611 2875 680 Quomodo
2894 612 2921 666 τ
2941 609 3245 682 Egrotavit
3266 651 3281 673 ,
3306 607 3511 679 inquit,
3531 620 3588 664 et
3610 623 3746 663 mas.

2165 709 2233 762 sti
2267 706 2476 773 fuistis;
2503 704 2793 771 convaluit,
2827 713 2881 758 ct
2908 716 3005 756 vos
3032 716 3263 758 mmrore
3288 691 3566 764 liberavit,
3588 715 3749 769 quem

2165 813 2233 854 ex
2282 798 2448 869 ipsius
2488 795 2851 851 invaletudine
2892 792 3223 865 capiebatis:
3260 806 3361 847 nec
3400 800 3578 846 tamen
3620 805 3749 861 pro-

2168 901 2351 962 pterea
2397 888 2509 958 ipse
2540 901 2771 942 manere
2798 884 2990 947 desiit,
3018 882 3113 938 sed
3139 881 3355 937 dolebat
3385 896 3490 935 non
3517 894 3598 947 se,
3627 894 3751 935 cum

2170 980 2455 1043 valuisset,
2492 992 2590 1032 vos
2620 976 2839 1032 vidisse.
2874 974 2972 1031 Hic
2996 983 3048 1029 et
3077 973 3220 1028 aliud
3247 973 3389 1043 agit,
3431 971 3498 1025 ad
3537 972 3621 1027 sui
3649 970 3751 1026 de-

2171 1072 2466 1129 fensionem
2497 1084 2712 1124 causam
2740 1066 2968 1122 offerens
2989 1106 3004 1132 ,
3038 1065 3108 1120 ob
3132 1062 3290 1135 quam
3321 1064 3495 1118 serius
3521 1062 3591 1117 ad
3631 1062 3752 1117 illos

2172 1168 2346 1222 mittat
2375 1182 2388 1219 :
2415 1178 2520 1218 non
2546 1162 2689 1218 enim
2719 1161 2771 1216 id
2812 1176 2879 1216 ex
2904 1158 3227 1231 negligentia
3274 1157 3422 1224 iieri,
3455 1157 3548 1212 sed
3579 1156 3756 1212 Time.

2175 1258 2357 1314 thrum
2387 1253 2603 1327 quidem
2626 1269 2657 1308 a
2687 1267 2746 1308 se
2771 1250 3025 1317 retineri,
3062 1248 3316 1320 quoniam
3357 1246 3625 1303 neminem
3656 1247 3752 1299 lta-

2174 1349 2334 1417 beat;
2365 1347 2634 1403 Neminem
2655 1345 2817 1409 enim,
2842 1343 3046 1414 inquit,
3078 1341 3235 1395 habeo
3262 1339 3548 1393 unanimem
3565 1355 3589 1404 ;
3615 1339 3757 1406 Epa-

2178 1442 2484 1516 phroditum
2514 1455 2641 1495 vero
2668 1437 2738 1493 ob
2765 1434 3204 1492 invaletudinetn.
3237 1430 3440 1488 Deinde
3467 1431 3759 1487 ostendens

2179 1537 2390 1606 longam
2420 1547 2485 1588 ac
2516 1532 2822 1587 diuturnam
2864 1527 3059 1592 fuisse,
3085 1524 3324 1581 addidit:
3360 1522 3499 1578 Nam
3523 1532 3570 1578 et
3607 1524 3758 1591 infir-

2180 1638 2347 1681 matus
2392 1634 2465 1679 est
2507 1639 2666 1693 usque
2702 1622 2772 1675 ad
2810 1630 3044 1674 mortem.
3092 1616 3251 1672 Vides
3295 1626 3551 1687 quantum
3598 1612 3760 1670 studii

2180 1717 2434 1772 adhibeat
2465 1714 2692 1779 Paulus,
2723 1727 2792 1768 ne
2821 1708 3096 1780 discipulis
3125 1710 3237 1763 Suis
3256 1705 3545 1778 quidquam
3570 1704 3673 1760 loci
3700 1718 3762 1759 se

2181 1811 2341 1866 ullius
2372 1807 2712 1881 negligentia;
2730 1818 2793 1859 ac
2818 1802 3078 1859 socordiae
3106 1799 3447 1857 insimulandi
3470 1798 3760 1867 relinquat,

2184 1918 2357 1973 neque
2385 1896 2690 1969 suspicandi
2715 1895 2853 1960 ideo,
2878 1894 3020 1966 quod
3046 1894 3190 1963 ipsos
3214 1899 3623 1954 eomtemneret,
3654 1904 3761 1943 non

2184 1994 2483 2069 profectum
2512 1990 2675 2047 esse?
2695 1988 2847 2044 Nulla
2875 1988 3018 2042 enim
3043 1999 3103 2040 re
3132 1999 3284 2054 mque
3302 1981 3447 2037 allici
3469 1980 3765 2052 discipulus

2187 2096 2401 2159 potest,
2456 2099 2520 2140 ac
2550 2081 2897 2152 persuasione
2929 2079 3057 2140 hac,
3102 2091 3246 2131 cum:
3289 2089 3348 2130 se
3393 2088 3515 2130 esse
3560 2086 3763 2144 prteceo

2188 2178 2325 2250 ptori
2345 2219 2359 2242 ,
2384 2191 2587 2246 suaque
2611 2188 2771 2230 causa
2800 2171 2951 2226 illum
2977 2182 3230 2235 merere,
3255 2163 3398 2236 quod
3425 2164 3765 2220 exuberantis

2187 2270 2426 2328 Caritatis
2471 2278 2572 2322 est.
2622 2264 2944 2326 Audieram,
2977 2261 3182 2332 inquit,
3225 2258 3371 2312 illum
3412 2257 3766 2326 infirmatam:

2191 2378 2311 2416 nam
2336 2370 2384 2416 et
2407 2359 2697 2428 inﬁrmatus
2722 2365 2794 2409 est
2825 2339 2982 2422 usque
3020 2351 3088 2405 ad
3131 2358 3364 2403 mortem.
3395 2346 3472 2401 Ac
3507 2360 3577 2402 ne
3615 2354 3768 2417 putes

2192 2458 2292 2512 ista
2315 2454 2443 2510 mihi
2475 2468 2570 2523 per
2592 2448 2990 2506 simulationem
3015 2444 3118 2499 dici
3137 2483 3152 2508 ,
3176 2441 3303 2497 attdi
3324 2440 3600 2510 sequentia
3625 2460 3640 2493 :
3665 2437 3772 2493 Sed

2194 2549 2331 2603 Deus
2370 2547 2604 2600 misertus
2630 2551 2703 2597 est
2743 2541 2874 2614 ejus.
2903 2536 3041 2606 Quid
3081 2536 3163 2590 ais
3183 2576 3198 2602 ,
3242 2532 3493 2588 Inrretice
3519 2530 3635 2601 (a)?
3662 2529 3770 2584 iloc

2195 2645 2315 2700 loco
2359 2638 2782 2697 misericordiam
2830 2634 2922 2688 Dei
2972 2639 3158 2694 vorat,
3211 2626 3445 2683 retinere
3486 2623 3639 2678 illum
3681 2621 3771 2690 qui

2194 2735 2433 2791 abiturus
2461 2740 2607 2795 erat,
2640 2738 2694 2784 et
2719 2726 2786 2781 ad
2812 2725 2977 2783 vitam
3002 2734 3277 2776 revocare.
3301 2716 3456 2785 Quod
3474 2716 3519 2770 si
3545 2712 3774 2769 mundus

2195 2848 2227 2887 e
2257 2839 2339 2885 set
2366 2829 2416 2882 in
2441 2825 2615 2891 malis,
2635 2839 2741 2876 non
2769 2816 3134 2876 misericordia
3162 2812 3276 2867 haec
3300 2818 3447 2868 esset
3471 2809 3774 2876 relinquere

2199 2924 2250 2978 in
2282 2920 2443 2976 malo.
2470 2917 2736 2973 Caeterum
2763 2911 3026 2966 adversus
3048 2904 3357 2963 inc-relicum
3382 2899 3597 2973 quidem
3624 2896 3777 2953 facile

2197 3022 2279 3069 est
2315 3011 2494 3066 dicere
2519 3048 2534 3072 ,
2566 3021 2694 3076 erga
2723 3000 3089 3058 Christianum
3119 3004 3295 3049 autem
3337 2992 3463 3064 quid
3490 2990 3729 3045 dicemus
3753 2988 3778 3041 Ῥ

2197 3104 2332 3161 Nam
2359 3102 2446 3157 hic
2480 3097 2706 3154 fortasse
2733 3090 3033 3157 haesitabit,
3061 3102 3127 3143 ac
3151 3087 3294 3143 dicet
3320 3102 3335 3140 :
3365 3081 3548 3157 Quid?
3576 3080 3621 3137 si
3665 3079 3778 3134 dis-

2200 3196 2333 3251 solvi
2364 3202 2418 3248 et
2447 3205 2568 3247 esse
2594 3204 2716 3244 cum
2737 3185 2954 3255 Christo
2979 3185 3147 3238 multo
3174 3176 3560 3252 praestabilius,
3582 3189 3680 3229 cur
3699 3172 3780 3226 in-

2200 3289 2314 3359 quit
2345 3287 2515 3357 ipsum
2562 3275 2979 3336 misericordiam
3024 3287 3146 3329 esse
3178 3277 3565 3339 eonsequutum
3587 3264 3615 3318 Ἰ
3656 3262 3771 3333 Ego

2205 3353 2332 3433 vero
2357 3353 2531 3430 dicam
2558 3389 2571 3426 :
2598 3369 2735 3440 Quid
2766 3374 2880 3434 est,
2928 3364 3071 3436 quod
3100 3362 3215 3434 ipse
3256 3359 3453 3430 inquit,
3485 3353 3657 3425 magis
3683 3369 3781 3407 nec

2202 3467 2494 3527 ce-sarium
2521 3476 2642 3518 esse
2667 3471 2886 3515 manere
2929 3464 3150 3527 propter
3193 3449 3326 3505 vos?
3355 3446 3485 3504 Nam
3516 3443 3782 3517 quemad-

2205 3559 2422 3618 modum
2450 3554 2615 3612 Paulo
2636 3551 2738 3606 hoc
2759 3546 3122 3605 necessarium
3153 3552 3290 3607 erat,
3323 3540 3393 3596 ita
3425 3548 3478 3593 et
3508 3533 3786 3608 Epaphro-

2204 3655 2319 3710 dito
2347 3670 2361 3708 :
2386 3650 2584 3722 quippe
2608 3644 2697 3719 qui
2721 3640 3070 3713 amplioribus
3098 3651 3218 3693 cum
3249 3633 3452 3691 divitiis
3476 3630 3785 3700 maioreque

2209 3746 2426 3804 lidentia
2469 3759 2533 3799 ac
2578 3740 2864 3798 securitate
2902 3735 2971 3792 ad
3012 3736 3176 3790 Deum
3216 3732 3457 3787 abiturus
3492 3738 3656 3786 esset.
3687 3728 3786 3782 Et-

2207 3841 2349 3896 enim
2373 3836 2504 3893 illud
2528 3835 2745 3908 quidem
2771 3829 2979 3887 etiamsi
2999 3825 3269 3900 paululum
3298 3822 3782 3886 dil'l‘erreturJutu-

2208 3947 2328 3987 rum
2360 3940 2535 3985 tamen
2564 3926 2783 3981 omnino
2810 3931 2954 3987 erat;
2985 3917 3181 3974 lucrari
3225 3930 3354 3973 vero
3384 3915 3607 3980 animas,
3639 3920 3785 3984 post-

2208 4041 2365 4096 quam
2392 4023 2518 4077 illuc
2534 4021 2774 4083 abiisscl,
2792 4032 2899 4071 non
2921 4021 3151 4086 poterat.
3180 4011 3294 4066 Hoc
3314 4006 3541 4074 accedit,
3566 4003 3786 4061 Paulum

2210 4118 2377 4173 multa
2414 4131 2479 4170 ex
2517 4110 2787 4168 communi
2821 4106 3149 4163 audientium
3179 4118 3340 4159 sensu
3370 4100 3641 4173 proferre,
3691 4113 3788 4153 ne-

2209 4226 2312 4281 que
2340 4207 2535 4278 ubique
2564 4200 2928 4274 philosOpbari
2959 4215 2976 4255 :
3004 4199 3071 4253 ad
3113 4195 3411 4252 mundanos
3439 4191 3581 4249 enim
3615 4189 3791 4244 horni-

2213 4316 2309 4355 nes
2328 4311 2508 4354 sermo
2540 4294 2638 4366 ipsi
2665 4302 2781 4349 erat
2807 4291 3104 4355 institutus,
3128 4296 3357 4343 mortem
3386 4282 3563 4339 adhuc
3594 4283 3789 4336 timcn-

2214 4403 2313 4447 tes.
2338 4392 2601 4446 Praeterea
2628 4385 2885 4450 ostendit,
2907 4383 3092 4455 quanti
3120 4378 3536 4451 Epaphroditum
3557 4375 3790 4430 faceret:

2214 4485 2444 4554 hincque
2471 4482 2544 4537 illi
2583 4479 2940 4536 reverentiam
2969 4474 3256 4547 quamdam
3284 4471 3571 4534 conciliat,
3608 4476 3792 4538 utpote

2212 4578 2364 4647 cujus
2391 4575 2616 4630 salutem
2646 4570 2783 4626 adeo
2809 4567 2910 4626 sibi
2955 4567 3137 4621 utilem
3177 4578 3300 4619 esse
3339 4569 3584 4623 testetur,
3618 4571 3675 4612 ut
3704 4573 3792 4611 se-

2213 4685 2334 4725 cum
2362 4679 2577 4737 quoque
2604 4678 2668 4716 ex
2698 4659 2840 4715 illius
2869 4656 3235 4714 incolumitate
3263 4649 3798 4710 misericorditerac-

2216 4771 2325 4816 tum
2370 4767 2538 4827 putet.
2572 4755 2838 4810 Prmterca
2869 4764 3035 4816 vero,
3069 4758 3126 4802 ut
3160 4746 3261 4801 hoc
3299 4745 3610 4808 mittamus,
3637 4741 3796 4796 aliam

2215 4867 2429 4927 quoque
2468 4850 2539 4905 ob
2567 4861 2783 4904 causam
2814 4844 2952 4899 bona
2996 4851 3077 4897 est
3109 4853 3346 4910 praesens
3372 4836 3499 4892 vita.
3526 4834 3665 4890 Nam
3694 4833 3797 4888 nisi

2217 4926 2414 5001 bonum
2441 4949 2618 5007 esset,
2647 4953 2745 4994 cur
2786 4936 2906 4991 loco
2943 4931 3325 5004 suppliciorum
3358 4935 3672 4983 numeraret
3698 4926 3799 4978 im-

2216 5046 2455 5091 maturas
2477 5030 2719 5087 mortes?
2740 5023 3189 5098 quemadmodum
3221 5021 3309 5076 ubi
3334 5019 3541 5091 inquit,
3566 5016 3699 5070 Ideo
3720 5016 3804 5068 in-

2218 5138 2292 5181 ter
2331 5142 2418 5181 vos
2449 5123 2593 5176 multi
2632 5118 2827 5189 inﬁrmi
2856 5126 2902 5171 et
2935 5113 3208 5170 imbecilles
3227 5153 3243 5176 ,
3283 5119 3329 5165 et
3370 5108 3628 5164 dormiunt
3658 5104 3804 5161 inuiti

2218 5222 2297 5291 (l.
2330 5219 2448 5273 Cor.
2480 5218 2566 5274 ll.
2598 5213 2714 5284 50).
2747 5211 2948 5267 Futura
2976 5208 3124 5264 enim
3161 5206 3267 5260 vita
3309 5199 3539 5273 improbi
3570 5197 3805 5254 hominis

2219 5289 2326 5368 non
2353 5310 2564 5370 melior.
2598 5307 2707 5361 imo
2736 5303 2874 5358 mala
2903 5311 3020 5367 est;
3069 5298 3221 5370 probi
3250 5305 3428 5351 autem
3468 5294 3682 5349 melior.
3723 5289 3806 5345 Ne

2221 5403 2477 5459 tristitiam
2501 5441 2517 5468 ,
2566 5396 2771 5468 inquit,
2819 5409 2972 5464 super
3014 5390 3269 5446 tristitiam
3315 5387 3585 5449 traherem,
3629 5399 3699 5439 nc
3738 5381 3804 5437 ad

2220 5507 2507 5552 malrorcm
2531 5533 2546 5556 ,
2585 5503 2744 5560 quem
2781 5502 2847 5542 ex
2876 5482 3044 5555 ipsius
3072 5479 3435 5536 invaleludittc
3477 5477 3759 5545 Capieltant
3784 5514 3800 5535 .

2221 5589 2502 5646 accederet
2529 5597 2730 5641 most-or
2750 5596 2817 5637 ex
2849 5588 3042 5634 morte.
3071 5575 3144 5629 Ita
3167 5575 3349 5645 quanti
3377 5569 3805 5643 Epaphroditum

2286 5750 2358 5811 (a)
2384 5744 2590 5798 Videtur
2611 5742 2690 5791 hic
2714 5737 2993 5789 itanichzros
3013 5732 3337 5796 redarguere.
