4044 6202
309 313 416 369 τις)

299 429 456 483 faciat
480 421 733 479 ostendit.
763 420 854 476 28.
897 418 1248 475 It‘estinantius
1267 434 1384 490 ergo
1410 416 1523 471 misi
1543 414 1708 470 illum.
1737 412 1877 481 Quid

293 528 380 573 est
402 558 416 580 ,
451 512 796 569 Festinantius
818 513 844 567 ἵ
876 511 1004 567 Sine
1032 510 1404 576 cunctatione,
1451 507 1594 562 nulla
1636 508 1875 576 interpo-

296 609 398 662 sita
424 619 573 659 mora
590 646 603 665 ,
625 602 819 672 jubens
840 601 1017 657 omnia
1047 613 1395 670 quaecumque
1414 598 1630 654 obstent
1658 598 1879 652 vincen-

297 708 406 754 tem
427 737 445 761 ,
474 710 633 766 quam
662 694 920 748 citissime
943 692 1009 745 ad
1040 705 1137 745 vos
1158 690 1370 755 venire,
1401 697 1460 743 ut
1486 705 1720 745 interere
1747 688 1881 743 libe-

297 800 401 845 ret.
432 788 546 843 Non
570 786 713 840 enim
737 784 782 839 si
812 798 908 838 eos
931 796 1067 853 quos
1092 796 1335 836 amamus
1367 782 1552 836 valere
1578 779 1876 844 audiamus,

295 897 455 952 mque
495 882 742 936 laetamur
787 891 851 930 ac
905 876 948 930 si
998 874 1309 939 videamus,
1354 875 1693 943 maximeque
1736 871 1781 925 si
1830 869 1880 923 id

299 984 495 1044 pneter
533 985 685 1041 spem
723 967 961 1030 eveniat,
1005 964 1455 1037 quemadmodum
1499 974 1625 1020 tunc
1652 964 1701 1017 in
1743 962 1881 1031 Epa-

300 1063 554 1136 phrodito
600 1067 878 1116 evenerat.
929 1056 1279 1114 Festinantius
1318 1074 1475 1131 ergo,
1520 1057 1726 1126 inquit,
1769 1054 1882 1107 misi

297 1157 448 1210 illum
474 1172 493 1208 :
517 1166 570 1207 ut
597 1154 701 1206 viso
736 1168 792 1205 eo
820 1153 1117 1225 gaudeatis,
1147 1162 1193 1205 et
1223 1166 1312 1222 ego
1349 1150 1510 1219 magis
1538 1149 1645 1202 sine
1678 1147 1882 1200 tristitia

299 1249 415 1301 sim.
445 1242 729 1312 Quomodo
758 1247 924 1316 magis
964 1246 1079 1298 sine
1134 1242 1387 1297 tristitia?
1425 1240 1685 1308 Quoniam
1717 1238 1761 1291 si
1787 1250 1883 1290 vos

298 1336 565 1408 gaudetis,
589 1347 643 1393 et
674 1352 772 1407 ego
799 1334 1064 1406 gaudebo,
1096 1342 1150 1389 et
1170 1333 1255 1387 hic
1279 1332 1394 1401 ipse
1424 1331 1491 1385 de
1516 1337 1696 1383 nostra
1727 1326 1880 1380 volu-

302 1440 448 1503 ptate
472 1429 754 1500 gaudebit,
786 1436 840 1481 et
867 1441 966 1495 ego
992 1439 1021 1478 a
1046 1438 1281 1478 mterore
1309 1421 1526 1475 liberior
1555 1433 1668 1473 cro.
1702 1416 1884 1486 Neque

302 1520 466 1585 dixit,
495 1520 625 1575 Sine
656 1516 868 1572 tristitia
891 1556 905 1578 ,
941 1514 1034 1570 sed
1056 1555 1071 1578 ,
1100 1513 1267 1584 Magis
1297 1512 1403 1565 sine
1432 1510 1666 1572 tristitia,
1700 1515 1759 1562 ut
1791 1520 1881 1559 os-

303 1611 490 1667 tendat
507 1623 799 1677 numquam
823 1606 1053 1659 animam
1076 1618 1224 1657 suam
1248 1616 1478 1657 mterore
1498 1614 1716 1654 vacuam
1738 1610 1879 1652 esse.

302 1704 401 1771 Qtti
432 1703 576 1757 enim
606 1704 677 1755 ita
706 1699 865 1763 dicit,
901 1697 1028 1763 Quis
1051 1696 1365 1764 inﬁrmatur,
1402 1704 1448 1748 et
1482 1709 1572 1764 ego
1614 1708 1713 1745 non
1739 1691 1884 1758 in/ir—

301 1812 414 1849 mor
433 1796 459 1849 .’
487 1796 598 1864 quis
640 1789 1037 1853 scandalizatur,
1071 1797 1116 1841 et
1143 1804 1232 1857 ego
1262 1803 1363 1839 non
1406 1801 1526 1838 uror
1546 1784 1619 1851 (2.
1647 1783 1764 1838 Cor.
1794 1782 1881 1841 II,

302 1885 437 1955 9.9)?
487 1882 754 1953 quomodo
796 1880 915 1935 sine
956 1893 1192 1934 mterore
1230 1885 1284 1932 et
1331 1877 1540 1930 tristitia
1572 1876 1639 1930 sit
1664 1875 1700 1928 ?‘
1742 1874 1883 1943 Ergo

311 1991 635 2036 maerorem,
687 1973 898 2042 inquit,
951 1971 1107 2024 istum
1157 1969 1440 2037 deponam.
1498 1966 1589 2020 29.
1648 1965 1882 2033 Excipite

315 2070 489 2135 itaque
539 2064 679 2118 illum
724 2064 772 2115 in
813 2061 1034 2115 Domino
1081 2076 1196 2113 cum
1236 2058 1372 2111 omni
1412 2057 1619 2127 gaudio.
1663 2054 1728 2107 In
1773 2052 1882 2107 Do-

311 2161 483 2223 mino,
531 2155 670 2226 quod
717 2155 857 2209 idem
901 2161 985 2209 est
1008 2167 1071 2207 ac
1099 2150 1466 2223 spiritualiter.
1513 2148 1565 2203 Id
1604 2156 1721 2214 est,
1766 2162 1883 2201 ina-

304 2264 412 2320 gno
438 2263 557 2302 cum
583 2245 794 2309 studio;
821 2244 902 2298 vel
935 2244 1105 2313 potius
1127 2240 1227 2295 hoc
1254 2239 1534 2310 signiﬁcat,
1569 2238 1677 2292 Deo
1702 2237 1889 2291 volen-

307 2348 377 2394 te.
409 2336 589 2407 Itaque
649 2336 797 2390 illum
843 2334 1075 2403 excipite
1115 2348 1209 2402 pro
1252 2341 1553 2385 sanctorum
1592 2329 1882 2398 dignitate,

307 2437 597 2484 utsanetos
636 2425 811 2497 excipi
857 2440 951 2495 par
995 2434 1103 2490 est,
1146 2422 1273 2477 Cum
1302 2422 1473 2488 omni,
1518 2421 1722 2490 inquit,
1755 2436 1883 2490 gau-

304 2521 415 2574 dio.

380 2611 437 2664 '5.
475 2608 605 2664 ﬂare
643 2607 820 2662 omnia
862 2620 957 2674 pro
999 2606 1063 2659 iis
1099 2604 1225 2659 facit
1253 2602 1325 2657 ad
1362 2615 1496 2673 quos
1546 2601 1745 2666 mittit,
1780 2614 1884 2655 non

306 2716 408 2771 pro
432 2699 632 2754 missis.
664 2696 832 2766 Majus
852 2696 994 2751 enim
1020 2695 1145 2750 facit
1175 2695 1380 2748 lucrum
1406 2732 1422 2758 ,
1456 2695 1543 2762 qui
1568 2691 1885 2746 beneﬁcium

304 2792 436 2857 dat,
466 2804 626 2858 quam
659 2787 747 2856 qui
776 2786 989 2855 accipit.
1022 2784 1085 2837 Et
1112 2783 1361 2853 ejusmodi
1390 2782 1615 2835 homines
1646 2797 1756 2834 cum
1791 2780 1887 2833 ho-

306 2897 432 2936 nore
476 2880 723 2931 habetote.
773 2876 829 2931 Id
870 2885 980 2941 est,
1024 2874 1270 2942 Excipite
1312 2873 1459 2925 illum
1506 2879 1564 2924 ut
1614 2878 1889 2924 merentur

306 2970 505 3025 sancti.
553 2967 644 3024 '50.
690 2966 941 3033 Quoniam
980 2972 1184 3033 praptet'
1220 2978 1348 3030 opus
1395 2960 1583 3015 Christi
1625 2974 1782 3027 usque
1822 2958 1895 3010 ad

309 3075 527 3117 mortem
550 3059 779 3123 accessit,
808 3057 1012 3110 tradens
1037 3056 1258 3108 animam
1284 3069 1458 3117 suam,
1485 3061 1540 3105 ut
1564 3051 1791 3121 impleret
1813 3049 1887 3113 id,

307 3155 446 3225 quod
486 3170 551 3207 ea:
575 3151 713 3206 vobis
740 3151 911 3203 deerat
936 3164 1054 3217 erga
1082 3162 1248 3201 meum
1274 3144 1588 3214 obsequium.
1617 3142 1714 3196 Hic
1737 3156 1889 3195 com-

310 3246 550 3301 muniter
576 3258 605 3296 a
634 3240 1056 3311 Pbilippensium
1087 3239 1305 3293 civitate
1337 3238 1531 3290 missus
1560 3233 1732 3289 luerat
1752 3275 1767 3299 ,
1800 3233 1891 3302 qui

312 3338 479 3393 Paulo
511 3334 875 3397 ministraret;
905 3342 995 3385 aut
1040 3330 1263 3384 fortasse
1292 3328 1452 3382 etiam
1490 3327 1609 3381 ideo
1636 3336 1889 3392 venerat,

310 3441 370 3483 ut
399 3427 670 3499 quidpiam
696 3423 911 3479 aderrat
943 3442 956 3478 :
984 3422 1173 3476 allatas
1195 3421 1337 3475 enim
1369 3419 1435 3474 ab
1463 3420 1553 3473 illo
1582 3434 1701 3473 esse
1730 3434 1886 3488 pecu-

312 3521 433 3575 nias
463 3519 519 3572 in
545 3526 783 3572 extrema
814 3513 1040 3586 epistola
1062 3510 1298 3567 ostendit
1324 3510 1408 3564 his
1434 3511 1609 3564 verbis
1626 3550 1641 3576 ,
1665 3510 1893 3579 Acceptis

310 3614 377 3666 ab
404 3608 761 3679 Epaphrodito
788 3621 901 3674 qua:
930 3605 1133 3658 misistis
1168 3602 1331 3673 (Phil.
1372 3603 1426 3656 4.
1466 3600 1895 3670 18).V'erisimile

312 3704 478 3771 igitur
516 3709 599 3755 est
641 3699 789 3753 illum
810 3739 826 3765 ,
856 3711 978 3759 cum
1008 3696 1230 3750 Romam
1277 3694 1643 3765 pervenisset,
1675 3691 1893 3746 Paulum

311 3794 368 3847 iu
402 3805 599 3861 magno
632 3790 736 3844 hoc
777 3790 1029 3859 gravique
1069 3786 1307 3857 periculo
1351 3787 1649 3856 reperisse,
1703 3795 1759 3838 ut
1806 3785 1894 3853 qui

310 3884 471 3937 adire
495 3882 647 3937 illum
678 3880 869 3935 vellent
894 3922 909 3945 ,
942 3879 1040 3948 ipsi
1068 3893 1280 3948 quoque
1310 3878 1527 3932 minimc
1554 3885 1668 3931 tuto
1691 3876 1740 3931 id
1770 3892 1895 3945 pos-

312 3985 442 4031 sent
470 3974 648 4028 facere
668 4013 684 4038 ,
712 3971 807 4027 sed
833 3986 931 4025 suo
956 3970 1195 4040 periculo
1224 3969 1544 4023 accederent
1568 3986 1580 4022 :
1608 3966 1747 4038 quod
1776 3982 1899 4021 eve-

312 4065 440 4120 nire
468 4063 703 4117 maxime
723 4061 1002 4115 consuevit
1022 4074 1212 4129 magna
1238 4070 1504 4113 commota
1538 4067 1855 4127 tempestate
1878 4098 1894 4123 ,

314 4165 483 4224 atque
515 4152 603 4207 ubi
641 4166 824 4222 regum
854 4152 932 4205 ira
963 4151 1218 4219 majorem
1249 4150 1300 4203 in
1334 4150 1547 4203 modum
1575 4148 1893 4202 effervescit.

316 4245 543 4299 Etenim
571 4258 690 4305 eum
721 4241 840 4311 quis
861 4282 877 4307 ,
906 4241 1046 4311 quod
1075 4242 1127 4295 in
1168 4241 1309 4311 regis
1336 4240 1687 4295 offensionem
1721 4240 1899 4295 incur-

315 4334 495 4397 rerit,
549 4333 601 4385 in
651 4346 922 4386 carcerem
965 4330 1289 4395 detruditur,
1337 4340 1603 4399 arctchue
1642 4330 1898 4384 custodite

317 4423 556 4479 traditur
574 4437 588 4483 ;
614 4432 742 4477 tunc
758 4421 839 4475 vel
867 4420 1049 4475 famuli
1081 4420 1179 4489 ipsi
1202 4419 1347 4473 aditu
1367 4420 1739 4488 prohibentur,
1759 4419 1898 4487 quod

316 4514 543 4584 quidem
568 4513 731 4567 Paulo
753 4521 877 4566 tunc
893 4511 1149 4566 accidisse
1170 4511 1458 4565 verisimile
1480 4519 1560 4565 est
1586 4530 1597 4565 :
1625 4510 1903 4580 Epaphro-

319 4608 498 4661 ditum
518 4620 648 4660 vero
668 4644 682 4668 ,
716 4618 909 4674 magno
938 4612 1098 4672 atque
1124 4604 1338 4658 excelso
1360 4603 1539 4657 animo
1570 4604 1763 4669 virum,
1788 4619 1903 4657 om-

320 4699 410 4753 nia
442 4697 854 4767 comtempsisse
880 4696 1115 4765 pericula
1141 4735 1157 4761 ,
1205 4704 1262 4749 ut
1301 4694 1521 4748 Paulum
1549 4694 1720 4749 adiret
1749 4695 1904 4763 eique

320 4788 690 4851 ministraret,
718 4796 877 4856 atque
919 4785 1099 4841 omnia
1146 4801 1265 4854 qua:
1295 4800 1433 4855 opus
1475 4795 1628 4840 erant
1678 4784 1901 4840 faceret.

324 4881 445 4936 Duo
473 4880 637 4949 igitur
666 4877 821 4932 δῆθε-ι
851 4877 1046 4932 Paulus
1066 4918 1082 4941 ,
1112 4891 1178 4931 ex
1206 4875 1400 4946 quibus
1430 4876 1505 4930 illi
1533 4877 1903 4930 auctoritatem

322 4988 386 5025 ac
416 4970 774 5026 reverentiam
804 4969 1055 5024 conciliat
1083 4985 1096 5022 :
1128 4984 1290 5021 unum
1334 4967 1583 5036 quidem,
1618 4967 1705 5021 ubi
1741 4967 1903 5033 dicit,

326 5067 393 5116 ad
422 5073 651 5116 mortem
677 5075 845 5129 usque
870 5075 985 5115 mea
1012 5076 1169 5115 causa
1198 5059 1552 5129 periclitatum
1579 5074 1697 5115 esse
1721 5078 1735 5125 ;
1765 5061 1898 5116 alte-

330 5167 453 5207 mm
494 5166 625 5205 vero
645 5191 660 5215 ,
688 5149 838 5220 quod
862 5164 1145 5218 personam
1172 5150 1404 5204 civitatis
1429 5166 1622 5221 gerens
1650 5150 1764 5205 hzec
1788 5168 1912 5221 per-

331 5254 525 5310 pessus
565 5237 727 5295 fuerit
773 5257 788 5293 :
834 5247 894 5293 ut
930 5240 984 5292 in
1024 5239 1264 5308 periculo
1291 5239 1384 5293 illo
1428 5240 1492 5293 iis
1520 5240 1611 5309 qui
1652 5240 1908 5295 miserant

329 5346 545 5387 merces
570 5330 878 5394 deberetur,
907 5330 1134 5400 perinde
1158 5344 1220 5385 ac
1252 5330 1296 5384 si
1325 5331 1511 5385 civitas
1541 5331 1772 5400 legatum
1804 5332 1907 5385 ιιιὶο

328 5424 509 5478 sisset.
562 5422 702 5491 Ergo
739 5423 993 5491 excipere
1037 5422 1182 5476 illum
1223 5437 1343 5476 cum
1375 5422 1601 5492 quodam
1650 5423 1910 5492 obsequio

328 5516 483 5585 eique
526 5516 726 5584 gratias
770 5528 932 5583 agere
974 5513 1042 5569 de
1081 5513 1274 5569 ofﬁciis
1315 5514 1431 5584 ejus
1456 5556 1470 5580 ,
1504 5515 1637 5568 ratio
1664 5514 1906 5584 quaedam

329 5607 428 5660 erit
468 5621 576 5675 qua
624 5604 857 5671 pericula
888 5613 943 5659 et
972 5603 1106 5658 facta
1138 5613 1317 5659 nostra
1360 5605 1529 5671 magis
1557 5604 1730 5659 adhuc
1759 5620 1904 5659 como

337 5699 508 5751 nuntia
545 5697 699 5749 vobis
739 5694 960 5749 facietis.
990 5693 1169 5764 Neque
1209 5695 1372 5760 dixit,
1419 5695 1532 5751 Mea
1578 5712 1764 5751 causa.
1809 5697 1901 5748 sed

1199 305 1262 361 IN
1301 304 1509 361 EPIST.
1554 302 1641 358 AD
1683 300 1965 355 PHILIPP.
2007 302 2158 356 CAP.
2202 301 2260 355 Il.
2305 302 2530 358 IlOlIlL.
2577 304 2663 359 IX.

3454 311 3560 363 ‘23"

1987 414 2211 467 orationi
2243 414 2441 469 addens
2475 415 2843 469 auctoritatem
2871 432 2933 470 ac
2969 416 3123 471 ﬁdem
3146 458 3161 480 ,
3188 418 3386 487 inquit,
3438 419 3559 471 ιιι-υ-

1986 515 2096 574 pter
2116 521 2243 570 opus
2274 505 2387 559 Dei.
2416 505 2527 559 Non
2560 506 2701 560 enim
2732 522 2848 561 mea
2875 521 3032 563 causa
3061 509 3202 576 facit,
3234 510 3324 565 διιὰ
3349 520 3562 578 propter

1988 596 2176 652 Deum.
2208 597 2377 668 Usque
2401 598 2470 652 ad
2495 610 2701 654 mortem
2725 602 2949 657 accessit.
2978 601 3115 669 Quid
3140 602 3322 656 enim?
3352 605 3560 656 tametsi

1988 689 2203 741 minime
2243 689 2408 754 obiit,
2449 691 2555 747 Deo
2598 691 2648 746 id
2692 691 3056 761 gubernante,
3092 692 3205 762 ipse
3231 701 3407 747 tamen
3440 695 3556 747 nul-

1988 777 2092 830 lam
2118 779 2237 831 vitro
2260 796 2370 833 sua:
2398 782 2657 836 rationem
2690 782 2873 839 habuit
2897 824 2911 847 ,
2938 798 3001 838 ac
3033 783 3249 837 tradidit
3286 784 3519 854 seipsqu
3546 803 3561 845 ;

1989 880 2043 926 ut
2067 913 2081 937 ,
2111 870 2363 941 quidquid
2392 873 2725 929 subeundum
2752 874 2880 942 fuit,
2913 890 3016 930 non
3046 890 3075 928 a
3104 876 3408 944 praestando
3431 878 3561 933 mihi

1989 965 2283 1020 ministerio
2323 976 2653 1021 eessaturus.
2683 967 2839 1035 Quod
2863 969 2908 1023 si
2939 978 2994 1023 ut
3028 968 3191 1022 Paulo
3235 969 3564 1024 ministraret

1987 1056 2223 1125 seipsum
2254 1058 2411 1111 morti
2440 1059 2727 1127 exposuit,
2758 1058 2927 1113 multo
2954 1060 3124 1130 magis
3166 1075 3263 1130 pro
3305 1059 3563 1130 praedica-

1991 1147 2134 1200 tione
2166 1146 2531 1213 idfsubiisset;
2563 1149 2670 1203 imo
2717 1164 2849 1203 vero
2892 1164 2989 1219 pro
3036 1149 3199 1203 Paulo
3230 1150 3386 1211 mori,
3418 1149 3561 1204 idem

1986 1247 2102 1290 erat
2125 1252 2187 1291 ae
2214 1252 2309 1306 pro
2336 1238 2731 1307 prmtlicatione.
2756 1240 2901 1294 Licet
2928 1241 3069 1295 enim
3089 1282 3104 1307 ,
3138 1256 3241 1295 non
3268 1250 3471 1296 tantum
3494 1257 3561 1295 ne

1988 1329 2144 1383 idolis
2190 1330 2501 1397 sacriﬁccs,
2543 1333 2783 1405 martyrii
2829 1347 3083 1388 coronam
3130 1334 3419 1404 consequi,
3466 1334 3559 1387 sed

1987 1421 2250 1491 ejusmodi
2276 1424 2437 1477 etiam
2468 1426 2780 1481 occasiones
2804 1426 3118 1498 martyrium
3147 1425 3341 1481 faciunt
3365 1443 3381 1491 ;
3411 1441 3495 1492 ac,
3517 1426 3564 1480 si

1988 1511 2299 1569 admirabile
2326 1514 2575 1584 quiddam
2605 1517 2890 1573 dicendum
2920 1527 3040 1585 est,
3074 1520 3243 1589 magis
3292 1520 3374 1574 ha:
3405 1535 3562 1589 quam

1989 1604 2112 1657 ilhc.
2144 1603 2275 1658 Nam
2300 1605 2391 1674 qui
2416 1607 2622 1661 minore
2645 1606 2710 1661 de
2738 1621 2894 1661 causa
2923 1618 3147 1663 mortem
3180 1610 3361 1664 subire
3381 1610 3564 1673 audet,

1989 1697 2156 1750 multo
2175 1697 2340 1767 magis
2366 1696 2599 1761 audebit,
2635 1698 2721 1754 ubi
2749 1712 2836 1753 res
2863 1698 3030 1768 major
3058 1708 3265 1771 agatur.
3289 1701 3561 1768 Quamob-

1992 1804 2103 1845 rem
2150 1798 2204 1845 et
2242 1805 2370 1853 nos,
2399 1805 2518 1845 cum
2550 1798 2764 1845 sanctos
2787 1790 2837 1843 in
2864 1790 3115 1860 periculis
3141 1793 3341 1847 versari
3374 1793 3568 1847 videri-

1989 1897 2127 1943 mus.
2156 1880 2279 1936 vive
2309 1897 2377 1937 ne
2405 1897 2704 1953 parcamus.
2727 1883 2842 1938 Non
2866 1891 3043 1953 potest
3061 1884 3200 1939 enim
3226 1883 3291 1952 is,
3322 1885 3409 1954 qui
3434 1885 3566 1940 nihil

1989 1988 2108 2028 cmn
2130 1973 2365 2043 periculo
2382 1974 2609 2043 experiri
2631 1975 3063 2045 audet,pra:clari
3080 1975 3351 2047 quidpiam
3370 1979 3581 2043 facere,.

1989 2065 2084 2119 sed
2117 2079 2335 2121 necesse
2375 2074 2460 2121 est
2498 2068 2776 2136 prmsentis
2806 2069 2929 2123 vitae
2957 2070 3233 2125 securitati
3277 2072 3567 2127 consulen-

1992 2165 2096 2211 tem
2120 2198 2134 2219 .
2164 2158 2410 2213 amittere
2441 2158 2688 2213 futuram.
2720 2158 2791 2213 Ut
2816 2158 3082 2230 impleret,
3111 2161 3309 2231 inquit,
3336 2163 3406 2227 id,
3433 2165 3569 2231 quod

1990 2263 2053 2300 ea:
2079 2247 2214 2301 vobis
2243 2249 2413 2303 deerat
2443 2265 2562 2320 erga
2605 2266 2772 2304 meum
2797 2250 3105 2314 obsequium.
3138 2251 3277 2320 Quid
3321 2252 3423 2309 hoc
3448 2264 3528 2309 est
3544 2256 3575 2309 ’ὲ

1991 2337 2103 2391 Non
2135 2338 2322 2394 aderat
2347 2339 2566 2404 civitas,
2595 2339 2688 2393 scd
2721 2355 2813 2409 per
2839 2340 2985 2394 illum
3015 2342 3158 2396 omni
3188 2357 3313 2411 erga
3358 2358 3443 2399 me
3482 2343 3567 2398 of-

1994 2428 2113 2482 ﬁcio
2138 2443 2199 2483 ac
2228 2429 2527 2484 ministerio
2551 2429 2729 2484 functa
2774 2439 2890 2494 est,
2936 2432 3185 2487 nimirum
3234 2434 3377 2502 quod
3417 2434 3566 2490 illum

1995 2519 2159 2573 misit.
2193 2517 2459 2587 Quidquid
2493 2519 2651 2588 igitur
2673 2521 2835 2574 vestri
2871 2522 3152 2577 ministerii
3182 2523 3314 2578 mihi
3343 2523 3567 2589 deerat,

1993 2606 2043 2660 id
2077 2606 2191 2675 ipse
2234 2606 2500 2674 explevit,
2533 2618 2592 2662 ut
2622 2608 2721 2662 hac
2765 2610 2927 2663 etiam
2976 2611 3185 2667 ratione
3225 2610 3571 2681 dignissimus

1993 2696 2063 2750 sit
2089 2696 2179 2766 qui
2209 2696 2430 2750 multum
2454 2697 2675 2752 honoris
2699 2708 2971 2767 reportet,
3000 2700 3251 2770 quoniam
3282 2701 3425 2772 quod
3454 2717 3572 2757 om-

1994 2802 2089 2841 nes
2133 2785 2311 2841 facere
2337 2789 2650 2856 oportebat,
2693 2788 2794 2844 hoc
2840 2790 2953 2860 ipse
2984 2806 3080 2859 pro
3110 2791 3262 2846 vobis
3302 2795 3568 2863 prastitit.

1993 2879 2166 2946 Atque
2193 2877 2425 2931 ostendit
2453 2878 2645 2933 Paulus
2676 2880 2850 2948 priora
2876 2896 3088 2951 quoque
3117 2880 3293 2936 ofﬁcia
3326 2882 3395 2937 ab
3421 2883 3569 2951 ipsis,

1993 2967 2081 3036 qui
2107 2967 2158 3019 iu
2189 2976 2301 3021 tuto
2329 2976 2519 3032 erant,
2550 2968 2783 3023 exhibita
2809 2969 3235 3039 periclitantibus
3259 2984 3379 3025 esse
3408 2990 3420 3025 :
3446 2987 3575 3026 nam

1996 3055 2109 3110 lucc
2135 3056 2295 3110 verba
2322 3097 2337 3121 ,
2383 3056 2450 3110 Id
2476 3057 2611 3126 quod
2646 3073 2707 3112 ea:
2735 3059 2871 3113 vobis
2899 3059 3070 3111 deerat
3108 3075 3229 3130 erga
3253 3059 3569 3129 obsequium,

1996 3145 2233 3200 indicant
2260 3156 2562 3215 respectum
2592 3148 2874 3217 quemdam
2905 3148 2973 3203 ad
2995 3148 3135 3204 illius
3163 3150 3391 3205 civitatis
3413 3150 3575 3207 obse-

1995 3236 2202 3311 quium.
2250 3237 2411 3293 Vides
2460 3252 2673 3293 sensum
2719 3240 2881 3294 animi
2927 3254 2990 3294 ac
3033 3241 3276 3311 Spiritum
3318 3243 3575 3312 apostoli-

1997 3322 2158 3381 cum?
2188 3327 2235 3380 Is
2266 3343 2391 3382 vero
2418 3344 2522 3381 non
2566 3344 2632 3382 ex
2660 3331 2962 3399 arrogantia
2989 3332 3447 3400 proﬁciscebatur,
3476 3334 3573 3389 sed

1997 3431 2062 3471 ex
2093 3431 2279 3487 magna
2307 3432 2462 3486 quam
2493 3419 2702 3472 illorum
2722 3420 2939 3489 gerebat
2965 3436 3114 3477 cura.
3149 3423 3360 3479 Etenim
3386 3440 3454 3480 ne
3482 3424 3568 3479 ef-

1998 3505 2259 3573 ferantur,
2310 3506 2403 3561 sed
2449 3507 2766 3562 tnodestiam
2800 3518 3069 3575 tueantur,
3104 3528 3275 3581 neque
3322 3529 3572 3583 magnum

1998 3596 2249 3665 quiddam
2279 3613 2337 3652 se
2365 3598 2662 3665 praebuisse
2688 3600 3029 3665 existiment,
3065 3603 3158 3656 sed
3195 3602 3261 3656 ad
3306 3605 3577 3659 humilita-

2001 3696 2105 3741 tem
2132 3687 2488 3755 adducantur,
2518 3689 2749 3742 ofﬁcium
2779 3690 2905 3745 illud
2952 3691 3037 3746 his
3063 3694 3282 3747 vocibus
3308 3696 3535 3763 appellat
3557 3736 3573 3758 ,

2002 3778 2246 3832 Debitum
2276 3779 2654 3845 ministerium,
2682 3789 2757 3845 et,
2786 3778 2854 3834 Id
2881 3782 3014 3851 quod
3035 3783 3222 3837 deerat;
3244 3784 3385 3853 Ergo
3408 3800 3579 3854 neque

2000 3884 2100 3923 nos
2130 3884 2350 3940 magnos
2394 3871 2613 3940 spiritus
2654 3886 2929 3927 sumamus
2949 3914 2963 3939 ,
2993 3889 3114 3927 cum
3153 3876 3351 3929 sanctis
3380 3875 3590 3945 aliquid

2002 3960 2336 4029 praebemus,
2383 3977 2556 4031 neque
2586 3960 2688 4017 hac
2729 3977 2789 4017 re
2820 3977 2918 4017 nos
2948 3962 3055 4017 illis
3081 3963 3396 4019 beneﬁcium
3428 3974 3579 4035 puteo

2003 4068 2122 4108 mus
2151 4054 2279 4109 dare
2308 4071 2321 4107 :
2354 4068 2383 4107 a
2411 4054 2566 4110 nobis
2596 4054 2739 4109 enim
2770 4054 2821 4109 id
2866 4054 3115 4121 debetur,
3160 4070 3258 4111 nec
3291 4056 3591 4127 quidquam.

2004 4146 2107 4200 illis
2129 4145 2410 4201 donamus.
2442 4146 2570 4200 Nam
2603 4146 3051 4217 quemadmodum
3100 4148 3164 4201 iis
3192 4147 3283 4217 qui
3327 4146 3397 4202 in.
3423 4163 3579 4202 exer-

2002 4237 2109 4291 citu
2140 4245 2263 4289 sunt
2291 4252 2353 4289 ac
2384 4235 2582 4290 bellum
2610 4245 2841 4305 gerunt,
2875 4237 2942 4290 ab
2983 4235 3046 4290 iis
3068 4236 3172 4305 qui
3191 4235 3337 4290 domi
3370 4237 3419 4289 in
3453 4252 3583 4305 pace

2004 4329 2209 4393 vivunt,
2233 4327 2494 4381 debentur
2509 4326 2728 4391 cibaria,
2748 4334 2803 4380 et
2819 4325 3075 4395 quidquid
3099 4326 3201 4380 illis
3222 4328 3580 4381 necessarium

2004 4428 2085 4472 est
2103 4418 2155 4470 in
2179 4424 2478 4485 sumptum;
2506 4415 2584 4470 illi
2606 4417 2746 4470 enim
2771 4431 2867 4485 pro
2890 4415 2971 4470 his
2995 4416 3045 4469 in
3063 4416 3177 4470 acie
3197 4424 3338 4469 stant
3360 4436 3371 4468 :
3393 4416 3461 4470 ita
3487 4417 3585 4471 hac

2011 4510 2062 4563 in
2094 4522 2275 4562 causa.
2326 4507 2456 4574 Quis
2500 4507 2641 4561 enim
2675 4507 2925 4572 Paulum,
2976 4507 3076 4561 nisi
3118 4506 3342 4561 docendi
3390 4523 3585 4563 munus

2008 4599 2284 4665 ohivisset,
2319 4597 2639 4666 conjecisset
2669 4598 2720 4652 in
2750 4612 3021 4652 carcerem
3047 4599 3070 4652 ?
3096 4598 3451 4665 Quamobrem
3482 4602 3583 4654 mi-

2009 4692 2242 4747 nistrare
2263 4695 2463 4746 sanctis
2488 4698 2721 4760 oportet.
2752 4691 2849 4758 Qui
2879 4693 3021 4746 enim
3051 4706 3157 4746 non
3186 4691 3472 4747 absurdum
3495 4695 3615 4763 sit,

2010 4785 2058 4839 ei
2080 4783 2168 4851 qui
2197 4793 2412 4837 terreno
2438 4780 2747 4851 Imperatori
2774 4781 2984 4847 militat,
3014 4783 3191 4836 omnia
3219 4785 3584 4853 suppeditare,

2010 4884 2064 4929 et
2111 4874 2429 4929 vestimenta
2459 4881 2513 4928 et
2561 4873 2798 4941 cibaria,
2850 4889 2955 4928 non
2985 4873 3156 4928 solum
3189 4884 3443 4945 quantum
3494 4890 3585 4928 ue-

2010 4966 2233 5019 cessitas
2262 4964 2526 5033 postulat,
2556 4964 2649 5019 sed
2697 4966 2856 5019 etiam
2890 4965 3008 5034 plus
3034 4980 3189 5036 quam
3227 4966 3359 5019 satis
3385 4976 3493 5030 est;
3535 4966 3586 5019 ei

2010 5070 2140 5109 vero
2167 5056 2258 5123 qui
2305 5055 2498 5108 militat
2547 5055 2748 5110 cmlesti
2782 5056 3131 5125 Imperatori,
3182 5067 3339 5125 atque
3391 5055 3443 5108 in
3473 5056 3595 5109 acie-

2013 5157 2115 5201 stat
2144 5148 2403 5201 adversus
2440 5148 2625 5203 hostes
2654 5149 2810 5219 longe
2848 5149 3120 5221 graviores
3148 5150 3166 5221 (
3202 5149 3453 5215 Quoniam
3484 5167 3585 5203 non

2013 5249 2084 5293 est
2123 5239 2414 5293 colluctatio
2443 5242 2621 5306 nobis,
2668 5242 2873 5312 inquit,
2914 5243 3154 5295 adversus
3196 5244 3494 5311 sanguinem
3539 5256 3595 5297 et

2013 5347 2211 5385 carnem
2239 5330 2454 5402 [Ephes.
2482 5332 2534 5386 8.
2571 5332 2634 5385 i9.
2669 5331 2734 5403 ]),
2765 5348 2935 5402 neque
2953 5332 3248 5386 necessaria
3277 5332 3437 5386 etiam
3457 5348 3583 5400 sup-

2016 5421 2293 5489 peditare?
2322 5423 2476 5491 cujus
2503 5422 2602 5477 huc
2635 5423 2924 5491 iniquitatis
2947 5433 3028 5477 est
3050 5421 3074 5474 ’ἶ
3095 5431 3352 5493 quantum
3381 5423 3480 5479 hoc
3510 5427 3588 5478 in-

2014 5518 2145 5581 grati
2176 5522 2229 5566 ct
2260 5515 2402 5581 parci
2431 5515 2595 5568 animi
2628 5515 2853 5568 vilium?

2087 5608 2137 5660 4.
2173 5605 2457 5675 Caeterum,
2491 5616 2744 5678 quantum
2773 5608 2948 5675 video,
2977 5608 3093 5679 plus
3114 5608 3253 5679 apud
3288 5625 3384 5663 nos
3413 5609 3587 5664 Itami-

2022 5715 2142 5752 ntuu
2176 5708 2345 5752 metu;
2378 5710 2568 5769 potest,
2600 5716 2754 5770 quam
2786 5700 3039 5771 gelu-utre
3065 5712 3115 5756 et
3144 5699 3436 5757 futurorum
3464 5720 3589 5761 suu-
