4044 6202
457 356 553 414 est
1151 350 1209 406 s.
1250 345 1527 406 mmsis
1557 340 2022 400 Cttm'sos't‘oin
2064 341 2378 398 Atuzttttzr.
2417 343 2948 400 CONSTANTINOP.
3607 355 3710 410 cm

449 471 747 542 alit-iurum.
766 467 1054 538 Propterea
1076 480 1204 522 sane
1225 463 1403 520 omnia
1429 471 1612 518 contra
1637 477 1792 530 quam
1815 459 2022 523 deceat,

447 579 506 619 se
537 563 763 626 habent,
793 572 848 614 ut
895 561 1068 614 civilia
1111 555 1326 626 quidem
1376 555 1586 625 negotia
1635 554 1846 624 singulo
1893 569 2023 624 quo-

448 670 553 723 que
601 651 690 708 die
750 650 1156 721 diligentissime
1211 645 1675 710 administrentur,
1719 661 1893 715 neque
1935 644 2023 699 illa

449 761 696 815 umquam
722 744 890 797 omitti
922 741 1102 796 videas
1129 756 1142 805 ;
1170 737 1523 809 spiritualium
1552 752 1678 792 vero
1708 738 1846 790 nulla
1875 737 2028 790 nobis

451 838 585 891 ratio
627 836 904 890 habeatur.
951 833 1025 887 ita
1047 873 1062 897 ,
1108 847 1228 902 qua:
1258 829 1573 885 necessitate
1599 829 1753 884 nobis
1781 828 2023 898 imposita

445 943 508 981 ac
538 926 818 982 tormentis
846 923 1151 994 propositis,
1182 925 1506 991 omninoque
1535 930 1804 991 tamquam
1842 937 1868 974 a
1906 936 1994 975 ser
2013 948 2026 960 -

446 1018 524 1071 vis
550 1027 600 1071 et
643 1016 821 1071 invitis
847 1015 1150 1084 exiguntur,
1191 1029 1380 1084 magna
1417 1023 1736 1084 praestantur
1764 1029 1884 1068 cmn
1912 1012 2023 1066 ala-

443 1109 632 1162 critate
666 1125 680 1162 :
713 1122 832 1176 qua:
860 1121 989 1161 vero
1034 1121 1063 1158 a
1109 1105 1395 1160 libentibus
1435 1113 1594 1173 atque
1639 1115 1694 1159 ut
1736 1120 1765 1158 τι
1820 1105 2020 1170 liberis,

445 1199 622 1253 omnia
654 1199 992 1254 omittuntur.
1022 1197 1137 1252 Non
1181 1197 1297 1252 haec
1339 1198 1390 1250 in
1437 1212 1626 1252 onmes
1657 1197 1797 1262 dico,
1845 1197 1939 1252 sed
1969 1197 2020 1250 in

442 1304 539 1344 eos
565 1289 654 1359 qui
691 1288 992 1358 hujusmodi
1021 1297 1262 1357 sumptus
1306 1289 1481 1342 facere
1525 1295 1791 1342 recusant.
1833 1289 2022 1342 Annon

446 1391 656 1451 poterat
680 1383 818 1436 Deus
849 1382 1220 1436 necessitatem
1247 1379 1472 1435 faciendi
1496 1381 1564 1434 im
1573 1379 1810 1448 ponere?
1829 1381 1894 1434 At
1918 1397 2022 1435 non

445 1473 558 1526 vult
584 1488 599 1525 :
636 1472 788 1527 vobis
814 1472 956 1527 enim
985 1471 1151 1542 magis
1177 1471 1428 1536 consulit,
1466 1486 1624 1540 quam
1669 1471 1732 1525 iis
1755 1470 1845 1540 qui
1872 1471 2026 1525 alun-

446 1574 551 1618 tur.
587 1563 712 1619 ldeo
740 1579 844 1617 non
885 1563 1001 1617 vult
1035 1563 1218 1617 isthmc
1251 1575 1343 1615 vos
1369 1578 1431 1616 ex
1462 1562 1782 1616 necessitate
1811 1560 1985 1616 facere
2006 1603 2021 1627 ,

445 1655 696 1726 quoniam
728 1654 870 1710 nulla
900 1669 993 1708 vos
1019 1661 1257 1709 maneret
1303 1668 1529 1708 merces.
1580 1655 1828 1707 Attamen
1875 1653 2026 1709 multi

445 1762 636 1803 eorum
665 1747 752 1818 qui
781 1745 869 1800 hic
897 1756 1038 1811 sunt,
1079 1745 1280 1801 Judmis
1318 1755 1440 1799 sunt
1471 1743 1755 1800 inferiores
1783 1760 1845 1798 ac
1873 1745 2025 1799 vilio-

445 1855 550 1893 res.
585 1839 765 1910 Cogita
788 1880 802 1903 ,
831 1847 961 1908 quot
999 1847 1152 1893 erant
1179 1853 1296 1908 qnze
1327 1853 1357 1892 a
1387 1836 1585 1892 Judacis
1610 1835 1894 1902 dabantur,
1927 1835 2023 1890 de-

443 1931 596 1984 einttn
620 1969 634 1992 ,
665 1928 911 1999 primitia:
936 1970 950 1993 ,
983 1943 1168 1984 rursus
1197 1927 1418 1983 decima:
1436 1968 1451 1994 ,
1489 1935 1542 1983 et
1568 1941 1752 1980 rursus
1777 1927 1898 1980 alia:
1927 1925 2023 1980 de-

443 2025 620 2088 cimze,
662 2031 718 2078 et
759 2037 943 2077 rursus
968 2022 1088 2076 alia!
1117 2020 1534 2085 deeima2tertim,
1564 2029 1617 2074 et
1646 2019 1834 2074 siclum
1873 2037 1890 2072 :
1926 2034 2024 2074 nec

444 2116 723 2187 quisquam
763 2124 898 2180 erat,
929 2112 1018 2184 qui
1058 2113 1276 2178 diceret,
1313 2111 1618 2166 sacerdotes
1659 2111 1821 2166 multa
1859 2111 2022 2166 devo-

446 2219 586 2259 rare.
639 2204 756 2272 Quo
806 2203 957 2272 plura
1006 2202 1289 2272 accipiunt,
1336 2216 1402 2256 eo
1444 2201 1606 2256 etiam
1657 2202 1748 2257 tibi
1795 2202 2024 2270 amplior

445 2309 673 2352 merces.
704 2293 820 2348 Non
847 2291 1132 2360 dicebant,
1162 2292 1320 2348 Multa
1351 2301 1567 2347 sumunt
1593 2333 1607 2358 ,
1640 2293 1812 2348 ventri
1845 2292 2021 2347 indul-

443 2391 604 2454 gent;
635 2397 754 2453 qua:
793 2398 932 2437 ttunc
959 2382 1217 2452 quosdam
1247 2383 1486 2438 dicentes
1519 2383 1696 2438 audio.
1727 2383 1900 2454 Atque
1937 2383 2022 2438 isti

440 2471 680 2542 quidem,
725 2473 815 2542 qui
860 2473 1051 2527 domos
1088 2473 1356 2528 sedilicant
1397 2484 1556 2546 atque
1596 2490 1752 2544 agros
1791 2484 2018 2540 emunt,

443 2562 574 2616 nihil
606 2570 790 2632 putant
818 2577 880 2617 se
923 2562 1119 2617 habere
1153 2582 1166 2617 :
1207 2564 1346 2634 quod
1389 2564 1435 2618 si
1474 2566 1722 2620 sacerdos
1759 2567 2019 2636 quispiam

443 2657 602 2725 paulo
624 2655 985 2725 Splendidiore
1018 2665 1166 2711 veste
1197 2656 1412 2711 indutus
1441 2657 1624 2722 fuerit,
1652 2667 1741 2713 aut
1763 2674 2017 2715 necessa-

441 2747 524 2802 rio
548 2747 803 2802 alimento
830 2761 933 2802 non
960 2755 1133 2817 egeat,
1157 2758 1246 2802 aut
1275 2749 1530 2803 fanmlum
1558 2748 1772 2816 habeat,
1813 2767 1879 2805 ne
1905 2752 2020 2821 ipse

439 2845 663 2907 cogatur
701 2851 732 2892 a
772 2837 967 2892 decore
993 2837 1304 2903 discedere;
1335 2839 1436 2893 hoc
1476 2839 1550 2893 illi
1585 2839 1798 2895 divitias
1839 2841 2017 2894 nomi-

442 2935 592 2981 nant.
632 2925 774 2983 Vere
818 2927 1015 2982 divitiis
1059 2929 1413 2995 abundamus,
1448 2928 1606 2998 idque
1636 2929 1721 2984 isti
1755 2931 1838 2986 vel
1870 2932 2018 2988 inviti

443 3020 692 3074 fatentur.
724 3017 833 3074 Nos
874 3019 1017 3073 enim
1062 3019 1272 3075 etiamsi
1305 3035 1473 3089 pauca
1504 3018 1815 3087 habeamus,
1847 3025 2016 3077 abun-

442 3113 630 3164 damtts
668 3111 904 3175 divitiis;
949 3110 1021 3164 illi
1067 3125 1192 3167 vero
1230 3112 1437 3166 etiamsi
1468 3114 1646 3168 omnia
1674 3114 1774 3170 sibi
1805 3131 2018 3186 compa-

440 3212 595 3269 rent,
629 3204 804 3274 inopia
836 3205 1095 3260 laborant.
1128 3206 1414 3276 Quousque
1451 3206 1728 3263 dementes
1771 3211 2021 3266 erimus?

443 3312 548 3350 non
576 3296 706 3351 satis
740 3296 891 3350 vobis
921 3297 1129 3352 videtur
1167 3298 1234 3352 ad
1278 3300 1596 3369 supplicium
1623 3302 1772 3358 vobis
1799 3320 2019 3374 compa-

443 3386 687 3451 randttm,
721 3387 859 3458 quod
888 3388 1094 3443 nullum
1125 3405 1259 3459 opus
1281 3391 1456 3456 editis,
1491 3392 1588 3446 nisi
1613 3393 1862 3448 damnum
1890 3395 2018 3451 illud

441 3478 593 3534 vobis
627 3479 971 3546 contrahatis,
1003 3481 1143 3550 quod
1176 3482 1242 3537 de
1263 3483 1381 3537 aliis
1414 3484 1744 3540 detrahendo
1767 3488 1973 3542 accedit
1999 3491 2022 3544 ?

441 3570 651 3626 Etenim
679 3571 722 3626 si
755 3579 805 3625 tu
828 3572 988 3626 etiam
1015 3587 1183 3640 esses,
1215 3574 1304 3643 qui
1335 3590 1395 3628 ea
1424 3591 1542 3645 qua:
1570 3575 1728 3632 habet
1751 3580 2019 3634 sacerdoti

441 3661 702 3728 dedisses,
735 3671 911 3716 tatncn
941 3679 1005 3718 eo
1033 3664 1150 3734 ipso
1180 3665 1480 3720 mercedem
1503 3668 1846 3736 perdidisses,
1879 3672 2018 3740 quod

439 3767 503 3806 ea
534 3752 587 3806 iit
616 3753 819 3810 crimen
862 3768 1080 3808 vocares
1102 3797 1116 3820 ,
1145 3771 1264 3824 qua:
1291 3763 1345 3808 tu
1373 3756 1485 3824 ipse
1533 3758 1773 3813 dedisses
1800 3778 1813 3814 :
1845 3763 2019 3814 omni-

442 3859 621 3912 noque
651 3843 696 3897 si
733 3853 786 3898 tu
817 3844 1006 3898 dedisti
1035 3885 1049 3906 ,
1081 3845 1205 3914 quid
1231 3845 1576 3900 criminaris?
1607 3850 1773 3902 Antea
1807 3851 2018 3919 quidem

442 3949 727 4004 pauperem
773 3935 920 3988 illum
964 3934 1125 3990 fuisse
1166 3937 1398 4003 testaris,
1431 3937 1561 4004 Qum.
1608 3938 1785 4007 habet,
1819 3941 2016 4011 inquis,

439 4039 543 4096 ego
585 4025 706 4080 dedi
739 4043 752 4078 :
784 4024 909 4096 quid
952 4040 1078 4095 ergo
1129 4027 1476 4082 criminaris?
1515 4029 1754 4083 Dandum
1804 4032 2022 4088 minime

441 4117 636 4180 fuerat,
667 4116 711 4172 si
739 4131 859 4171 eras
890 4116 940 4170 itt
967 4115 1170 4171 crimen
1194 4125 1495 4172 vocaturus.
1523 4121 1592 4174 At
1619 4134 1738 4174 cum
1763 4123 1900 4177 alter
1929 4123 2021 4178 de-

437 4207 536 4272 dit,
567 4208 665 4262 ista
697 4207 878 4263 dicis?
906 4207 1130 4264 Gravius
1166 4221 1294 4262 sane
1315 4207 1605 4275 delictum,
1633 4225 1754 4265 cum
1783 4221 1834 4266 tu
1865 4213 2023 4268 minia

440 4315 527 4356 tne
561 4298 774 4355 dederis
797 4340 811 4365 ,
844 4297 1064 4354 alterius
1109 4297 1383 4354 benefacta
1426 4301 1715 4355 criminari.
1757 4302 2018 4370 Quantam

438 4389 560 4446 illos
609 4390 911 4445 mercedem
947 4405 1166 4445 manere
1195 4400 1368 4458 putas,
1396 4391 1485 4460 qui
1529 4391 1713 4446 istltazc
1753 4393 2020 4448 audiunt?

443 4483 538 4539 Dei
565 4485 705 4538 enim
731 4498 892 4538 causa
920 4481 1034 4537 hmc
1055 4483 1348 4553 patiuntur.
1373 4484 1509 4549 Quid
1533 4485 1603 4538 ita
1628 4487 1650 4536 ?
1679 4485 1948 4554 Poterant,
1973 4488 2018 4541 si

441 4581 754 4646 voluissent,
789 4596 1057 4652 caupones
1088 4581 1224 4648 ﬁeri,
1259 4583 1466 4638 tametsi
1499 4584 1627 4638 nihil
1658 4585 1762 4639 illis
1789 4601 1816 4638 a
1846 4587 2019 4656 majo-

439 4674 586 4728 ribus
620 4675 862 4728 relietum
885 4681 1046 4730 esset.
1079 4673 1208 4728 Nam
1235 4683 1290 4729 et
1320 4673 1434 4730 haec
1461 4675 1654 4729 multos
1682 4676 2018 4747 impudenter

437 4764 678 4820 dicentes
716 4764 892 4829 audio,
943 4768 987 4819 si
1034 4766 1246 4836 quando
1289 4781 1386 4821 nos
1415 4768 1484 4821 ita
1515 4767 1741 4822 dicimus
1765 4810 1779 4831 ,
1816 4769 1911 4824 llic
1935 4771 2018 4824 vel

440 4855 532 4909 ille
576 4869 777 4925 pauper
804 4865 885 4910 est
915 4874 928 4910 :
960 4856 1193 4923 Poterat,
1239 4857 1502 4927 inquiunt,
1544 4859 1586 4911 si
1631 4859 1905 4921 voluisset,
1950 4861 2017 4914 ad

437 4946 650 4999 divitias
673 4945 971 5014 pervenire.
1001 4945 1200 5001 Deinde
1225 4949 1576 5002 contumelias
1603 4947 1802 5003 addunt
1827 4991 1841 5013 ,
1875 4952 2020 5006 Avus

436 5036 590 5092 istius
617 5046 671 5091 et
691 5037 890 5091 abavus
914 5036 1048 5091 tales
1070 5037 1306 5101 luerunt,
1336 5037 1419 5092 hic
1447 5055 1574 5093 vero
1597 5055 1735 5094 nunc
1760 5041 1848 5095 tali
1874 5052 2020 5096 veste

439 5127 656 5182 indutus
704 5137 806 5184 est.
857 5126 962 5182 Sed
1007 5128 1176 5198 quid?
1223 5128 1309 5183 die
1350 5129 1515 5193 tnihi;
1550 5130 1822 5186 nudunme
1869 5132 2016 5186 illum

438 5218 723 5273 eireuznire
752 5217 1028 5288 oportuit?
1069 5217 1212 5287 Ergo
1258 5218 1356 5273 ista
1403 5221 1616 5289 quidem
1652 5231 1703 5274 tu
1747 5222 2018 5277 subtiliter

437 5308 503 5362 ad
533 5309 768 5364 calculos
796 5325 1046 5370 revocas;
1073 5309 1168 5364 sed
1197 5309 1314 5364 vide
1344 5325 1410 5365 ne
1438 5320 1620 5365 contra
1651 5313 1876 5384 teipsum
1904 5313 2018 5368 haec

437 5399 585 5456 dicas
617 5417 632 5454 ε
664 5410 823 5471 atque
848 5399 972 5455 audi
1001 5400 1145 5455 illam
1176 5400 1374 5455 Christi
1411 5400 1830 5458 admonitionem
1852 5446 1865 5469 ,
1901 5402 2016 5457 Νο-

437 5491 524 5546 lite
542 5492 802 5562 judicare,
835 5501 882 5545 et
911 5508 1011 5546 non
1032 5492 1393 5561 judicabimini
1421 5493 1634 5562 (Matth.
1663 5495 1716 5550 7.
1750 5495 1824 5566 1).
1859 5495 2020 5550 Pote-

440 5593 520 5640 rat
547 5584 723 5655 igitur,
751 5584 796 5639 si
833 5583 1107 5649 voluisset,
1149 5586 1525 5655 cauponariam
1553 5603 1616 5640 ac
1654 5598 2014 5642 mercaturam

439 5691 712 5739 exercere,
739 5677 1060 5745 omninoque
1087 5692 1192 5730 non
1219 5678 1485 5746 eguisset;
1527 5679 1618 5734 scd
1647 5680 1836 5733 uoluit.
1869 5680 2005 5746 Quid

441 5763 618 5838 igitur,
664 5781 867 5835 lIUtlibO,
911 5765 1178 5820 literatur?
1211 5783 1334 5822 num
1365 5770 1552 5824 sericis
1582 5769 1813 5824 induitur
1846 5772 2002 5825 vcsti-

2143 455 2281 508 bus?
2306 473 2432 512 num
2461 468 2782 513 sectatorum
2813 457 3203 513 multitudinem
3235 475 3330 530 per
3361 460 3533 515 forum
3564 462 3710 517 incc-

2133 547 2265 602 dens
2290 550 2681 608 circumducit?
2709 569 2832 605 num
2864 568 3000 621 equo
3025 551 3272 606 vehitur?
3295 570 3421 609 nntn
3448 553 3590 610 sedes
3619 570 3711 610 ex-

2134 645 2311 708 struit,
2356 642 2556 698 haheus
2599 645 2686 698 tibi
2721 644 2954 700 habitet?
2981 645 3038 700 Si
3070 643 3184 700 Ιιωο
3216 646 3340 701 facit
3365 687 3378 710 ,
3408 663 3509 716 ego
3549 648 3708 702 etiam

2136 733 2490 800 reprehendo,
2538 749 2711 804 neque
2741 736 2812 789 illi
2854 750 3037 804 parco,
3084 736 3176 790 sed
3221 738 3522 792 sacerdotio
3569 739 3707 794 indi-

2132 837 2291 891 gnum
2337 838 2456 878 esse
2484 825 2710 880 allirmo.
2740 824 2870 878 Nam
2895 827 3160 896 quomodo
3190 843 3410 882 monere
3449 829 3581 883 alius
3611 846 3708 899 po.

2134 913 2294 981 terit,
2343 929 2410 970 ne
2449 916 2608 970 rebus
2639 916 2752 970 istis
2783 917 3054 972 inutilibus
3083 931 3304 984 vacent,
3339 920 3426 989 qni
3473 921 3708 990 seipsunt

2132 1021 2352 1061 monere
2394 1023 2498 1060 non
2548 1007 2764 1077 potest?
2799 1009 2891 1062 Siti
2923 1018 3100 1064 autem
3129 1009 3269 1080 quod
3314 1011 3472 1066 rebus
3503 1021 3706 1067 tantum

2131 1098 2196 1152 ad
2226 1098 2386 1152 vitam
2419 1099 2735 1154 necessariis
2761 1116 2866 1154 non
2895 1111 3034 1171 eget,
3069 1102 3170 1157 hoc
3195 1102 3310 1172 ipso
3341 1103 3520 1172 inique
3559 1104 3704 1176 agit;

2131 1202 2198 1241 an
2246 1187 2419 1258 ipsum
2463 1189 2744 1243 circumire
2783 1192 3082 1260 oportebat.
3129 1200 3184 1246 et
3228 1193 3569 1248 mendicare?
3613 1210 3708 1249 nec

2130 1279 2414 1348 quidquam
2447 1287 2534 1345 te,
2565 1295 2600 1335 ο
2629 1281 2921 1349 discipule,
2969 1281 3228 1352 puderet?
3269 1284 3346 1338 Ac
3386 1283 3430 1338 si
3471 1285 3706 1340 carnalis

2131 1377 2282 1436 pater
2305 1368 2356 1423 id
2379 1369 2557 1436 faciat,
2587 1369 2824 1426 dedecus
2853 1388 3102 1443 magnum
3129 1382 3314 1443 putes;
3343 1375 3425 1430 sin
3449 1375 3704 1445 spiritua-

2131 1460 2196 1515 lis
2225 1476 2289 1515 eo
2312 1461 2640 1518 descendere
2665 1473 2918 1533 cogatur,
2951 1480 3053 1518 non
3093 1466 3379 1521 erubesces
3402 1508 3417 1534 ,
3451 1482 3624 1536 neque
3655 1477 3706 1523 te

2132 1551 2366 1608 tenebris
2407 1551 2706 1608 abdendum
2738 1554 2984 1624 putabis?
3028 1554 3260 1610 Dedecus
3298 1557 3452 1622 enim,
3498 1557 3702 1628 inquit,

2131 1645 2353 1712 ﬁliorum
2379 1655 2524 1716 pater
2559 1647 2668 1701 sine
2695 1647 2884 1702 honore
2922 1647 3116 1720 (Eccli.
3143 1650 3194 1704 5.
3227 1649 3340 1720 l3).
3372 1649 3507 1716 Quid
3535 1665 3662 1722 ergo
3680 1651 3706 1704 ἲ

2131 1735 2460 1806 pereundum
2490 1736 2568 1790 illi
2615 1737 2754 1792 fame
2796 1737 3008 1793 fuerat?
3052 1738 3245 1793 Verum
3277 1756 3450 1810 neque
3493 1741 3592 1796 hoc
3633 1743 3704 1812 pii

2131 1825 2360 1880 hominis
2403 1837 2510 1894 est;
2555 1843 2728 1898 neque
2772 1829 2913 1883 enim
2963 1831 3216 1898 probatur
3260 1830 3388 1886 Deo.
3436 1831 3706 1886 Cmteruus

2129 1917 2343 1987 quando
2389 1916 2501 1973 haec
2542 1919 2798 1974 adversus
2826 1920 2955 1976 istos
2991 1920 3281 1982 all‘erimus,
3315 1923 3491 1978 subito
3526 1924 3702 1993 philo-

2129 2007 2424 2077 sophantur
2456 2027 2467 2062 :
2501 2009 2758 2079 scriptum
2784 2020 2864 2066 est
2885 2053 2898 2074 ,
2934 2011 3215 2081 inquiunt,
3246 2010 3420 2066 Nolite
3449 2014 3704 2083 possidere

2128 2116 2328 2166 aurum,
2357 2117 2513 2168 neque
2541 2112 2828 2172 argentum,
2855 2118 3012 2171 neque
3041 2101 3176 2156 duas
3197 2104 3414 2166 tunicas,
3443 2121 3602 2172 neque
3633 2121 3702 2158 (es

2127 2193 2179 2247 in
2205 2194 2344 2246 zonis
2370 2193 2542 2247 vestris
2565 2235 2579 2257 ,
2609 2209 2766 2264 neque
2790 2195 2982 2266 virgam
3015 2194 3228 2265 (Matth.
3258 2195 3344 2251 10.
3371 2196 3447 2262 9).
3479 2197 3541 2250 lli
3571 2213 3706 2252 vero

2131 2294 2280 2337 terna
2308 2292 2362 2338 et
2390 2293 2647 2352 quaterna
2674 2283 2871 2339 habent
2899 2285 3212 2339 vestimenta
3236 2327 3254 2354 ,
3278 2297 3332 2341 et
3360 2287 3525 2342 lectos
3567 2303 3702 2343 con-

2127 2383 2341 2428 stratos.
2375 2373 2467 2428 llei
2495 2374 2661 2430 mihi!
2690 2391 2854 2446 cogor
2879 2392 2977 2446 ego
3005 2392 3145 2432 nunc
3170 2380 3472 2447 suSpirare,
3504 2395 3566 2434 ac
3599 2381 3698 2436 nisi

2127 2464 2257 2519 mihi
2291 2464 2541 2521 decorum
2585 2467 2837 2522 tuendum
2869 2478 3034 2534 esset,
3074 2469 3265 2524 multas
3290 2471 3450 2526 etiam
3479 2472 3700 2541 profun-

2127 2556 2307 2612 derem
2351 2559 2631 2628 lacrymas.
2675 2557 2820 2614 Cur?
2845 2560 3106 2628 Quoniam
3134 2562 3186 2616 in
3232 2562 3459 2617 aliorum
3485 2563 3703 2633 quidem

2126 2649 2357 2705 festucas
2398 2651 2532 2706 adeo
2570 2651 2853 2722 diligenter
2901 2653 3218 2724 inquirimus
3243 2697 3262 2722 ,
3306 2665 3518 2710 nostras
3570 2673 3704 2712 vero

2127 2741 2324 2802 trabes.
2349 2759 2481 2813 quas
2499 2743 2550 2798 in
2578 2745 2746 2800 oculis
2774 2743 3032 2800 habemus
3049 2786 3068 2813 ,
3093 2761 3159 2801 ne
3179 2749 3437 2803 sentimus
3459 2747 3700 2818 quidem.

2128 2833 2222 2887 Dic
2267 2834 2417 2897 mihi,
2465 2849 2561 2889 cur
2608 2834 2790 2890 isthmc
2832 2836 2924 2890 tibi
2955 2836 3053 2906 ipsi
3095 2853 3201 2892 non
3231 2838 3401 2893 dicis?
3438 2838 3702 2907 Quoniam

2127 2926 2247 2989 hoc.
2279 2926 2467 2996 inquit,
2499 2928 2766 2998 magistris
2795 2927 3072 2983 dumtaxat
3093 2940 3414 3000 praeceptum
3435 2939 3536 2985 est.
3562 2930 3706 3001 Ergo

2125 3035 2244 3074 cum
2279 3020 2471 3075 Paulus
2500 3020 2705 3091 inquit,
2743 3019 2994 3076 [labentes
3018 3023 3258 3076 alimenta
3282 3033 3330 3077 et
3354 3023 3532 3093 quibus
3557 3035 3700 3094 tega-

2126 3127 2272 3180 ntur,
2301 3113 2380 3167 his
2409 3115 2627 3168 contenti
2653 3115 2810 3168 simus
2837 3113 2926 3187 (l.
2955 3113 3085 3170 Tim.
3115 3115 3168 3170 6.
3197 3114 3295 3186 8),
3325 3115 3390 3170 ad
3418 3116 3562 3170 solos
3589 3132 3702 3169 ma-

2125 3206 2320 3276 gistros
2353 3207 2510 3260 verba
2539 3205 2703 3260 facit?
2725 3205 2974 3271 Minime;
2999 3205 3092 3261 sed
3122 3207 3187 3260 ad
3217 3222 3404 3262 onmes
3434 3207 3699 3263 homines.

2128 3297 2287 3367 quue
2313 3297 2442 3352 satis
2471 3297 2752 3362 constabit,
2773 3298 2816 3351 si
2843 3313 2872 3350 a
2893 3299 3065 3366 capite
3096 3299 3269 3353 locum
3295 3300 3438 3352 illum
3458 3300 3703 3368 insuescu-

2129 3388 2292 3443 rimus
2327 3407 2338 3441 :
2373 3405 2494 3442 nam
2524 3405 2644 3442 cum
2672 3389 2916 3456 dixisset,
2937 3389 3026 3444 Est
3051 3401 3219 3445 autem
3241 3402 3463 3460 quastus
3488 3409 3703 3461 magnus

2127 3480 2284 3548 pietas
2311 3495 2421 3532 cum
2461 3480 2791 3550 suﬂicientia;
2831 3495 2894 3535 ac
2932 3479 3126 3536 deinde
3169 3480 3502 3547 addidisset,
3551 3481 3703 3535 Nihil

2125 3573 2256 3626 enim
2284 3571 2544 3624 intulimus
2583 3573 2636 3624 in
2675 3571 2809 3624 hunc
2848 3571 3125 3637 mundum,
3167 3571 3306 3625 haud
3332 3573 3538 3627 dubium
3566 3576 3702 3644 quod

2126 3680 2213 3716 nec
2237 3663 2439 3731 auferre
2474 3663 2595 3732 quid
2621 3679 2927 3732 possumus;
2954 3665 3208 3719 continuo
3243 3665 3513 3735 subiunxit
3537 3707 3552 3732 ,
3587 3666 3700 3719 Ha-

2128 3757 2297 3808 bentes
2321 3763 2486 3808 autem
2512 3755 2754 3809 alimenta
2781 3764 2826 3808 et
2861 3755 3039 3824 quibus
3076 3765 3306 3826 tegantur
3327 3797 3342 3821 ,
3377 3757 3456 3810 his
3481 3759 3702 3811 contenti

2125 3846 2304 3899 simus.
2331 3846 2430 3910 Qui
2459 3855 2628 3898 autem
2653 3846 2824 3899 volunt
2849 3847 3027 3899 divites
3055 3846 3188 3913 ﬁeri,
3216 3846 3445 3900 incidunt
3469 3847 3521 3900 in
3543 3857 3703 3900 tenta-

2125 3945 2309 3998 tionem
2337 3952 2384 3996 et
2423 3943 2674 4010 laqueum,
2714 3951 2760 3994 et
2795 3941 3045 3996 desideria
3082 3942 3243 3996 multa
3270 3943 3424 3996 stulta
3450 3951 3496 3996 et
3525 3943 3702 3996 nociva

2126 4033 2289 4105 (Ibid.
2319 4050 2364 4096 υ.
2390 4032 2441 4087 6.
2475 4031 2553 4102 9).

2290 4126 2449 4180 Vides
2477 4125 2542 4179 ad
2571 4139 2757 4180 omnes
2795 4127 3090 4181 orationem
3125 4125 3346 4182 haberi?
3370 4125 3506 4195 Quid
3538 4141 3704 4194 vero,

2126 4235 2246 4274 eum
2293 4234 2476 4272 rursus
2507 4219 2676 4286 inquit
2697 4259 2713 4283 ,
2738 4217 2919 4273 Carnis
2948 4234 3122 4271 curam
3148 4234 3210 4271 ne
3235 4217 3455 4288 feceritis
3484 4225 3535 4272 tn
3564 4219 3702 4272 desi-

2126 4311 2278 4364 deriis
2307 4309 2480 4380 (Rom.
2511 4309 2596 4363 l3.
2640 4309 2728 4379 ll)
2753 4325 2769 4374 ;
2799 4324 2980 4364 nonne
3016 4309 3264 4364 omnibus
3301 4310 3594 4379 generatim
3627 4311 3706 4363 lo-

2125 4401 2343 4472 quitur?
2368 4399 2495 4470 quid
2527 4415 2675 4466 vero,
2707 4415 2828 4454 cum
2860 4400 3066 4470 inquit,
3095 4398 3229 4453 Esca
3257 4400 3433 4465 ventri,
3461 4409 3509 4453 et
3539 4411 3707 4454 tenter

2126 4493 2250 4546 escis
2291 4508 2306 4543 :
2335 4490 2470 4545 Deus
2497 4501 2664 4544 autem
2689 4499 2736 4544 et
2771 4490 2905 4544 hunc
2931 4501 2979 4544 et
3005 4491 3097 4543 has
3125 4490 3346 4544 destruet
3371 4491 3391 4559 (
3413 4490 3462 4544 l.
3493 4489 3612 4544 Cor.
3646 4491 3700 4544 6.

2128 4583 2215 4654 1'5)
2239 4584 2261 4636 ?
2287 4583 2412 4652 qttid
2442 4597 2590 4646 vero,
2623 4580 2708 4634 tibi
2738 4580 2929 4650 inquit,
2965 4580 3092 4644 Quae
3112 4581 3164 4634 in
3188 4581 3384 4634 deliciis
3405 4590 3479 4633 est
3499 4620 3516 4643 ,
3540 4583 3707 4632 vivens

2126 4684 2327 4727 mortua
2347 4682 2439 4735 est,
2471 4671 2538 4726 de
2566 4671 2719 4724 vidua
2753 4671 3015 4740 loquens?
3045 4686 3171 4724 num
3203 4669 3433 4724 fortasse
3461 4678 3517 4724 et
3548 4669 3706 4723 vidua

2127 4765 2378 4834 magister
2419 4763 2543 4818 est?
2588 4777 2762 4817 annon
2800 4763 2913 4832 ipse
2944 4763 3062 4825 fuit,
3105 4763 3194 4832 qtti
3225 4761 3294 4816 ita
3325 4763 3478 4827 dixit,
3509 4761 3710 4816 Docere

2126 4867 2294 4908 autem
2333 4855 2529 4908 mulieri
2558 4872 2658 4908 non
2697 4857 2952 4924 permitto,
2986 4871 3142 4924 neque
3168 4855 3420 4908 dominari
3461 4855 3514 4908 in
3543 4855 3708 4908 riruut

2131 4948 2204 5017 (ι.
2233 4945 2366 5000 Tim.
2395 4948 2448 5002 5.
2480 4945 2533 5000 6.
2565 4956 2609 5000 et
2635 4945 2689 4998 2.
2727 4946 2856 5013 1'2)?
2882 4945 3029 5011 Quod
3061 4946 3104 4999 si
3146 4945 3301 5000 vidua
3323 4987 3340 5011 ,
3374 4945 3461 5000 ubi
3491 4953 3548 5000 et
3570 4953 3708 4999 tetas

2125 5039 2341 5103 senilis;
2384 5045 2634 5092 senectus
2663 5037 2804 5091 enim
2830 5051 3023 5105 magno
3057 5045 3178 5106 eget
3202 5035 3490 5105 obsequio.
3523 5045 3577 5090 et
3612 5051 3711 5087 na-

2129 5138 2243 5182 tura
2275 5129 2386 5198 ipsa
2410 5144 2424 5194 ;
2458 5126 2716 5182 muliebre
2739 5128 2880 5182 enim
2909 5141 3076 5196 genus
3106 5129 3311 5196 majore
3338 5137 3460 5195 eget
3489 5127 3707 5191 solatio,

2126 5222 2247 5292 quia
2275 5222 2541 5276 infirmum
2580 5229 2663 5277 est
2692 5239 2706 5276 :
2739 5222 2916 5292 igitur,
2949 5223 2994 5277 si
3027 5222 3117 5277 ubi
3145 5232 3278 5278 tetas
3305 5231 3359 5278 et
3389 5231 3576 5276 natura
3606 5222 3712 5276 oh-

2127 5315 2320 5378 stabat,
2349 5313 2570 5368 minime
2599 5322 2774 5368 tamen
2809 5314 2951 5368 illam
2981 5314 3107 5370 sinit
3134 5313 3363 5369 delicate
3387 5323 3444 5368 et
3472 5315 3709 5368 molliter

2128 5406 2330 5465 vivere.
2377 5404 2470 5458 sed
2520 5405 2679 5458 etiam
2730 5412 2991 5458 tnortuam
3037 5418 3159 5459 esse
3186 5403 3356 5473 inquit
3385 5404 3532 5474 (non
3563 5403 3705 5458 enim

2130 5505 2330 5549 tantum
2359 5494 2494 5548 dixit
2517 5535 2531 5557 ,
2565 5495 2641 5550 Ne
2665 5494 2894 5550 delicate
2922 5495 3084 5560 vivat,
3124 5493 3243 5562 sed,
3275 5494 3403 5560 Quw
3430 5496 3483 5548 in
3511 5495 3708 5548 deliciis

2127 5599 2220 5653 est,
2243 5602 2410 5642 t'tvens
2437 5598 2632 5641 mortua
2653 5597 2760 5651 est;
2787 5603 3014 5658 eamque
3043 5603 3074 5644 e
3099 5587 3277 5644 medio
3301 5597 3558 5652 removit;
3585 5604 3708 5642 nam

2129 5694 2246 5746 qua:
2267 5691 2473 5733 mortua
2503 5689 2606 5743 cst,
2639 5694 2670 5734 e
2701 5679 2874 5733 mrdio
2901 5680 3103 5734 sublata
3126 5677 3248 5750 est)
3278 5698 3290 5733 :
3316 5695 3474 5749 quam
3499 5680 3711 5733 veniant

2137 5769 2346 5826 habebit
2373 5770 2530 5826 homo
2557 5786 2618 5827 ca
2645 5771 2860 5836 faciens,
2884 5786 3109 5843 quorum
3137 5785 3292 5828 causa
3321 5771 3510 5829 mulier
3535 5772 3706 5827 vetula
