4044 6202
285 342 398 400 253

280 463 505 534 partitur
537 458 564 512 ?
619 459 818 513 Verum
872 456 987 511 haec
1034 468 1193 508 nemo
1243 467 1312 506 ne
1364 450 1599 521 cogitare
1655 449 1871 520 quidem

281 553 614 626 aggreditur,
639 549 755 604 lucc
784 561 942 603 nemo
965 544 1250 600 examinat.
1278 543 1391 613 Ego
1418 557 1545 598 vero
1572 543 1667 597 ista
1697 541 1875 597 dicere

279 649 507 703 coactus
524 658 668 709 sum,
695 657 802 697 non
833 654 961 696 sane
987 639 1039 693 id
1065 652 1248 708 agens,
1278 645 1340 691 ut
1364 635 1672 690 sacerdotes
1696 635 1873 690 crimi-

283 715 446 798 nlbus
472 735 695 805 liberem
720 775 736 798 ,
777 731 870 787 sed
899 739 955 786 ut
982 728 1132 785 vobis
1159 725 1457 784 consulam.
1492 725 1622 780 Nam
1651 725 1726 780 illi
1755 724 1874 795 qui-

282 833 409 886 dem
437 869 453 893 ,
483 829 528 882 si
559 841 681 882 cum
723 823 960 893 pecuniae
988 834 1205 890 operam
1237 818 1365 873 dent
1388 860 1402 882 ,
1445 817 1566 887 jure
1594 830 1656 870 ac
1685 816 1875 870 merito

284 923 387 978 ista
415 919 658 982 audiunt,
683 915 889 970 nullum
919 929 948 967 a
980 913 1130 968 vobis
1154 911 1534 966 detrimentum
1564 914 1872 977 reportant;

284 1011 382 1067 s‘ed
410 1011 524 1064 sive
548 1007 792 1063 dixeritis
811 1047 828 1071 ,
859 1004 974 1060 sive
1015 1001 1286 1057 tacueritis
1305 1040 1322 1066 ,
1355 999 1617 1055 rationem
1646 998 1753 1052 illic
1777 996 1874 1051 Ju-

285 1102 392 1157 dici
442 1099 667 1155 reddent
708 1114 724 1151 :
765 1094 1110 1168 quamobrem
1139 1092 1272 1148 nihil
1315 1090 1424 1146 illis
1469 1097 1641 1146 vestra
1684 1094 1877 1142 nocent

285 1195 476 1252 verba.
507 1193 601 1249 Sin
631 1201 814 1246 autem
846 1189 981 1246 falso
1008 1203 1038 1243 a
1065 1187 1216 1242 vobis
1245 1185 1518 1252 dicuntur,
1552 1183 1627 1238 illi
1659 1181 1876 1254 quidem

287 1287 498 1341 lucrum
524 1284 686 1339 etiam
724 1284 1021 1352 repertam,
1051 1280 1166 1334 sine
1194 1292 1355 1334 causa
1382 1274 1720 1331 contumeliis
1746 1272 1876 1328 alie-

284 1378 392 1442 eti;
436 1390 535 1432 vos
573 1387 704 1431 vero
745 1373 899 1430 vobis
929 1373 1056 1442 ipsis
1093 1371 1220 1426 hinc
1258 1370 1510 1425 damnum
1541 1363 1765 1423 infertis.
1800 1365 1876 1422 De

284 1469 440 1526 vobis
481 1482 614 1524 vero
653 1481 762 1521 non
810 1465 881 1520 ita
926 1478 1016 1520 res
1058 1461 1258 1524 habet;
1306 1460 1402 1517 sed
1445 1459 1558 1516 sive
1587 1473 1734 1524 vera,
1765 1457 1878 1514 sive

285 1562 416 1616 falsa
466 1561 596 1625 sint,
643 1571 766 1628 qua:
812 1555 1068 1611 adversus
1107 1553 1230 1609 illos
1266 1551 1553 1617 dicuntur,
1585 1551 1688 1606 hoc
1718 1547 1873 1620 ipso,

286 1653 432 1724 quod
477 1653 586 1708 illis
628 1648 964 1712 maledicitis,
1012 1662 1110 1702 vos
1154 1647 1299 1717 ipsos
1340 1644 1552 1700 iteditis.
1596 1643 1732 1713 Quid
1761 1638 1879 1698 ita?

282 1744 554 1815 Quoniam
581 1741 627 1799 si
662 1756 792 1798 vera
817 1738 1031 1811 quidem
1076 1738 1306 1804 fuerint,
1348 1736 1499 1792 vobis
1531 1735 1878 1791 nihilominus

283 1837 523 1901 nucetis,
566 1833 822 1905 judicium
859 1832 927 1887 de
958 1827 1227 1901 magistris
1266 1830 1521 1896 ferentes,
1549 1835 1604 1883 et
1632 1826 1876 1882 ordinem

283 1928 698 1992 disturbantes;
723 1931 842 1981 nam
879 1923 924 1979 si
950 1922 1019 1979 de
1044 1921 1210 1978 fratre
1233 1921 1474 1992 judicare
1501 1936 1608 1976 non
1640 1927 1875 1990 oportet,

288 2020 475 2076 multo
504 2020 677 2074 minus
700 2018 766 2074 de
787 2017 1040 2088 magistro
1064 2033 1084 2073 :
1109 2015 1190 2071 sin
1231 2024 1408 2071 autem
1439 2013 1588 2081 falsa,
1623 2013 1876 2068 intolera-

291 2113 407 2168 bile
433 2111 656 2167 omnino
679 2109 999 2180 supplicium
1034 2123 1097 2164 ac
1128 2121 1287 2180 ptena
1313 2107 1436 2162 erit.
1466 2107 1541 2162 De
1563 2105 1706 2162 omni
1734 2105 1875 2160 enim

288 2203 462 2258 verbo
481 2201 654 2258 ctioso
673 2202 934 2256 rationem
953 2195 1186 2256 reddetis
1206 2197 1420 2269 (Matth.
1443 2197 1530 2253 12.
1552 2197 1664 2264 56).
1689 2197 1879 2264 Quam-

286 2296 477 2351 obrem
521 2303 698 2350 vestra
741 2309 901 2349 causa
947 2295 1124 2349 omnia
1176 2291 1401 2348 uicimus
1442 2307 1506 2347 ac
1550 2292 1875 2348 laboramus.

287 2391 582 2455 (laterum,
611 2387 753 2458 quod
783 2385 1048 2453 dicebam,
1073 2400 1236 2440 nemo
1262 2385 1374 2438 ltatc
1403 2384 1691 2450 examinat,
1717 2399 1879 2438 nemo

289 2484 343 2536 in
389 2481 475 2536 bis
515 2480 730 2536 curiose
773 2479 990 2549 satagit,
1035 2491 1193 2533 nemo
1237 2477 1525 2548 quidquam
1557 2477 1745 2531 horum
1778 2477 1878 2532 sibi

289 2573 390 2642 ipsi
420 2571 575 2626 dicit.
613 2571 786 2625 Vultis
816 2578 872 2626 et
895 2570 994 2623 alia
1035 2567 1270 2623 addam?
1301 2568 1477 2622 Omnis
1518 2585 1580 2622 ea:
1605 2568 1761 2632 vobis,
1793 2569 1879 2638 qui

290 2682 390 2719 non
417 2663 696 2728 renuntiat,
722 2662 894 2732 inquit
923 2661 1195 2727 Christus,
1228 2659 1460 2714 omnibus
1488 2675 1601 2729 qua:
1632 2660 1875 2729 possidet,

291 2773 396 2812 non
419 2765 506 2813 est
533 2771 620 2810 me
643 2755 836 2825 dignus
857 2752 1008 2823 (Lac.
1045 2753 1129 2807 t4.
1170 2749 1285 2823 55).
1315 2751 1452 2819 Quid
1482 2767 1609 2808 vero
1631 2792 1644 2816 ,
1673 2751 1765 2806 ubi
1795 2752 1878 2806 in-

291 2849 436 2918 quit,
483 2845 703 2917 Dijﬁcile
726 2854 801 2900 est
828 2845 1032 2899 diuitem
1059 2844 1252 2898 intrare
1289 2843 1343 2896 in
1389 2857 1598 2914 regnum
1640 2842 1878 2896 cartorum

293 2939 512 3008 (Matth.
543 2939 633 2994 i9.
661 2937 792 3008 23)?
815 2937 942 3007 quid
970 2952 1118 3003 vero,
1151 2951 1270 2990 cum
1294 2934 1483 3005 inquit,
1523 2935 1610 2990 Va:
1635 2935 1772 2988 vobis
1798 2935 1879 2987 di-

293 3031 498 3094 uitibus,
530 3033 648 3102 quia
692 3031 884 3085 habetis
929 3031 1322 3084 consolationem
1366 3040 1581 3084 uestrum
1625 3029 1773 3102 (Luc.
1823 3027 1877 3084 6.

294 3125 428 3194 24)?
465 3124 635 3179 Nemo
659 3123 763 3193 hoc
790 3123 1100 3193 perpendit,
1146 3138 1304 3178 nemo
1334 3123 1553 3192 cogitat,
1596 3137 1756 3177 nemo
1785 3137 1877 3177 se-

296 3229 416 3270 cum
444 3216 562 3286 ipse
583 3215 819 3270 rationes
839 3213 1106 3279 subducit,
1135 3213 1228 3268 sed
1252 3221 1456 3267 tantum
1481 3213 1531 3267 in
1563 3229 1652 3268 res
1677 3213 1880 3269 alienas

297 3309 644 3364 vehementes
670 3319 877 3362 sumus.
905 3307 973 3361 At
999 3306 1101 3360 hoc
1126 3304 1254 3360 nihil
1277 3305 1418 3360 aliud
1441 3314 1543 3373 est,
1570 3321 1726 3376 quam
1755 3322 1879 3376 par-

298 3401 486 3469 ticipes
524 3397 805 3453 criminum
853 3395 988 3451 ﬁeri.
1031 3395 1249 3458 Verum,
1301 3403 1356 3449 ut
1403 3405 1660 3464 praetcrea
1704 3406 1878 3450 vestra

297 3505 457 3546 causa
479 3531 495 3557 ,
526 3490 718 3562 quibus
743 3487 1058 3545 criminibus
1087 3487 1274 3541 amnes
1301 3501 1421 3541 esse
1459 3487 1764 3541 sacerdotes
1793 3486 1878 3541 di-

297 3585 438 3649 citis,
477 3596 540 3638 ea
580 3581 802 3644 diluam,
855 3580 1033 3635 audite
1063 3598 1076 3634 :
1105 3579 1243 3634 hanc
1270 3579 1411 3634 enim
1443 3579 1510 3633 de
1543 3579 1643 3632 illis
1674 3579 1881 3649 opinio-

299 3691 420 3731 nem
461 3673 722 3740 induisse,
756 3673 1007 3728 nimirum
1041 3672 1162 3726 illos
1193 3671 1394 3726 violare
1426 3671 1594 3741 legem
1626 3670 1742 3736 Dei,
1775 3685 1878 3723 non

298 3769 416 3824 leve
445 3768 606 3824 habet
631 3766 698 3822 ad
729 3765 1127 3836 improbitatem
1156 3772 1506 3819 momentum.
1541 3765 1652 3834 Age
1683 3762 1842 3832 igitur
1861 3802 1877 3829 ,

296 3871 351 3918 et
378 3862 468 3916 illa
498 3860 880 3931 expendamus.
927 3858 1066 3912 Dixit
1107 3856 1352 3912 Christus
1373 3898 1388 3922 ,
1426 3855 1599 3910 Nolite
1626 3855 1882 3926 possidere

295 3969 500 4017 aurum,
546 3967 706 4022 neque
744 3959 1029 4022 argentum,
1076 3966 1231 4020 neque
1277 3949 1406 4002 duas
1453 3949 1668 4011 tunicas,
1725 3964 1884 4016 neque

295 4045 658 4105 calceamenta,
689 4059 790 4096 non
814 4058 1015 4106 zonam,
1048 4055 1150 4094 non
1178 4041 1372 4110 virgam
1399 4039 1415 4108 (
1448 4037 1633 4093 .llattlt.
1669 4039 1749 4094 10.
1781 4037 1878 4108 9).

295 4134 434 4202 Quid
453 4133 647 4205 igitur?
667 4133 752 4187 die
773 4131 902 4185 mihi
930 4149 941 4183 :
969 4147 1094 4185 num
1122 4130 1310 4185 Petrus
1339 4137 1522 4183 contra
1557 4138 1878 4200 praiccptum

296 4226 526 4281 iaciebat
543 4227 568 4278 ?
591 4223 859 4292 quomodo
881 4224 1023 4278 enim
1055 4238 1182 4287 non,
1207 4238 1328 4278 eum
1355 4232 1406 4276 ct
1435 4237 1620 4276 zonam
1660 4220 1882 4276 haberet

294 4325 349 4370 et
377 4315 756 4370 vestimentum
787 4325 840 4370 et
868 4313 1227 4368 calceamenta
1253 4313 1276 4366 ἶ)
1300 4312 1420 4365 audi
1447 4312 1590 4367 enim
1613 4311 1787 4381 angeli
1813 4310 1880 4365 ad

295 4406 472 4474 ipsum
521 4404 706 4470 verba,
757 4403 1094 4475 Prwcingere,
1142 4415 1190 4457 et
1231 4404 1401 4458 calceo
1444 4413 1490 4456 te
1534 4405 1723 4475 caligas
1768 4415 1881 4459 tuas

295 4500 454 4566 (Act.
495 4497 582 4551 l2.
612 4496 707 4568 8).
738 4497 1067 4566 Quamquam
1115 4493 1418 4564 hujusmodi
1464 4496 1766 4549 calceorum
1815 4511 1882 4549 ne

294 4605 486 4661 magna
517 4599 642 4645 tunc
668 4589 880 4658 quidem
920 4589 1102 4643 aderat
1133 4589 1424 4642 necessitas
1457 4605 1470 4640 :
1502 4603 1622 4641 nam
1653 4587 1743 4640 illo
1765 4586 1883 4656 qni-

294 4681 421 4736 dctn
446 4689 690 4750 tempore
718 4682 797 4735 vel
829 4679 986 4734 nudis
1010 4681 1086 4735 ire
1117 4679 1338 4750 pedibus
1366 4680 1489 4734 licet
1524 4698 1538 4734 :
1573 4678 1746 4734 hieme
1775 4690 1884 4733 tan~

296 4783 408 4828 tum
441 4773 730 4827 necessarii
770 4781 894 4827 sunt
927 4791 939 4826 :
971 4778 1207 4826 attamen
1249 4771 1445 4842 caligas
1491 4769 1696 4826 habuit.
1742 4769 1877 4838 Quid

293 4881 426 4921 vero
457 4864 694 4921 Paulus?
716 4865 849 4921 Cum
895 4867 959 4920 ad
997 4865 1333 4921 Timotheum
1362 4865 1603 4922 scribens
1627 4865 1876 4930 dixisset,

298 4957 512 5014 Festina
541 4968 657 5011 ante
699 4958 909 5011 hiemem
948 4957 1115 5012 venire
1140 4955 1232 5026 (2.
1262 4955 1393 5010 Tim.
1425 4955 1479 5013 4.
1507 4954 1569 5010 2|
1599 4955 1619 5027 )
1644 4997 1657 5022 ,
1686 4955 1883 5010 deinde

293 5049 547 5105 mandata
592 5049 703 5112 dat,
752 5057 910 5119 atque
961 5047 1152 5118 inquit,
1197 5047 1483 5113 Pennlam,
1516 5065 1667 5119 quant
1702 5045 1882 5118 reliqui

296 5140 500 5195 Troade
522 5141 661 5211 apud
687 5139 910 5212 Carpam
931 5180 946 5202 .
980 5139 1181 5194 ueniens
1210 5136 1340 5206 affer
1367 5148 1526 5191 tecum
1553 5180 1568 5204 ,
1598 5147 1644 5191 et
1682 5138 1836 5192 libros
1862 5179 1879 5204 ,

295 5229 519 5284 man'me
544 5236 712 5285 autem
757 5231 1076 5285 membranas
1103 5231 1122 5299 (
1148 5228 1231 5283 Ib.
1261 5246 1310 5284 υ.
1344 5229 1412 5284 l5
1435 5228 1477 5300 ).
1521 5228 1599 5284 En
1631 5229 1880 5298 penulam

294 5323 637 5389 memoravit,
667 5336 765 5377 nec
788 5322 1070 5393 quisquam
1091 5321 1306 5387 dixerit,
1336 5321 1492 5375 aliam
1523 5321 1597 5374 illi
1622 5336 1723 5374 nou
1747 5319 1882 5374 luis-

291 5427 389 5477 se,
435 5428 594 5484 quam
635 5420 892 5484 gestaret.
936 5411 1150 5467 Etenim
1194 5412 1238 5466 si
1269 5411 1488 5466 omnino
1533 5411 1720 5465 solitus
1767 5419 1885 5465 erat

292 5521 401 5561 non
433 5515 666 5575 gestare,
697 5519 1153 5574 supervacaneum
1180 5502 1337 5573 plane
1362 5509 1478 5557 erat
1503 5510 1557 5555 ut
1581 5502 1694 5556 lucc
1723 5501 1886 5555 alier-

293 5611 445 5657 vctur
467 5599 660 5668 jubere
690 5617 702 5651 :
737 5599 817 5652 sin
845 5607 1023 5652 autem
1059 5596 1173 5650 ﬁeri
1221 5595 1436 5666 nequit,
1471 5595 1594 5663 quin
1638 5593 1883 5662 gestarit,

295 5695 452 5750 aliam
481 5709 699 5764 quoque
739 5694 812 5748 illi
845 5693 1010 5750 fuisse
1036 5689 1375 5748 manifestum
1407 5698 1507 5744 est.
1538 5687 1673 5756 Quid
1716 5704 1844 5743 vero
1865 5729 1879 5755 ,

298 5787 437 5853 quod
469 5789 738 5858 integrum
766 5785 1040 5843 biennium
1073 5784 1124 5839 in
1169 5781 1498 5838 mercenaria
1528 5780 1709 5836 labore
1755 5793 1880 5833 con-

1249 334 1315 392 m
1355 333 1568 393 EPIST.
1610 334 1702 392 AD
1744 316 2028 391 mutare.
2068 336 2217 392 CAP.
2259 337 2322 392 ιι.
2363 337 2592 394 nomn.
2638 333 2730 394 Ix.

3460 347 3569 406 25%

1984 451 2180 507 tinuit?
2212 453 2353 522 Ergo
2383 457 2697 524 repugnavit
2723 455 2940 512 Christo
2971 473 3065 515 vas
3096 461 3224 516 illud
3264 463 3560 530 electionis,

1983 541 2073 596 ille
2100 543 2188 612 qui
2229 543 2444 598 diccbat
2469 586 2482 606 ,
2524 543 2645 599 Vivo
2670 557 2838 602 autent
2869 551 2982 619 jam
3016 569 3114 606 non
3147 570 3258 623 ego,
3301 555 3419 608 vivit
3449 573 3567 613 vero

1981 631 2033 685 in
2075 649 2153 686 me
2179 632 2408 689 Christus
2435 635 2455 705 (
2474 635 2590 691 Gal.
2618 638 2654 692 2
2699 637 2808 709 ‘20)
2832 641 2854 693 ?
2883 641 2968 696 ille
2993 642 3060 698 de
3105 659 3210 714 quo
3256 647 3567 704 testificatus

1981 733 2062 776 cst
2081 723 2345 791 Christus,
2373 728 2439 780 ita
2461 727 2665 795 dicens,
2693 731 2942 796 Quoniam
2963 751 3050 789 uas
3078 737 3333 794 electionis
3354 750 3426 794 est
3444 742 3567 794 mihi

1981 813 2418 886 iste(Act.9.t5)?
2439 817 2730 886 Oportebat
2750 837 2841 875 vos
2867 824 2915 875 in
2933 819 3374 884 haednbitatione
3399 831 3564 885 relin-

1981 915 2176 972 quere,
2210 906 2517 977 nullamque
2556 909 2746 965 aiicrre
2773 915 3085 982 quaestionis
3114 918 3520 988 explicationem
3547 965 3562 989 ,

1980 994 2074 1049 sed
2119 994 2256 1052 hanc
2294 1014 2324 1052 a
2376 1000 2525 1055 vobis
2568 1015 2778 1069 pugnam
2817 1003 3035 1076 exigere
3075 1020 3170 1076 pro
3214 1023 3310 1075 ea,
3360 1026 3463 1082 qua
3511 1013 3564 1068 in

1981 1086 2272 1157 Scripturis
2324 1091 2553 1157 utimini,
2602 1095 2918 1166 negligentia
2962 1116 2976 1151 :
3022 1099 3145 1156 inde
3190 1104 3331 1158 enim
3385 1107 3565 1159 omnia

1983 1181 2098 1237 hcce
2146 1183 2431 1240 exsistunt.
2471 1185 2758 1256 Propterea
2790 1189 2840 1243 in
2867 1191 3094 1246 aliorum
3128 1196 3358 1264 peccatis
3384 1197 3563 1252 acerbi

1983 1271 2323 1344 inquisitores
2362 1292 2568 1343 sumus,
2601 1278 2668 1335 de
2710 1281 2907 1336 nosuis
2944 1294 3122 1337 autem
3163 1297 3231 1340 ne
3269 1287 3564 1356 cogitamus

1982 1365 2219 1434 quidem,
2258 1370 2508 1438 quoniam
2536 1371 2839 1443 Scripturas
2879 1391 2984 1430 non
3017 1383 3284 1446 tenemus,
3314 1381 3563 1450 quoniam

1982 1455 2035 1512 in
2075 1457 2270 1514 divinis
2297 1459 2506 1531 legibus
2547 1479 2651 1518 non
2683 1465 2981 1522 erudimur.
3017 1467 3142 1522 Erat
3187 1470 3344 1540 igitur
3385 1469 3498 1527 haec
3535 1490 3565 1527 a

1983 1546 2136 1605 vobis
2162 1563 2318 1620 poena
2347 1555 2658 1622 repetenda.
2693 1555 2798 1612 Sed
2838 1559 2962 1628 quid
2991 1562 3188 1630 agant?
3217 1561 3374 1618 Pater
3401 1580 3517 1619 sum
3551 1584 3562 1619 ε

1982 1640 2146 1698 multa
2174 1642 2334 1698 etiam
2363 1645 2497 1700 ultra
2524 1687 2538 1710 ,
2568 1660 2723 1718 quam
2757 1657 2969 1718 oportet
2994 1692 3006 1714 ,
3039 1650 3160 1706 ﬁliis
3200 1655 3568 1723 gratificantur

1983 1743 2186 1805 patres,
2218 1735 2344 1791 dum
2373 1747 2593 1808 paterna
2623 1740 2858 1809 ipsorum
2888 1741 3220 1798 incalescunt
3248 1748 3483 1813 viscera;
3513 1758 3567 1804 et

1981 1825 2028 1880 si
2052 1827 2216 1882 tilium
2241 1830 2445 1884 tristem
2473 1843 2535 1885 ac
2557 1831 2917 1887 tabescentem
2937 1835 3164 1900 videant,
3189 1837 3332 1908 ipsos
3354 1856 3566 1912 quoque

1983 1916 2102 1986 plus
2126 1932 2286 1987 quam
2315 1918 2462 1973 illum
2495 1920 2676 1991 pungit
2705 1922 2878 1989 dolor,
2913 1939 3010 1979 nee
3048 1926 3352 1996 quiescunt,
3395 1929 3566 1987 donec
3653 1980 3660 1986 .

1984 2008 2232 2063 mazroris
2260 2023 2473 2064 causam
2497 2011 2831 2067 sustulerint.
2863 2012 3125 2070 Caeterum
3149 2017 3272 2073 licet
3312 2019 3414 2075 hoc
3441 2036 3566 2076 eve-

1983 2098 2143 2163 nerit,
2171 2098 2295 2154 licet
2320 2100 2590 2171 paulisper
2613 2115 2704 2157 vos
2735 2117 2964 2159 moerere
2991 2104 3207 2161 siverim
3229 2122 3293 2163 ex
3327 2125 3392 2164 eo
3423 2109 3567 2180 quod

1985 2190 2092 2247 non
2122 2195 2438 2265 acceperitis
2469 2215 2484 2251 ;
2516 2196 2785 2265 nimirum,
2819 2206 2877 2253 ut
2904 2199 3040 2255 bene
3067 2216 3208 2256 nunc
3239 2204 3530 2274 accipiatis.

2055 2285 2110 2340 6.
2139 2286 2273 2353 Quid
2298 2288 2456 2358 igitur
2476 2287 2760 2345 dicendum
2784 2291 2904 2346 est?
2925 2290 3042 2348 Non
3068 2305 3384 2366 repugnant,
3407 2297 3565 2364 absit,

1984 2377 2079 2432 scd
2107 2378 2257 2434 valde
2282 2382 2621 2435 consentiunt
2650 2398 2770 2436 cum
2800 2384 3081 2455 praeceptis
3109 2384 3305 2442 Christi
3331 2405 3343 2441 :
3370 2404 3570 2458 praece-

1987 2481 2072 2540 pta
2096 2471 2238 2526 enim
2267 2472 2354 2525 illa
2383 2472 2449 2526 ad
2477 2482 2684 2543 tempus
2705 2484 2932 2532 erantet
2954 2492 3058 2531 non
3089 2489 3364 2548 perpetua.
3387 2479 3568 2552 Nt'eque

1986 2560 2037 2616 id
2063 2576 2128 2616 ex
2155 2563 2482 2631 conjectura,
2510 2565 2602 2618 sed
2628 2580 2693 2620 cx
2719 2566 2914 2622 divinis
2939 2567 3228 2638 Scripturis
3254 2570 3396 2626 dico.
3425 2572 3570 2640 Quo-

1985 2652 2188 2707 modo?
2245 2654 2435 2709 Narrat
2479 2655 2651 2711 Lucas
2691 2655 2891 2714 dixisse
2933 2657 3204 2716 Christum
3254 2662 3565 2734 discipulis,

1989 2742 2205 2812 Quando
2236 2746 2347 2800 misi
2379 2763 2465 2801 vos
2488 2747 2598 2801 sine
2624 2751 2826 2803 sacculo
2851 2759 2897 2804 et
2925 2767 3047 2821 pera
3073 2762 3122 2806 et
3146 2770 3277 2808 zona
3300 2765 3349 2808 et
3375 2757 3568 2810 calcea-

1985 2837 2188 2905 mentis,
2211 2839 2456 2908 num‘quid
2483 2839 2678 2908 aliquid
2703 2841 2862 2910 defuit
2892 2843 3069 2897 vobis?
3096 2844 3162 2898 At
3192 2845 3268 2898 illi
3295 2846 3529 2901 dixerunt
3551 2889 3568 2914 ,

1989 2925 2138 2982 Nihil
2154 2927 2303 2999 (Luc.
2323 2928 2410 2982 22.
2429 2931 2518 2986 55.
2537 2930 2650 3002 56).
2673 2931 2816 3002 Ergo
2833 2933 3055 3002 posthac
3074 2935 3222 2991 vobis
3239 2950 3566 3007 comparate.

1985 3019 2089 3076 Sed
2142 3020 2270 3091 quid
2311 3021 2452 3078 facto
2493 3039 2626 3093 opus
2677 3025 2810 3079 fuit?
2828 3027 2914 3082 dic
2943 3027 3071 3081 mihi
3104 3043 3118 3094 ;
3157 3044 3314 3083 unam
3371 3029 3570 3087 habere

1987 3111 2259 3167 tunicam?
2289 3113 2425 3180 Quid
2454 3116 2620 3184 ergo?
2648 3131 2768 3170 cum
2811 3117 3033 3173 lavanda
3081 3118 3193 3174 haec
3228 3130 3343 3175 erat
3365 3163 3380 3189 ,
3423 3122 3568 3178 domi

1987 3203 2186 3258 nudum
2215 3204 2407 3260 sedere
2433 3207 2704 3274 oportuit,
2732 3207 2813 3262 vcl
2844 3208 3042 3263 nudum
3072 3210 3353 3266 circumire
3379 3229 3570 3270 ncces-

1986 3295 2143 3350 sitate
2173 3296 2428 3352 invitante
2450 3339 2464 3362 ,
2497 3298 2804 3368 nullamque
2829 3299 3009 3354 decori
3043 3301 3240 3358 habere
3267 3307 3572 3362 rationem?

1986 3387 2188 3456 Cogita,
2219 3388 2512 3456 cujusmodi
2542 3389 2594 3443 id
2639 3390 2846 3458 luisset,
2880 3392 3100 3448 Paulum
3127 3396 3217 3466 qui
3249 3397 3434 3453 orbem
3461 3409 3570 3454 ter-

1986 3494 2165 3533 rarum
2195 3479 2315 3534 ideo
2343 3480 2672 3550 peragrabat,
2705 3491 2761 3534 ut
2792 3491 2869 3536 tot
2895 3485 3149 3553 praeclara
3178 3502 3337 3556 opera
3365 3490 3570 3555 ederet,

1988 3569 2163 3637 inopia
2196 3569 2358 3624 vestis
2387 3579 2627 3626 coactum
2659 3571 2802 3626 domi
2843 3574 3031 3629 sedere
3056 3616 3070 3640 ,
3116 3591 3179 3630 ac
3211 3579 3369 3632 tantis
3405 3579 3569 3634 rebus

1986 3660 2422 3731 impedimentum
2462 3660 2660 3716 alierri.
2706 3662 2841 3729 Quid
2883 3680 3011 3720 vero
3037 3707 3051 3731 ,
3083 3667 3129 3720 si
3160 3667 3452 3725 vehemens
3486 3671 3570 3725 in-

1983 3754 2218 3824 gruisset
2257 3753 2429 3808 hiems
2448 3794 2462 3818 ,
2489 3769 2551 3808 ac
2582 3755 2802 3823 pluisset
2829 3766 2919 3810 aut
2949 3757 3108 3812 etiam
3139 3760 3528 3830 conglaciassct
3551 3803 3569 3829 ,

1986 3843 2256 3916 quomodo
2291 3859 2409 3900 eam
2445 3845 2646 3903 siccare
2685 3847 2960 3902 licuisset?
2997 3865 3123 3904 num
3157 3866 3338 3906 rursus
3369 3853 3569 3909 nudum

1987 3936 2178 3992 sedere
2205 3937 2477 4007 oportuit?
2513 3936 2638 4008 quid
2667 3954 2814 4002 vero,
2850 3940 2893 3994 si
2921 3939 3132 4011 frigoris
3158 3941 3209 3996 vi
3240 3958 3433 4014 corpus
3459 3947 3572 4001 col-

1988 4025 2289 4094 laberctur,
2323 4043 2447 4082 nunt
2478 4028 2856 4085 tabescendum
2887 4029 2984 4086 fuit
3009 4041 3168 4102 atque
3192 4032 3570 4091 obmutescen—

1987 4118 2149 4173 dum?
2171 4119 2246 4175 Ne
2272 4123 2413 4176 enim
2445 4133 2595 4192 putes
2623 4123 2960 4179 adamantina
2989 4125 3092 4180 illis
3118 4125 3282 4182 fuisse
3308 4143 3532 4198 corpora
3556 4146 3572 4183 :

1987 4214 2108 4270 audi
2133 4213 2256 4286 quid
2280 4216 2346 4270 dc
2367 4215 2649 4269 Timotheo
2672 4217 2829 4281 dicat,
2852 4216 3057 4271 Modico
3079 4220 3191 4272 vino
3212 4229 3350 4274 utere
3366 4232 3572 4291 propter

1987 4309 2302 4362 stontacltutn
2323 4319 2481 4370 tuum,
2500 4317 2548 4359 et
2571 4309 2850 4376 frequentes
2867 4318 2980 4362 tuas
3001 4309 3317 4376 inﬁrmitates
3338 4313 3412 4382 (l.
3435 4312 3570 4369 Tim.

1988 4401 2041 4455 5.
2071 4400 2142 4453 95
2167 4399 2217 4469 );
2249 4414 2312 4454 ac
2354 4414 2538 4453 rursus
2566 4399 2632 4452 dc
2670 4400 2838 4453 altero
2858 4440 2874 4464 ,
2909 4399 3264 4455 Necessarium
3293 4406 3574 4459 existimaui

1989 4492 2183 4546 mittere
2209 4489 2275 4544 ad
2302 4507 2386 4545 vos
2411 4502 2626 4545 vestrum
2653 4491 2960 4558 opastolum,
2985 4500 3032 4545 et
3055 4492 3338 4548 ministrum
3359 4498 3568 4548 necessi-

1991 4585 2106 4639 tatis
2135 4599 2275 4639 meaa.
2309 4582 2449 4637 Nam
2475 4593 2520 4637 et
2549 4583 2836 4652 iit/innatus
2858 4592 2930 4636 est
2952 4599 3107 4652 usque
3126 4583 3194 4635 ad
3213 4593 3420 4638 mortem
3444 4601 3463 4638 :
3483 4587 3572 4640 sed

1989 4677 2126 4734 Deus
2157 4678 2386 4733 misertus
2423 4685 2496 4730 est
2524 4676 2633 4746 ejus
2665 4691 2683 4728 :
2708 4691 2806 4728 non
2836 4675 2999 4728 solum
3030 4683 3194 4728 autent
3219 4675 3330 4746 ejus
3353 4718 3371 4744 ,
3403 4693 3572 4731 rerum

1988 4772 2138 4826 etiam
2166 4780 2212 4825 et
2239 4769 2336 4822 mei
2357 4767 2614 4838 (Philipp.
2641 4766 2691 4819 2.
2722 4767 2811 4821 ‘25.
2839 4765 2955 4835 27).
2987 4765 3166 4834 Itaque
3189 4767 3358 4822 cuivis
3383 4769 3574 4824 morbo

1989 4872 2149 4933 atque
2171 4859 2515 4915 iuvaletudini
2538 4866 2692 4914 erant
2711 4857 2955 4927 expositi.
2979 4856 3113 4924 Quid
3132 4856 3324 4928 igitur?
3344 4873 3576 4928 pereun-

1989 4955 2186 5010 dumne
2213 4955 2316 5010 illis
2340 4952 2492 5008 erat?
2520 4951 2880 5020 Nequaquam.
2909 4948 3044 5018 Quid
3073 4948 3232 5019 igitur
3252 4964 3428 5004 causa:
3451 4957 3576 5005 tunc

1990 5048 2090 5102 fuit
2108 5062 2205 5102 cur
2227 5047 2277 5101 id
2305 5044 2655 5116 praeciperet?
2678 5044 2976 5099 Potentiam
2999 5057 3150 5098 suam
3168 5042 3378 5098 volebat
3396 5051 3548 5097 osten
3562 5070 3578 5086 ο

1989 5139 2141 5205 dere,
2168 5138 2327 5208 idque
2353 5146 2532 5207 postea
2559 5135 2718 5191 etiam
2745 5136 2980 5206 praestari
3005 5150 3034 5188 a
3059 5150 3118 5190 se
3140 5149 3317 5206 posse.
3339 5134 3449 5188 Cur
3469 5147 3576 5190 non

1993 5227 2273 5300 praestitit?
2317 5228 2483 5282 Multo
2526 5238 2680 5283 erant
2725 5223 2777 5279 hi
2816 5225 3242 5280 admirabiliores
3283 5222 3575 5293 lsraelitis,

1989 5337 2214 5393 quorum
2247 5329 2422 5375 tamen
2453 5334 2626 5389 nequc
2653 5317 2815 5373 calcei
2845 5330 3018 5386 neque
3043 5322 3220 5370 vestes
3252 5329 3349 5370 usu
3378 5330 3574 5370 consuo

1992 5406 2273 5462 mebautur
2294 5422 2308 5459 :
2327 5418 2645 5474 quamquam
2673 5401 3016 5457 solitudinem
3041 5398 3186 5454 illam
3211 5409 3574 5470 pcragrarent,

1992 5500 2078 5556 uhi
2107 5499 2438 5554 ardentiores
2467 5495 2769 5550 incidebant
2794 5495 2922 5548 solis
2951 5492 3116 5559 radii,
3145 5491 3233 5564 qui
3261 5493 3343 5548 vel
3375 5491 3579 5562 lapides

1993 5594 2138 5662 ipsos
2164 5599 2382 5660 pas-seut
2409 5589 2459 5643 in
2488 5589 2723 5664 cinerem
2755 5597 2980 5642 vertere.
3011 5584 3124 5651 Qua
3152 5585 3312 5656 igitur
3329 5584 3397 5640 de
3416 5597 3576 5641 causa

1993 5684 2094 5738 hoc
2125 5683 2286 5737 fecit?
2315 5681 2410 5738 Tui
2439 5696 2618 5736 causa.
2650 5679 2780 5735 Nam
2809 5681 3061 5751 quoniam
3094 5677 3330 5732 futurum
3349 5686 3494 5741 crat,
3521 5687 3580 5732 ut

1996 5793 2098 5833 non
2141 5783 2401 5846 perpetuo
2440 5762 2684 5840 valeres,
2713 5775 2805 5831 scd
2849 5775 3067 5830 vulnera
3108 5765 3408 5842 accipereS;
3451 5783 3578 5840 pro-
