4044 6202
415 279 525 337 ⁸255

419 401 598 462 pterca
637 386 938 442 facultatem
975 379 1069 437 tibi
1110 377 1617 434 medicamentorum
1645 368 2002 462 parandarum

421 459 647 554 praabuit
675 496 688 532 :
717 475 858 549 quod
898 473 1022 530 hinc
1050 470 1180 527 satis
1208 475 1457 523 constare
1495 469 1690 554 potest.
1731 459 1999 554 Dic‘enim

423 546 574 637 inihi,
603 546 783 626 annon
810 567 925 636 ipse
955 570 1161 634 poterat
1190 559 1310 612 illos
1341 553 1583 610 nutrire?
1617 549 1885 622 quomodo
1913 546 2000 618 qui

423 665 517 720 tibi
539 658 907 735 praevaricanti
929 655 1096 719 dedit,
1121 651 1281 706 Paulo
1305 665 1408 704 non
1429 645 1614 701 daret?
1635 643 1723 715 qui
1749 639 2002 697 lsraelitis

423 733 574 814 dedit
623 749 1105 809 murmuratoribus
1131 786 1146 811 ,
1191 740 1612 806 scortatoribus,
1661 733 1958 791 idololatris
1985 772 2002 799 ,

427 863 604 904 nonne
647 845 815 901 multo
861 841 1030 910 magis
1075 837 1236 893 Petro
1278 833 1652 905 permitteret,
1691 827 1782 899 qui
1828 826 2009 880 omnia

429 949 645 1010 propter
689 936 862 1007 ipsum
907 929 1239 1000 reliquerat?
1281 927 1371 994 qui
1400 923 1674 980 sceleratis
1703 918 2010 1010 hominibus

428 1009 746 1100 potestatem
789 1022 1015 1079 habendi
1056 1020 1181 1075 fecit
1207 1060 1225 1086 ,
1263 1034 1369 1073 non
1412 1016 1580 1071 multo
1619 1013 1787 1084 magis
1814 1009 2009 1066 Joanni

428 1119 812 1190 gratiiicaretur
835 1156 851 1181 ,
895 1113 984 1184 qui
1023 1111 1138 1180 ejus
1169 1123 1330 1164 causa
1363 1116 1564 1176 patrem
1596 1117 1808 1174 quoque
1837 1102 2011 1172 ipsum

430 1207 757 1281 reliquerat?
795 1207 1042 1260 Attamen
1075 1201 1284 1265 noluit,
1316 1198 1408 1254 sed
1439 1213 1532 1268 per
1561 1205 1611 1252 te
1639 1196 1782 1264 ipsos
1810 1194 2011 1256 nutrit,

433 1308 490 1354 ut
529 1308 584 1354 tu
615 1295 982 1353 sanctiﬁceris.
1028 1291 1095 1346 Et
1128 1289 1490 1345 animadverte
1518 1285 1646 1340 mihi
1677 1283 2016 1354 benignitatis

433 1386 889 1460 exsuperantiam.
935 1383 1121 1440 Voluit
1159 1380 1448 1450 discipulos
1486 1392 1613 1432 suos
1646 1389 1804 1446 egere
1828 1415 1844 1440 ,
1875 1383 1932 1427 ut
1963 1382 2017 1426 tu

435 1480 819 1552 aliquantulum
858 1478 1171 1548 respirares.
1203 1473 1310 1531 Sed
1339 1472 1384 1527 si
1422 1471 1541 1526 illos
1577 1469 1777 1526 nullius
1811 1466 2020 1536 indiges

439 1573 794 1644 praestitisset,
827 1570 1028 1640 inquit,
1056 1567 1222 1623 multo
1249 1580 1378 1620 sane
1408 1561 1831 1618 admirabiliores
1859 1559 2020 1613 futuri

441 1669 634 1726 erant,
667 1659 832 1715 multo
858 1657 1131 1715 clariores.
1164 1657 1234 1710 At
1262 1653 1421 1708 saluti
1461 1661 1563 1707 tua:
1593 1650 1891 1707 subsidium
1921 1647 2018 1702 de-

442 1760 669 1807 tractum
691 1757 854 1805 esset.
879 1748 1055 1803 Noluit
1078 1747 1236 1818 igitur
1261 1745 1382 1800 illos
1405 1743 1518 1798 ﬁeri
1544 1740 1902 1804 admirabiles,
1927 1737 2021 1793 sed

445 1842 632 1896 maluit
671 1839 908 1911 indigere
932 1880 947 1906 ,
977 1848 1033 1893 ut
1063 1848 1119 1892 tu
1144 1838 1370 1893 salutem
1398 1832 1722 1890 nanciscaris
1747 1874 1761 1900 ,
1791 1840 1845 1887 et
1867 1845 2025 1900 egere

443 1933 562 1989 illos
591 1948 779 2005 passus
803 1941 886 1988 est
907 1972 923 1997 ,
956 1940 1014 1987 ut
1044 1940 1098 1986 tu
1125 1930 1352 1986 salutem
1379 1927 1635 1997 consequi
1675 1938 1878 1996 posses.
1907 1922 2023 1977 Non

444 2028 588 2082 enim
613 2040 767 2096 a-que
788 2039 847 2079 se
867 2023 1226 2080 venerandum
1254 2021 1456 2092 praibet
1479 2020 1665 2074 doctor
1687 2016 1777 2088 qui
1801 2015 2024 2086 accipit;

445 2116 541 2172 sed
568 2116 657 2170 ille
683 2115 1020 2186 potissimum
1046 2112 1247 2168 honore
1274 2110 1524 2174 afﬁcitur,
1551 2108 1641 2179 qui
1668 2122 1774 2162 non
1799 2105 2026 2176 accipit:

446 2221 629 2262 verum
677 2206 882 2260 interea
918 2218 1026 2258 non
1063 2201 1278 2272 juvatur
1317 2199 1632 2271 discipulus,
1666 2196 1759 2253 sed
1800 2197 2027 2251 fructum

449 2295 834 2354 amittit.Vides
857 2293 1170 2367 sapientiam
1187 2292 1462 2348 hominum
1484 2281 1714 2345 amantis
1740 2287 1871 2343 Dei?
1899 2286 2028 2342 Nam

451 2387 899 2460 quemadmodum
928 2388 1042 2459 ipse
1080 2386 1351 2457 propriam
1375 2384 1596 2455 gloriam
1630 2398 1734 2438 non
1766 2382 2028 2452 quaesivit,

451 2496 551 2538 nec
576 2495 671 2535 sua
700 2481 979 2550 spectavit,
1007 2476 1100 2534 sed
1130 2492 1250 2532 cum
1277 2476 1330 2532 in
1359 2475 1529 2546 gloria
1559 2482 1722 2541 esset,
1746 2471 1915 2528 voluit
1945 2481 2034 2525 tua

451 2587 610 2627 causa
649 2571 768 2627 vilis
798 2570 949 2637 ﬁeri;
981 2569 1120 2626 idem
1146 2569 1308 2624 etiam
1344 2567 1398 2622 in
1427 2565 1734 2622 doctoribus
1769 2564 2032 2629 servavit;
2072 2623 2076 2627 ,

455 2672 514 2718 ιιι
553 2678 676 2718 cum
716 2677 811 2719 eos
850 2661 1183 2718 venerandos
1229 2670 1486 2732 praestare
1529 2668 1746 2730 posset,
1789 2657 2037 2712 maluerit

439 2754 688 2823 abiectos
713 2767 832 2809 esse
857 2761 946 2809 tua
972 2767 1132 2808 causa
1157 2793 1175 2821 ,
1205 2760 1262 2807 ut
1294 2758 1351 2806 tu
1375 2749 1602 2806 haberes
1629 2748 1769 2804 unde
1797 2747 2030 2803 ditesce-

1189 269 1247 324 S.
1287 263 1563 324 JOANNIS
1597 255 2070 318 CIIRYSOSTOMI
2109 255 2424 313 ARClllEP.
2465 253 2999 312 CONSTANTINOP.

3581 259 3684 320 256

2111 381 2198 421 res
2237 383 2250 419 :
2293 373 2350 420 nt
2389 363 2686 419 abundares
2715 366 2856 422 enim
2887 365 2940 419 in
2981 363 3372 434 spiritualibus,
3405 377 3682 438 propterea

2105 456 2196 512 ille
2215 465 2336 526 eget
2358 456 2409 510 in
2439 456 2525 522 iis,
2547 471 2667 525 qua:
2691 455 2758 510 ad
2785 455 2920 510 hanc
2941 457 3102 510 vitam
3129 457 3417 526 pertinent.
3444 459 3685 516 Potuisse

2105 547 2264 618 igitur
2311 549 2475 602 Deum
2523 546 2642 601 illos
2685 547 2882 602 nullius
2925 546 3131 618 indiges
3175 557 3469 618 prarstare,
3507 551 3694 607 multis.

2106 639 2433 709 argumentis
2463 637 2621 692 docui
2648 655 2663 691 :
2695 646 2782 692 tua
2816 648 2990 693 tamen
3022 653 3185 694 causa
3214 639 3264 693 in
3296 650 3533 710 egestate
3563 643 3691 696 reli-

2107 739 2224 784 ctos
2260 743 2380 784 esse
2417 728 2663 784 similiter
2695 739 2970 784 ostensum
2997 737 3100 785 est.
3144 731 3268 787 limo
3307 731 3465 801 igitur
3491 748 3697 803 cogno-

2110 830 2340 887 scentes,
2372 835 2476 876 non
2503 820 2570 875 ad
2599 822 2989 887 accusationes,
3017 822 3111 878 sed
3137 823 3204 877 ad
3230 823 3485 879 beneﬁcia
3511 827 3698 880 confe-

2113 915 2278 970 renda
2323 929 2421 970 nos
2460 925 2834 970 convertamus
2867 933 2881 968 ε
2911 929 3016 970 non
3053 916 3276 970 aliorum
3312 917 3450 970 mala
3481 919 3698 973 curiose

2113 1016 2433 1071 scrutemur,
2458 1006 2549 1060 sed
2577 1017 2756 1062 nostra
2785 1021 3159 1062 recenseamus
3183 1025 3197 1062 :
3219 1008 3445 1063 aliormn
3475 1010 3698 1065 benefa-

2115 1110 2199 1156 cta
2221 1101 2536 1170 cogitemus,
2559 1098 2628 1155 de
2649 1101 2845 1155 nostris
2865 1108 3044 1155 autem
3067 1102 3297 1171 peccatis
3319 1104 3696 1172 recogitemus,

2117 1201 2276 1263 atque
2317 1194 2386 1248 ita
2420 1192 2746 1262 placebimus
2773 1193 2900 1246 Deo.
2942 1190 3073 1246 Nam
3101 1193 3190 1262 qui
3225 1194 3450 1248 aliorum
3481 1196 3696 1265 quidem

2119 1293 2334 1355 peccata
2366 1283 2506 1338 videt
2535 1324 2550 1350 ,
2592 1292 2646 1338 et
2689 1297 2785 1337 sua
2830 1289 2973 1338 recte
3017 1282 3154 1338 facta
3178 1325 3194 1350 ,
3225 1283 3419 1353 duplex
3448 1287 3699 1341 damnum

2120 1385 2402 1445 reportat:
2438 1373 2520 1428 his
2558 1373 2700 1428 enim
2742 1373 2792 1427 in
2833 1375 3188 1442 arrogantiam
3233 1375 3468 1440 tollitur,
3502 1378 3608 1432 illis
3650 1382 3700 1434 in

2121 1464 2502 1535 negligentiam
2527 1464 2732 1519 incidit.
2761 1465 2895 1518 Dum
2921 1465 3064 1520 enim
3090 1464 3346 1536 cogitabit
3371 1465 3518 1520 illum
3544 1477 3704 1537 atque

2124 1557 2276 1612 illum
2305 1570 2575 1626 peccasse,
2601 1555 2752 1610 facile
2778 1563 2833 1610 et
2861 1555 2975 1625 ipse
3002 1556 3240 1624 peccabit
3264 1573 3276 1611 :
3301 1555 3426 1610 dum
3453 1558 3707 1626 cogitabit

2125 1663 2184 1704 se
2209 1649 2348 1704 bene
2371 1647 2550 1702 ofﬁcio
2577 1647 2814 1702 functum
2837 1688 2852 1714 ,
2885 1647 3039 1702 facile
3064 1649 3312 1717 superbia
3339 1648 3610 1705 eﬂ‘enetur.
3639 1653 3708 1704 At

2127 1739 2217 1811 qui
2257 1754 2352 1794 sua
2393 1739 2608 1810 quidem
2653 1748 2797 1794 recte
2840 1739 2974 1793 facta
3014 1739 3269 1795 oblivioni
3305 1741 3561 1808 mandat,
3594 1743 3708 1797 sola

2128 1839 2305 1885 autem
2350 1839 2566 1899 peccata
2597 1838 2872 1899 aspectat,
2901 1830 3126 1886 aliorum
3155 1846 3285 1888 vero
3313 1847 3418 1887 non
3449 1819 3665 1904 peccata
3691 1875 3708 1902 ,

2129 1920 2224 1976 sed
2249 1920 2432 1975 virtuti
2463 1933 2852 1976 consentaneas
2880 1923 3119 1980 actiones
3142 1924 3380 1981 studiose
3405 1937 3677 1981 scrutatur
3693 1967 3710 1992 ,

2130 2011 2312 2066 multis
2354 2010 2528 2065 modis
2573 2010 2781 2067 lucrum
2824 2011 3003 2068 faciet.
3051 2013 3363 2082 Quomodo,
3403 2017 3547 2072 audi.
3576 2017 3711 2072 Nam

2133 2121 2251 2162 cum
2293 2106 2444 2160 illum
2489 2117 2635 2162 reete
2672 2121 2732 2161 se
2765 2107 2995 2178 gessisse
3021 2108 3247 2177 viderit,
3279 2109 3620 2166 aemulatione
3645 2113 3713 2166 ad

2135 2196 2446 2252 imitandum
2492 2205 2769 2263 movetur;
2799 2212 2920 2252 cum
2951 2212 3011 2252 se
3040 2213 3291 2267 peccasse
3317 2199 3717 2257 animadverte-

2136 2289 2230 2354 rit,
2261 2287 2502 2342 demittet
2537 2287 2808 2355 animum,
2839 2302 2904 2342 ac
2931 2289 3244 2344 modestiam
3282 2290 3532 2346 tuebitur.
3569 2293 3717 2348 llaiie

2138 2380 2396 2434 rationem
2426 2379 2469 2434 si
2502 2387 2798 2445 teneamus,
2829 2389 2986 2450 atque
3015 2380 3114 2436 hoc
3139 2382 3297 2437 modo
3327 2394 3506 2439 nostra
3530 2385 3717 2454 dispu-

2140 2485 2348 2534 namus,
2383 2473 2641 2541 promissa
2675 2473 2966 2542 peterimus
2991 2477 3248 2547 consequi
3272 2477 3407 2531 bona
3426 2518 3440 2542 ,
3469 2479 3636 2546 gratia
3663 2488 3718 2534 et

2141 2563 2467 2635 benignitate
2496 2566 2704 2620 Domini
2729 2570 2898 2622 nostri
2924 2567 3050 2622 Jesu
3071 2569 3291 2636 Christi,
3312 2571 3395 2624 cui
3418 2587 3536 2625 ctnn
3562 2573 3719 2627 Patre

2141 2666 2196 2712 ct
2233 2658 2430 2728 Spiritu
2461 2669 2646 2714 sancto
2671 2661 2841 2731 gloria
2864 2701 2881 2728 ,
2911 2662 3189 2732 imperium
3215 2705 3231 2732 ,
3262 2665 3433 2720 honor
3455 2707 3470 2731 ,
3501 2682 3640 2721 nunc
3665 2677 3725 2722 et

2141 2761 2354 2819 semper
2373 2789 2389 2816 ,
2418 2757 2472 2804 et
2501 2749 2552 2803 in
2581 2751 2774 2807 swcula
2801 2754 3140 2810 saeculorum.
3171 2755 3363 2811 Amen.

3654 2896 3718 2906 -

1903 2958 2249 3022 HOMILIA
2291 2963 2375 3024 X.

459 3109 588 3167 CAP.
628 3110 683 3164 5.
721 3123 772 3164 v.
818 3109 864 3164 l.
907 3105 986 3162 De
1011 3116 1223 3173 cwtero,
1254 3109 1435 3178 fratres
1463 3105 1558 3158 ntei
1579 3146 1593 3171 ,
1615 3103 1830 3175 gaudete
1854 3103 1908 3158 in
1933 3101 2042 3157 Do-

531 3199 688 3253 mino.
719 3197 911 3252 Eadem
932 3198 1067 3252 vobis
1087 3199 1301 3252 scribere
1321 3196 1444 3248 mihi
1465 3196 1664 3265 quidem
1687 3212 1784 3248 non
1807 3195 2038 3266 pigrum,

533 3293 670 3347 vobis
709 3301 877 3346 autent
923 3301 1104 3346 tutnnt.
1144 3290 1200 3345 2.
1250 3290 1425 3345 Videte
1471 3307 1619 3344 canes
1643 3332 1657 3356 ,
1688 3289 1847 3343 vidi-te
1883 3290 2044 3344 malos

533 3384 792 3454 operarios
817 3424 832 3450 ,
860 3383 1020 3437 uidete
1061 3382 1414 3436 roncisionem.
1460 3383 1514 3437 5.
1561 3381 1670 3436 Nos
1711 3381 1843 3435 enim
1872 3397 2044 3434 sumus

532 3476 845 3530 circumcisio
866 3516 880 3540 ,
910 3475 995 3546 qui
1020 3475 1202 3545 spiritu
1230 3473 1340 3528 Deo
1369 3475 1610 3527 servimus
1637 3514 1652 3538 ,
1693 3483 1739 3527 et
1768 3474 2046 3545 gloriamur

534 3568 588 3620 in
614 3566 814 3620 Christo
839 3565 994 3631 Iesu,
1028 3575 1073 3619 et
1098 3582 1200 3618 non
1228 3567 1281 3618 in
1309 3581 1460 3618 carne
1485 3565 1726 3632 ﬁduciam
1752 3565 2007 3619 habentes.

540 3661 591 3711 t.
631 3657 888 3712 Maerores
917 3665 972 3711 et
1000 3655 1387 3712 sollicitudines
1409 3697 1424 3722 ,
1455 3671 1576 3711 cum
1606 3664 1802 3727 praeter
1829 3656 2046 3711 modum

466 3748 699 3802 animam
735 3748 1079 3815 distrahunt,
1109 3763 1208 3803 suo
1236 3748 1430 3802 robore
1467 3747 1609 3801 illam
1651 3749 1878 3817 privant.
1912 3749 2049 3803 Pro-

470 3848 654 3908 pterea
697 3838 891 3892 Paulus
935 3838 1095 3892 etiam
1121 3879 1138 3904 ,
1181 3851 1301 3892 cum
1345 3837 1712 3906 Philippenses
1760 3838 1811 3892 in
1836 3823 2050 3908 magno

471 3945 702 3988 nunrore
748 3937 967 3992 essent,
1015 3942 1108 3981 eos
1151 3928 1348 3983 excitat
1394 3936 1448 3982 et
1489 3927 1708 3982 relevat.
1757 3928 2051 3984 Mmrcbant

469 4031 646 4077 autem
667 4062 683 4089 ,
714 4020 857 4091 quod
881 4019 1148 4091 quomodo
1174 4035 1234 4075 se
1263 4033 1349 4074 res
1380 4019 1525 4074 Pauli
1559 4019 1814 4075 haberent
1841 4022 2051 4090 ignora-

472 4115 633 4180 bant;
663 4112 959 4169 maerebant
978 4153 993 4178 ,
1034 4111 1176 4182 quod
1208 4111 1379 4181 ipsum
1410 4111 1607 4166 abiisse
1632 4111 2047 4176 existimabant;

473 4205 774 4261 maerebant
799 4203 868 4258 ob
892 4202 1353 4273 praedicationem,
1383 4201 1453 4256 ob
1478 4199 1919 4270 Epaphroditum.
1950 4199 2052 4271 Igi-

471 4307 558 4352 tur
584 4296 650 4351 de
679 4295 926 4351 omnibus
957 4293 1039 4348 his
1069 4293 1229 4349 rebus
1257 4293 1494 4347 animum
1526 4293 1629 4346 illis
1656 4292 1895 4362 explens,
1926 4293 2054 4348 sub-

467 4390 644 4461 jungit
673 4405 686 4441 :
718 4387 792 4442 De
818 4396 1016 4451 caetero,
1049 4390 1231 4457 fratres
1260 4385 1380 4452 mei,
1410 4386 1644 4457 gaudete.
1676 4385 1790 4440 Non
1822 4387 2049 4455 habetis,

475 4480 663 4551 inquit,
684 4478 924 4549 posthac,
943 4492 1038 4533 cur
1057 4478 1329 4532 mmreatis
1348 4493 1362 4530 :
1383 4477 1588 4532 habetis
1609 4479 2047 4548 Epaphroditum,

471 4574 541 4627 ob
583 4587 741 4643 quem
776 4569 1072 4635 dolebatis;
1117 4568 1323 4622 habetis
1359 4569 1729 4635 Timotheum;
1762 4585 1861 4640 ego
1889 4573 2048 4645 etiam

471 4663 697 4717 advenio
717 4661 1077 4730 :evangelium
1101 4659 1360 4730 procedit.
1383 4659 1519 4725 Quid
1538 4663 1649 4729 jam
1670 4660 1818 4714 vobis
1840 4661 2052 4715 deﬁcit?

474 4755 719 4810 Gaudete.
751 4755 829 4808 Ac
856 4754 1069 4809 Galatas
1097 4753 1311 4822 quidem
1341 4752 1478 4806 ﬁlios
1508 4762 1658 4807 vocat
1683 4751 1824 4823 (Gal.
1852 4753 1905 4806 4.
1936 4754 2048 4823 l9),

473 4849 573 4903 hos
602 4854 778 4902 autem
807 4846 1020 4900 fratres.
1055 4845 1186 4899 Nam
1211 4846 1646 4915 quoﬁescumqne
1676 4846 1756 4899 vel
1785 4847 2051 4916 corrigere

471 4938 672 5009 aliquid
709 4937 822 4992 vult
857 4936 943 4991 vel
973 4935 1346 4991 vehementem
1371 4937 1570 4990 amoris
1598 4935 1842 4991 allectum
1873 4948 2052 4993 esten-

471 5031 625 5099 dere,
651 5031 789 5086 ﬁlios
810 5039 962 5083 vorat
987 5046 1000 5082 :
1019 5044 1081 5084 ac
1102 5044 1221 5084 cum
1244 5030 1364 5100 plus
1386 5029 1607 5085 honoris
1630 5032 1712 5098 iis,
1737 5032 2051 5100 quibuscum

477 5125 642 5180 verba
667 5124 811 5187 facit,
838 5121 1138 5177 habendutn
1164 5131 1267 5189 est,
1299 5122 1510 5178 fratres.
1541 5121 1620 5177 De
1645 5133 1843 5190 caetero,
1872 5128 2055 5196 fratres

478 5215 575 5269 mei
599 5256 615 5281 ,
643 5215 846 5286 inquit,
873 5212 1085 5284 gaudete
1111 5212 1165 5266 in
1192 5210 1432 5266 Domino.
1465 5212 1628 5268 Recte
1655 5213 1818 5279 dixit,
1850 5212 1914 5267 In
1945 5213 2050 5267 Do-

475 5306 613 5359 mino
637 5344 652 5370 ,
681 5319 787 5359 non
825 5303 1095 5359 mundano
1132 5302 1326 5374 gaudio
1356 5323 1369 5358 :
1402 5319 1520 5357 nam
1555 5303 1653 5357 hoc
1683 5319 1787 5358 non
1814 5315 1894 5358 est
1921 5322 2053 5374 gau-

474 5395 626 5452 dere.
675 5393 948 5450 Erumnze
971 5436 988 5461 ,
1019 5395 1227 5465 inquit,
1270 5410 1396 5464 quae
1429 5395 1721 5450 secundum
1749 5394 2052 5464 Christum,

477 5483 606 5554 ipsa:
635 5484 883 5555 gaudium
912 5485 1126 5540 habent.
1161 5485 1353 5540 Eadem
1379 5485 1516 5541 vobis
1540 5487 1755 5543 scribere
1781 5489 1903 5544 mihi
1938 5489 2055 5560 qui-

472 5577 586 5629 dem
627 5593 728 5631 non
769 5576 1010 5647 pigrum,
1049 5577 1186 5632 vobis
1227 5589 1395 5634 autem
1435 5588 1620 5634 tutunt.
1670 5577 1842 5634 Videte
1881 5597 2047 5634 canes.

475 5666 634 5723 Vides
661 5684 764 5724 non
787 5668 901 5733 ipso
923 5669 1146 5726 exordio
1174 5669 1438 5727 inductam
1462 5687 1580 5728 esse
1605 5669 2043 5738 admonitionem,

2147 3106 2241 3162 sed
2273 3117 2553 3179 postquam
2584 3109 2703 3167 illos
2731 3111 2910 3167 multis
2939 3113 3242 3170 nominibus
3271 3115 3539 3182 laudavit,
3573 3125 3730 3189 post-

2147 3214 2303 3266 quam
2329 3203 2586 3271 suSpexit,
2612 3211 2735 3257 tunc
2757 3203 2860 3259 hoc
2884 3203 3029 3274 facit,
3051 3220 3113 3260 ac
3138 3221 3322 3262 rursus
3341 3207 3499 3262 etiam
3523 3207 3726 3264 laudat.

2150 3285 2439 3344 Videbatur
2467 3293 2609 3345 enim
2653 3292 2753 3347 hoc
2781 3294 3037 3350 orationis
3063 3311 3233 3367 genus
3259 3311 3379 3354 esse
3406 3297 3684 3356 molestius
3710 3313 3725 3349 :

2148 3380 2494 3448 quamobrem
2533 3382 2766 3454 undique
2796 3385 2945 3440 lenit.
2985 3385 3131 3453 Quos
3158 3397 3332 3443 autem
3362 3388 3491 3443 dicit
3517 3404 3680 3444 canes
3705 3389 3731 3442 .’
3777 3456 3779 3458 _

2152 3469 2248 3526 llic
2267 3481 2420 3526 erant
2435 3472 2615 3544 aliqui,
2641 3491 2775 3544 quos
2800 3476 2852 3530 in
2873 3479 3121 3532 omnibus
3143 3479 3384 3548 epistolis
3403 3479 3728 3545 subindicat,

2149 3561 2343 3630 Judaei,
2372 3565 2587 3635 impuri,
2612 3568 2944 3636 exsecrandi,
2971 3570 3138 3639 turpis
3164 3570 3293 3624 lucri
3321 3580 3376 3626 et
3400 3572 3731 3642 principatus

2151 3655 2351 3725 cupidi,
2379 3657 2467 3727 qui
2490 3672 2609 3712 cum
2639 3659 2832 3715 multos
2853 3675 2919 3716 ex
2942 3659 3187 3715 ﬁdelibus
3208 3661 3274 3716 ad
3297 3677 3357 3716 se
3375 3662 3592 3716 allicere
3616 3663 3731 3717 vel-

2154 3744 2294 3811 lent,
2323 3755 2378 3801 et
2406 3747 2870 3804 Christianismum
2896 3760 2949 3806 et
2973 3750 3304 3806 Judaismum
3333 3753 3725 3822 praedicabant,

2153 3851 2558 3911 corrumpentes
2601 3843 2957 3914 evangelium.
2997 3843 3258 3911 Quoniam
3298 3845 3457 3915 igitur
3489 3846 3733 3901 difﬁciles

2155 3929 2220 3983 ad
2250 3929 2755 4000 deprehendendum
2781 3943 2973 4000 erant,
3004 3945 3284 4005 propterea
3314 3937 3517 4007 inquit,
3561 3937 3734 3992 Videte

2153 4035 2324 4074 canes.
2353 4020 2470 4076 Jam
2493 4038 2598 4076 non
2627 4022 2796 4078 Judaei
2826 4033 2950 4079 sunt
2978 4025 3091 4079 lilii.
3120 4025 3258 4081 Olim
3285 4026 3388 4082 isto
3413 4043 3606 4082 canum
3635 4045 3734 4082 nu-

2157 4111 2301 4165 mine
2325 4111 2523 4167 ethnici
2551 4114 2892 4180 vocabantur,
2918 4131 3058 4171 nunc
3082 4127 3260 4173 autem
3289 4119 3384 4172 illi.
3411 4119 3554 4180 Cur?
3583 4121 3734 4188 Quo-

2155 4203 2300 4258 niam
2321 4245 2336 4270 ,
2368 4205 2818 4275 quemadmodum
2845 4207 3044 4263 ethnici
3079 4217 3135 4265 et
3170 4225 3202 4264 a
3243 4210 3352 4266 Deo
3381 4219 3436 4266 et
3462 4225 3492 4266 a
3518 4211 3735 4266 Christo

2155 4295 2317 4350 alieni
2342 4307 2512 4364 erant,
2544 4297 2611 4352 ita
2637 4297 2805 4352 Judaei
2834 4314 2973 4354 nunc
2996 4315 3056 4354 se
3081 4301 3515 4356 abalienaverunt
3539 4319 3552 4356 :
3573 4312 3736 4370 atque

2157 4385 2281 4442 hinc
2304 4387 2512 4442 illorum
2541 4389 2921 4458 impudentiam
2941 4391 3436 4462 egimprobitatem,
3460 4407 3736 4462 magnam-

2155 4494 2259 4550 que
2303 4494 2332 4533 a
2379 4479 2500 4533 ﬁliis
2541 4479 2951 4550 disiunctionem
3001 4495 3064 4535 ac
3109 4480 3387 4536 dissidium
3436 4481 3506 4536 ob
3550 4483 3736 4536 oculos

2157 4572 2324 4642 ponit.
2353 4571 2484 4626 Nam
2509 4571 2633 4624 olim
2660 4571 2872 4640 quidem
2899 4571 3144 4627 ethnicos
3169 4583 3384 4628 vocatos
3406 4588 3528 4628 esse
3551 4589 3735 4638 canes,

2155 4663 2277 4718 audi
2319 4663 2443 4733 quid
2475 4663 2771 4717 Chananma
2797 4662 2938 4717 dicat
2972 4680 2985 4716 :
3019 4663 3227 4731 Etiam,
3255 4661 3470 4722 Domine
3496 4680 3514 4717 :
3542 4681 3659 4717 naut
3689 4675 3740 4716 et

2157 4755 2326 4808 catelli
2355 4754 2505 4807 edunt
2525 4755 2589 4808 de
2613 4754 2775 4820 micis,
2799 4770 2911 4824 qui?
2932 4753 3118 4808 cadunt
3143 4753 3206 4808 de
3225 4770 3394 4810 mensa
3416 4755 3740 4808 dominorum

2156 4861 2362 4900 suorum
2391 4844 2604 4916 (Matth.
2639 4845 2726 4901 15.
2754 4844 2870 4915 27).
2899 4847 3163 4899 Caeterum
3183 4885 3199 4911 ,
3227 4854 3285 4899 nt
3314 4861 3486 4915 neque
3518 4845 3620 4899 hoc
3652 4845 3738 4899 isti

2157 4945 2546 5007 assequantur;
2577 4953 2696 4990 nam
2719 4952 2880 4992 canes
2900 4936 3113 5006 quidam
3141 4947 3284 5004 sunt,
3308 4939 3396 5008 qui
3422 4938 3564 4993 circa
3588 4954 3738 4992 men-

2159 5044 2275 5083 sam
2317 5039 2492 5093 stant;
2522 5028 2668 5084 addit
2699 5029 2847 5095 hznc,
2878 5031 3072 5100 quibus
3103 5031 3246 5101 ipsos
3272 5034 3489 5086 omnino
3514 5031 3694 5102 abigat
3723 5047 3740 5085 :

2171 5119 2346 5174 Videte
2369 5119 2530 5175 malos
2555 5125 2834 5190 operarios.
2861 5122 2938 5176 Ac
2962 5121 3186 5176 miriﬁce
3207 5121 3360 5188 dixit,
3391 5120 3564 5175 Videte
3581 5121 3744 5174 malos

2160 5211 2417 5281 operarios
2438 5227 2458 5265 :
2485 5224 2604 5265 nam
2633 5222 2922 5281 cperantur
2945 5212 3183 5280 quidem,
3212 5213 3400 5283 inquit,
3423 5214 3517 5268 sed
3545 5213 3742 5266 malam

2163 5305 2214 5359 in
2245 5315 2484 5374 partem;
2513 5320 2753 5374 opusque
2776 5305 2884 5359 otio
2913 5291 3066 5376 longe
3090 5304 3325 5359 deterius
3350 5313 3450 5369 est,
3475 5305 3601 5359 dum
3625 5321 3745 5373 qua:

2163 5407 2306 5450 recte
2334 5407 2457 5451 sunt
2483 5397 2770 5452 constituta
2798 5395 3086 5466 disjicinnt.
3129 5395 3323 5463 Videte,
3354 5396 3547 5465 inquit,
3575 5396 3721 5450 conci

2161 5493 2371 5544 sionem.
2399 5487 2778 5544 llouorandnm
2808 5489 3058 5560 quiddam
3086 5498 3203 5543 erat
3228 5489 3368 5559 apud
3398 5487 3615 5543 Iuda-os
3642 5489 3742 5541 cir-

2163 5579 2440 5647 cumcisio,
2459 5578 2887 5650 quandoquidem
2910 5588 2962 5634 et
2983 5579 3063 5634 les
3087 5579 3134 5633 ei
3153 5578 3461 5644 decedebat,
3479 5587 3534 5633 et
3553 5577 3747 5631 sabba-

2163 5680 2270 5726 tum
2297 5670 2702 5729 circumcisione
2731 5672 2886 5728 vilius
2913 5680 3042 5727 erat.
3081 5672 3290 5729 Etenim
3320 5682 3374 5728 ut
3403 5668 3747 5727 circumcisio
