4014 6200
485 294 587 352 251

491 407 800 482 σοφώτερον
843 406 978 462 αὐτὸ
1024 405 1174 479 [ΩἹϐ]
1208 407 1501 478 οἰκονομεῖ,
1541 406 1635 460 106
1669 407 1767 478 μὲν
1806 404 2066 478 πράγμα-

485 516 580 563 τος
611 499 868 569 ἀπάγων,
898 497 977 569 τῷ
1003 499 1061 552 δὲ
1097 500 1306 570 ῥήματι
1342 498 1698 570 χαριζόμενος
1723 537 1739 562 ,
1774 499 1972 570 μᾶλλον
2007 499 2064 553 δὲ

487 589 586 643 καὶ
613 588 690 660 τῷ
712 590 999 661 πράγματι
1026 589 1460 662 σπουδαιότερον.
1482 590 1620 643 Ἀλλ’
1650 591 1751 644 οὐκ
1769 592 1864 646 ἐπὶ
1887 591 2064 645 Γαλα-

485 680 596 734 τῶν
629 680 823 744 οὕτως.
858 680 1075 752 Ἐπειδὴ
1100 681 1209 751 γὰρ
1243 681 1412 753 πολλὴ
1448 682 1602 746 νόσος
1623 679 1691 753 ἦν
1723 683 1861 747 ἐκεῖ,
1882 686 2062 755 γυμνῇ

487 774 554 842 τῇ
577 771 788 843 κεφαλῇ
810 771 996 825 λοιπὸν
1030 772 1170 842 μετὰ
1202 771 1402 842 πολλῆς
1430 773 1530 842 τῆς
1560 773 1848 837 αύθεντίας
1868 775 2064 843 ἐπάγει

489 864 593 933 τὴν
651 863 825 932 τομήν
859 876 874 892 ⁶
899 861 1138 916 ἐνταῦθα
1167 862 1224 915 δέ
1243 901 1258 925 ,
1292 862 1478 933 ἐπειδὴ
1511 863 1662 916 οὐδὲν
1688 864 1927 918 τοιοῦτον
1952 868 2064 937 εἰρ-

487 955 744 1022 γάσαντο,
778 952 962 1018 αὐτοῖς
987 955 1274 1025 χαρίζεται
1303 955 1401 1027 τὴν
1428 956 1536 1008 ἀπὸ
1566 959 1668 1029 τῆς
1689 961 2064 1032 προσηγορίας

487 1045 680 1117 ήδονήν
705 1063 720 1077 ·
754 1046 1043 1108 κάκείνους
1069 1045 1344 1110 ἐκϐάλλει,
1379 1047 1473 1101 καὶ
1509 1047 1752 1115 τούτους,
1789 1052 1884 1104 καί
1906 1067 2060 1123 φησιο

487 1135 750 1190 Βλέπετε
804 1134 920 1205 τὴν
969 1137 1332 1206 κατατομήν.
1376 1136 1574 1207 Ἡμεῖς
1631 1141 1742 1212 γάρ
1797 1141 1986 1212 ἐσμεν
2021 1144 2062 1213 ἠ

486 1229 797 1298 περιτομή.
831 1227 996 1296 Πῶς;
1035 1231 1102 1284 οι
1137 1230 1430 1299 πνεύματι
1477 1231 1598 1298 Θεῷ
1646 1225 2061 1302 λατρεύοντες,

486 1319 588 1374 καί
613 1321 726 1374 οὐκ
753 1320 824 1374 ἐν
862 1320 1044 1389 σαρκί
1073 1323 1442 1389 πεποιθότες.
1473 1325 1589 1379 Οὐκ
1608 1321 1761 1380 εἶπεν
1780 1365 1796 1391 ,
1817 1327 1900 1381 ὅτι
1920 1328 2064 1382 δοκι-

490 1411 764 1482 μάζομεν
795 1411 1015 1484 ἐκείνην
1068 1414 1167 1486 τήν
1213 1417 1536 1489 περιτομὴν,
1589 1420 1682 1473 καὶ
1722 1422 1947 1491 ταύτην,
1977 1421 2063 1486 τίς

489 1509 640 1562 ἐστιν
694 1508 954 1580 ἀμείνων,
997 1510 1113 1566 ἀλλ’
1151 1512 1274 1566 ούδέ
1307 1512 1400 1567 τοῦ
1445 1511 1706 1584 ὀνόματος
1737 1513 1875 1584 αὐτῇ
1930 1530 2059 1583 μετ-

486 1599 686 1654 έδωκεν
703 1617 717 1631 ⁸
749 1601 888 1655 ἀλλὰ
911 1601 964 1655 τί
991 1619 1156 1672 φησιν
1188 1620 1203 1669 ;
1249 1603 1312 1656 Ἦ
1340 1603 1609 1676 περιτομὴ
1630 1603 1813 1674 ἐκείνη
1843 1620 2062 1658 κατατο-

489 1690 564 1761 μή
619 1692 756 1746 ἐστι.
785 1691 993 1758 Διάτί;
1029 1693 1197 1747 Ούδέν
1249 1693 1356 1766 γὰρ
1407 1695 1536 1750 ἀλλο
1586 1695 1916 1765 ποιοῦσιν,ἢ
1963 1693 2060 1765 τὴν

487 1783 668 1856 σάρκα
709 1785 1164 1856 κατατέμνουσιν.
1196 1787 1365 1842 Ὅταν
1408 1787 1518 1858 γὰρ
1569 1786 1644 1859 μὴ
1748 1787 1977 1858 νόμιμον
2001 1787 2064 1841 16

485 1876 789 1947 γινόμενον,
819 1878 971 1932 οὐδὲν
997 1879 1172 1950 ἀλλοή
1198 1878 1402 1949 σαρκὸς
1417 1880 1556 1950 τομή
1587 1881 1702 1932 ἐστι
1722 1879 1816 1934 καὶ
1833 1896 2063 1934 κατατοο

488 1969 585 2039 μή.
623 1969 691 2020 Ἦ
713 1963 808 2022 οὖν
858 1968 948 2022 διὰ
995 1969 1154 2022 τοῦτο
1206 1969 1380 2034 οὕτως
1407 1970 1574 2042 αὐτὴν
1599 1966 1773 2034 εἶπεν,
1801 1971 1835 2041 ἢ
1857 1971 1939 2024 ὅτι
1961 1971 2060 2042 τὴν

503 2058 835 2130 Ἐκκλησίαν
921 2059 1219 2131 ἐπειρῶντο
1279 2060 1662 2131 κατατέμνειν.
1710 2061 1820 2114 Καὶ
1898 2063 2060 2132 ἡμεῖς

487 2149 545 2202 δέ
576 2149 890 2220 κατατομήν
922 2149 1152 2219 λέγομεν
1183 2149 1276 2203 ἐπὶ
1304 2149 1410 2203 τῶν
1447 2151 1568 2220 είκῆ
1608 2150 1704 2203 καὶ
1737 2151 1922 2215 ἁπλῶς
1964 2152 2059 2206 καὶ

484 2239 615 2292 ἄνευ
647 2239 843 2311 τέχνης
867 2239 1023 2293 10610
1069 2241 1386 2295 ποιούντων.
1411 2242 1472 2293 El
1518 2240 1626 2313 γὰρ
1651 2242 1733 2294 δεῖ
1759 2242 2059 2313 περιτομὴν

485 2330 739 2400 ζητῆσαι,
771 2329 927 2400 φησὶ,
966 2335 1098 2402 παρ’
1125 2333 1254 2401 ἡμῖν
1295 2331 1498 2403 ταύτην
1547 2333 1613 2385 ἂν
1676 2332 1958 2404 εὑρήσετε.
1994 2334 2060 2386 Οί

485 2420 776 2489 πνεύματι
803 2420 924 2485 Θεῷ
944 2423 1341 2489 λατρεύοντες
1368 2437 1385 2456 ⁸
1411 2423 1708 2488 τουτέστιν,
1744 2425 1791 2477 οἱ
1819 2440 1949 2476 πνευ
1959 2441 2060 2495 μα-

484 2510 652 2576 τικῶς
679 2511 1045 2583 λατρεύοντες.

555 2663 623 2735 β’.
642 2665 776 2720 Είπέ
802 2666 911 2736 γάρ
938 2683 1050 2737 μοι,
1083 2667 1136 2720 τί
1164 2667 1394 2738 βέλτιον,
1414 2667 1560 2741 ψυχὴ
1591 2669 1624 2740 ἢ
1671 2669 1860 2741 σῶμα;
1888 2671 2058 2741 Δῆλον

481 2755 564 2809 δτι
593 2754 764 2828 ψυχή.
787 2755 997 2810 οὐκοῦν
1023 2758 1118 2811 καὶ
1147 2759 1180 2829 ή
1213 2761 1484 2831 περιτομὴ
1514 2761 1696 2832 ἐκείνη
1721 2764 1782 2816 ού
1809 2763 2051 2832 βελτίων,

483 2845 602 2900 ἀλλ’
648 2845 792 2918 αὕτη
843 2847 978 2918 μόνη
1039 2849 1156 2902 ἐστὶ
1212 2852 1504 2922 περιτομή.
1537 2852 1681 2915 Ἕως
1746 2853 1844 2923 μὲν
1881 2854 1989 2925 γὰρ
2028 2853 2058 2906 6

482 2934 652 3000 τύπος
679 2936 943 3007 εἱστήκει,
985 2937 1208 3001 εἰκότως
1239 2939 1379 2992 κατά
1420 2937 1706 3009 σύγκρισιν
1732 2942 1962 3010 προῆγε.
1986 2942 2056 2998 Τὸ

483 3027 962 3098 περιτετμῆσθαι,
981 3030 1227 3101 γράφων,
1249 3030 1364 3101 τὴν
1377 3030 1521 3100 ἀκρο
1529 3031 1781 3085 ϐυστίαν
1794 3031 1904 3101 τῆς
1919 3051 2058 3103 καρ-

483 3119 618 3185 δίας
643 3119 832 3187 ὑμῶν.
857 3120 1011 3174 Οὕτω
1045 3122 1136 3174 καὶ
1167 3123 1223 3175 ἐν
1260 3125 1326 3195 τῇ
1376 3124 1513 3195 πρὸς
1559 3124 1862 3196 Ῥωμαίους
1901 3126 2057 3179 Ἐπι-

490 3211 650 3280 στολῇ
685 3210 900 3282 ἀναιρεῖ
956 3211 1145 3282 αὐτὴν,
1190 3212 1362 3281 λέγων
1395 3230 1408 3244 ·
1444 3216 1526 3268 Οὐ
1553 3214 1662 3285 γὰρ
1692 3218 1724 3269 ὀ
1744 3216 1813 3269 ἐν
1840 3215 1920 3282 τῷ
1945 3233 2057 3286 φα-

484 3300 636 3371 νερῷ
681 3301 959 3370 Ἰουδαῖός
1021 3304 1226 3368 ἐστιν,
1258 3305 1400 3360 οὐδὲ
1456 3305 1495 3373 ἢ
1556 3307 1626 3361 ἐν
1676 3306 1756 3374 τῷ
1820 3307 2057 3377 φανερῷ

483 3389 555 3444 ἐν
601 3392 780 3460 σαρκί
811 3394 1116 3464 περιτομὴ,
1151 3395 1288 3450 ἀλλ’
1322 3399 1355 3451 ὀ
1391 3396 1463 3450 ἐν
1495 3395 1574 3462 τῷ
1623 3397 1864 3467 κρυπτῷ
1903 3399 2056 3455 ἰου-

483 3478 669 3550 δαῖος,
710 3483 808 3538 καί
860 3486 1144 3556 περιτομὴ
1196 3488 1442 3557 καρδίας
1498 3490 1569 3544 ἐν
1615 3492 1934 3561 πνεύματι,
1983 3494 2055 3547 οὐ

485 3571 794 3644 γράμματι.
827 3576 1026 3630 Λοιπὸν
1065 3578 1122 3631 δὲ
1170 3580 1262 3632 καὶ
1309 3579 1403 3633 τοῦ
1431 3581 1688 3653 ὀνόματος
1722 3583 1890 3652 αὐτὴν
1917 3585 2054 3637 ἀπο-

487 3666 688 3734 στερεῖ,
716 3666 850 3719 υύδέ
880 3666 994 3720 ἐστι
1022 3670 1308 3742 περιτομὴ,
1347 3672 1500 3741 φησί.
1542 3675 1650 3726 Καὶ
1687 3674 1794 3745 γὰρ
1814 3676 1842 3726 6
1865 3674 2053 3738 τύπος,

485 3752 589 3816 ἕως
640 3753 707 3807 ἂν
765 3755 934 3828 μέλλῃ
964 3757 1217 3827 ἔρχεσθαι
1247 3760 1280 3830 ἡ
1309 3760 1556 3830 ἀλήθεια,
1588 3761 1834 3815 καλεῖται
1856 3762 2013 3816 τοῦτο
2036 3779 2052 3795 ο

487 3841 707 3895 ἐπειδὰν
755 3843 812 3897 δὲ
848 3845 976 3916 ἔλθῃ
1015 3848 1049 3918 ἡ
1097 3847 1344 3917 ἀλήθεια,
1389 3851 1572 3904 οὐκέτι
1624 3852 1888 3907 καλεῖται.
1930 3850 2055 3908 Οίον

486 3931 578 3985 ἐπὶ
619 3933 1014 4004 σκιαγραφίας·
1049 3936 1335 4006 ὑπέγραφέ
1397 3956 1482 4003 τις
1517 3940 1741 4010 βασιλέα
1787 3959 2056 4016 σκιαγρα-

486 4020 602 4091 φῶν
627 4039 642 4055 ο
677 4022 782 4088 ἓως
811 4024 877 4078 ἂν
904 4025 1005 4080 οὐκ
1033 4027 1304 4098 ἐπάγηται
1333 4028 1401 4082 τὰ
1425 4029 1583 4101 ἄνθη,
1618 4031 1677 4083 ού
1705 4031 1921 4100 λέγεται
1946 4032 2046 4103 βα-

489 4113 669 4179 σιλεύς
702 4131 716 4146 ’
751 4117 971 4172 ἐπειδὰν
1001 4118 1058 4172 δὲ
1087 4119 1334 4192 ἐπιτεθῇ,
1365 4122 1668 4193 κρύπτεται
1699 4123 1797 4194 μὲν
1828 4127 1892 4195 τῇ
1917 4124 2054 4196 ἀλη-

485 4206 608 4280 θείᾳ
627 4208 655 4261 6
674 4206 862 4274 τύπος,
900 4211 991 4262 καὶ
1023 4211 1084 4264 ού
1117 4210 1404 4280 φαίνεται·
1445 4213 1564 4266 τότε
1593 4213 1648 4266 δὲ
1673 4215 1769 4268 καὶ
1792 4215 2050 4287 λέγομεν,

497 4295 627 4350 Ἰδοὺ
651 4297 680 4350 6
706 4296 977 4368 βασιλεύς.
1003 4300 1110 4354 Καὶ
1131 4300 1230 4353 οὐκ
1253 4297 1426 4370 εἶπεν,
1459 4303 1549 4358 Ἐν
1570 4306 1702 4375 ἡμῖν
1723 4306 1829 4377 γάρ
1851 4307 1998 4361 ἐστιν
2018 4309 2052 4379 ή

485 4386 786 4458 περιτομὴ,
815 4389 952 4457 ἀλλ’,
999 4389 1188 4460 Ἡμεῖς
1221 4391 1410 4460 ἐσμεν
1430 4407 1444 4421 ο
1469 4395 1714 4457 εἰκότως.
1746 4395 1916 4450 T0610
1946 4399 2054 4469 γάρ

485 4477 634 4532 ἐστιν
697 4479 1016 4549 ἄνθρωπος,
1056 4483 1090 4553 ή
1150 4482 1422 4554 περιτομὴ
1483 4485 1516 4555 ἡ
1566 4484 1837 4555 ἐνάρετος,
1899 4487 2056 4541 τοῦτό

485 4571 636 4622 ἐστιν
693 4571 907 4642 ἀληθῶς
943 4573 1246 4646 ἄνθρωπος.
1297 4575 1385 4632 Ἐν
1429 4579 1656 4642 ἐκείνοις
1684 4579 1741 4631 δὲ
1775 4579 1873 4632 οὐκ
1899 4575 2054 4636 εἶπεν

485 4659 678 4726 οὓτως,
710 4662 867 4728 ἀλλὰ,
907 4663 1166 4720 Βλέπετε
1207 4666 1324 4736 τὴν
1353 4669 1696 4738 κατατομήν
1719 4685 1734 4701 θ
1765 4669 1918 4724 αὐτοὶ
1944 4673 2053 4745 γὰρ

485 4752 670 4805 λοιπὸν
703 4754 761 4805 ἐν
784 4755 1028 4827 ἀπωλείᾳ
1048 4753 1189 4827 ἦσαν
1231 4761 1326 4812 καὶ
1349 4758 1537 4830 κακίᾳ.
1567 4755 1697 4813 Εἶτα
1747 4759 1922 4831 δηλῶν
1973 4763 2055 4816 ὅτι

485 4840 670 4894 οὐκέτι
728 4842 786 4895 ἐν
827 4841 1038 4915 σώματι
1061 4845 1270 4914 γίνεται
1290 4849 1323 4917 ἡ
1351 4847 1644 4921 περιτομὴ,
1671 4849 1790 4903 ἀλλ’
1818 4853 1876 4904 ἐν
1914 4869 2055 4924 καρ-

484 4932 596 5005 δία,
636 4934 768 5004 φησί
788 4951 803 4966 ο
835 4935 947 4988 Καὶ
975 4939 1086 4990 οὐκ
1121 4937 1191 4990 ἐν
1221 4940 1400 5008 σαρκί
1429 4941 1798 5008 πεποιθότες,
1839 4945 2052 5014 καίπερ

484 5022 600 5093 ἐγὼ
655 5025 814 5093 ἔχων
857 5026 1241 5095 πεποίθησιν,
1305 5030 1403 5084 καί
1458 5031 1528 5085 ἐν
1583 5033 1783 5102 σαρκί.
1842 5035 1908 5088 Τί
1968 5034 2054 5088 λέ-

486 5130 574 5184 γει
612 5115 845 5170 ἐνταῦθα
901 5119 1292 5188 Πεποίθησιν,
1343 5123 1436 5176 καὶ
1478 5123 1579 5177 Ἐν
1628 5125 1809 5194 σαρκί
1827 5141 1844 5190 ;
1899 5126 2054 5181 Καύ-

483 5221 645 5275 χησιν
676 5245 693 5272 ,
780 5209 1112 5282 παρρησίαν,
1191 5211 1570 5284 σεμνολόγημα
1618 5233 1632 5248 ·
1724 5217 1819 5271 καὶ
1879 5218 2057 5286 καλῶς

486 5297 646 5354 τοῦτο
707 5301 1066 5374 προσέθηκεν.
1123 5302 1184 5357 EE
1270 5305 1367 5376 μὲν
1443 5307 1551 5379 γὰρ
1645 5308 1704 5374 ἐξ
1759 5309 1927 5364 ἐθνῶν
1982 5312 2057 5367 ὢν

489 5388 783 5461 κατηγόρει
841 5392 939 5462 τῆς
992 5393 1314 5466 περιτομῆς,
1367 5395 1428 5448 ού
1490 5397 1590 5469 τῆς
1638 5402 1940 5473 περιτομῆς
1997 5403 2054 5456 δὲ

488 5477 668 5549 μόνον,
715 5479 849 5535 ἀλλὰ
893 5484 986 5537 καὶ
1023 5484 1131 5538 τῶν
1170 5486 1414 5558 ἀκαίρως
1459 5489 1630 5561 αὐτὴν
1668 5490 1816 5564 [277]
1889 5511 2054 5565 μεταο

486 5571 849 5642 χειριζόντων,
878 5574 1055 5640 ἔδοξεν
1101 5577 1187 5644 ἂν,
1220 5578 1295 5642 ὡς
1343 5579 1788 5654 ἀπεστερημένος
1829 5589 1928 5657 τῆς
1955 5586 2047 5640 106

497 5658 826 5733 Ἰουδαϊσμοῦ
866 5663 1162 5732 εὐγενείας,
1206 5671 1559 5743 κατατρέχειν
1602 5675 1787 5746 αὐτῆς,
1829 5679 1906 5742 ὡς
1955 5680 2052 5734 οὐκ

1208 292 1267 346 S.
1307 288 1598 345 JOANNIS
1632 287 2122 346 CHRYSOSTOMI
2157 288 2482 346 ARCIIIEP.
2523 288 3077 348 CONSTANTINOP.

2165 406 2322 472 εἰδὼς
2353 406 2422 460 τὰ
2458 406 2632 478 σεμνὰ
2655 445 2669 471 ,
2699 406 2818 460 ούδέ
2850 405 3202 476 μετεσχηκὼς
3241 407 3420 463 αὐτῶν
3446 423 3459 438 ·
3501 409 3596 464 νῦν
3619 411 3676 467 δὲ
3707 415 3738 465 6

2168 497 2454 568 μετασχὼν
2504 498 2599 552 καὶ
2631 495 2981 566 κατηγορῶν,
3012 497 3074 548 ού
3101 496 3189 550 διὰ
3227 495 3383 550 τοῦτο
3423 503 3738 570 κατηγορεῖ,

2175 586 2251 651 ὡς
2283 588 2345 640 ού
2388 587 2698 658 μετασχὼν,
2752 588 2866 642 ἀλλ’
2914 587 2990 651 ὡς
3042 589 3423 657 κατεγνωκὼς,
3457 591 3517 642 οὐ
3547 590 3615 643 δι’
3638 592 3739 658 ἄγ-

2165 694 2329 744 νοιαν,
2368 679 2503 732 ἀλλὰ
2557 679 2625 734 δι’
2687 679 2984 748 ἐπίγνωσιν
3047 679 3299 750 μάλιστα.
3339 681 3483 752 Ὅρα
3539 677 3633 736 οὖν
3686 683 3739 735 τί

2165 786 2299 840 φησι
2320 771 2412 823 καὶ
2436 771 2493 822 ἐν
2517 773 2584 842 τῇ
2620 770 2754 841 πρὸς
2778 770 3023 835 Γαλάτας
3047 810 3062 834 ,
3095 770 3351 840 ἐμπεσὼν
3379 773 3461 835 εἰς
3492 772 3741 843 ἀνάγκην

2163 859 2258 912 106
2309 860 2522 931 μεγάλα
2578 862 2708 932 περὶ
2741 861 2937 916 ἑαυτοῦ
2973 864 3168 928 εἰπεῖν,
3210 863 3328 926 πῶς
3360 864 3455 916 καὶ
3474 863 3619 917 οὕτω
3646 866 3741 918 καὶ

2166 951 2667 1023 ταπεινοφροσύνην
2751 953 3120 1006 ἐνδείκνυται·
3193 955 3512 1008 Ἠκούσατε
3587 957 3697 1024 γὰρ
3721 997 3736 1020 ,

2165 1043 2321 1113 φησὶ,
2359 1043 2472 1112 τὴν
2503 1043 2658 1113 ἐμὴν
2686 1043 3085 1114 ἀναστροφήν
3113 1057 3259 1099 ποτε
3291 1045 3362 1098 ἐν
3382 1045 3462 1110 τῷ
3493 1046 3739 1101 Ἰουδαϊ.

2161 1131 2296 1204 σμῷ
2324 1150 2337 1163 ·
2375 1135 2466 1188 καλ⁸
2492 1135 2652 1190 πάλιν
2681 1129 2936 1202 ἐνταῦθα,
2967 1135 3041 1190 El
3070 1153 3160 1201 τις
3201 1136 3369 1190 δοκεῖ
3401 1135 3593 1204 ἄλλος
3635 1154 3736 1191 πεο

2163 1223 2435 1278 ποιθέναι
2464 1226 2536 1278 ἐν
2573 1225 2775 1292 σαρκί,
2797 1225 2912 1294 ἐγὼ
2935 1224 3180 1294 μᾶλλον
3209 1241 3225 1257 ⁶
3266 1227 3363 1280 καὶ
3410 1226 3612 1291 εὐθέως
3639 1229 3738 1280 ἐπ-

2162 1315 2368 1386 ήγαγεν
2396 1330 2411 1344 ·
2454 1316 2722 1384 Ἑϐραῖος
2777 1316 2848 1382 ἐξ
2888 1316 3193 1386 Ἐϐραίων.
3236 1318 3350 1372 οὐκ
3406 1312 3528 1372 εἰπε
3577 1319 3739 1374 τοῦτο

2163 1411 2591 1480 προηγουμένως
2607 1448 2623 1473 ,
2649 1409 2787 1464 ἀλλὰ
2813 1409 2951 1482 μετὰ
2979 1410 3040 1463 16
3066 1411 3259 1476 εἰπεῖν,
3295 1410 3370 1464 El
3409 1427 3498 1477 τις
3524 1411 3735 1478 ἄλλος.

2162 1501 2378 1566 δεικνὺς
2403 1502 2505 1572 τὴν
2530 1501 2797 1572 ἀνάγκην,
2828 1502 3042 1566 δεικνὺς
3065 1503 3148 1556 ὅτι
3168 1501 3235 1555 δι’
3256 1501 3500 1568 ἐκείνους
3523 1502 3732 1572 ἔλεγεν.

2163 1594 2225 1645 El
2253 1592 2571 1658 πεποίθατε,
2604 1592 2760 1664 φησὶ,
2794 1591 2954 1663 καγὼ
2967 1592 3230 1663 μᾶλλον.
3259 1592 3430 1646 Τοῦτο
3445 1592 3541 1645 νῦν
3569 1593 3733 1662 λέγω,

2163 1684 2286 1738 ἐπεὶ
2315 1684 2588 1740 ἐσιώπων.
2623 1687 2732 1741 Καὶ
2759 1686 2863 1756 δρα
2890 1685 2951 1738 16
2977 1684 3280 1754 ἀνεπαχθὲς
3307 1683 3418 1737 τῶν
3441 1683 3679 1756 ἐλέγχων
3714 1700 3730 1714 ο

2160 1777 2223 1830 16
2274 1777 2384 1849 γὰρ
2440 1778 2514 1849 μὴ
2547 1777 2808 1847 ὀνομαστὶ
2844 1775 3003 1831 τοῦτο
3026 1778 3222 1841 ποιεῖν,
3254 1775 3528 1840 κάκείνοις
3561 1775 3734 1829 ἐδίδου

2161 1868 2348 1941 χώραν
2377 1871 2730 1940 ἀναδραμεῖν.
2775 1869 2850 1923 El
2889 1886 2979 1934 τις
3008 1867 3175 1923 δοκεῖ
3220 1870 3591 1922 πεποιθέναι.
3622 1868 3734 1920 Καὶ

2163 1957 2344 2021 καλῶς
2372 1953 2514 2022 εἷπε,
2549 1956 2737 2022 Δοκεῖ,
2768 1957 2800 2028 ἢ
2833 1958 2910 2021 ὡς
2939 1957 3039 2010 οὐκ
3066 1957 3303 2028 ἐχόντων
3332 1955 3606 2026 τοσαύτην
3633 1974 3730 2009 πε-

2164 2048 2437 2121 ποίθησιν,
2464 2048 2497 2120 ἢ
2526 2048 2601 2112 ὡς
2651 2048 2752 2118 τῆς
2788 2046 3168 2119 πεποιθήσεως
3195 2047 3412 2118 ἐκείνης
3433 2047 3536 2101 οὐκ
3560 2047 3732 2111 ὅντως

2163 2139 2536 2212 πεποιθήσεως
2574 2138 2778 2211 οὔσηςο
2824 2140 3003 2194 πάντα
3060 2140 3169 2210 γὰρ
3223 2140 3470 2210 ἀνάγκης
3535 2135 3626 2210 ἦν,
3666 2139 3727 2192 ού

2167 2227 2559 2299 προαιρέσεως.
2606 2227 2899 2297 Περιτομὴ
2932 2228 3319 2298 ὀκταήμερος.
3355 2230 3465 2284 Καὶ
3516 2228 3735 2298 πρῶτον

2159 2319 2372 2391 τίθησιν
2408 2319 2437 2371 ὃ
2471 2319 2707 2389 μάλιστα
2728 2317 2950 2389 ηὔχουν,
2991 2319 3053 2372 16
3089 2319 3187 2388 τῆς
3209 2319 3512 2390 περιτομῆς
3539 2336 3552 2348 ·
3581 2315 3731 2380 εἶτα,

2173 2411 2273 2463 Ἐκ
2305 2409 2519 2478 γένους
2559 2409 2818 2476 Ἰσραήλ.
2851 2408 2935 2462 Τὰ
2953 2407 3238 2478 ἀμφότερα
3280 2407 3478 2473 ἔδειξεν
3499 2448 3515 2474 ,
3547 2410 3632 2463 ὅτι
3669 2411 3732 2462 οὗ

2159 2499 2518 2570 προσήλυτος,
2547 2499 2672 2552 οὔτε
2695 2500 2759 2552 ἐκ
2795 2498 3169 2570 προσηλύτων.
3208 2499 3342 2552 Ἀπὸ
3364 2499 3464 2569 μὲν
3493 2500 3600 2570 γὰρ
3637 2501 3732 2552 106

2158 2591 2502 2662 ὀκταήμερος
2539 2589 2986 2661 περιτμηθῆναι,
3021 2589 3143 2660 ούχὶ
3193 2590 3530 2660 προσήλυτος
3561 2605 3574 2618 ·
3621 2591 3735 2644 ἀπὸ

2157 2681 2213 2734 δὲ
2241 2680 2360 2748 τοῦ,
2407 2683 2501 2735 Ἐκ
2550 2679 2766 2750 γένους
2823 2680 3092 2750 Ἰσραὴλ,
3117 2680 3238 2734 ούδέ
3263 2680 3616 2752 προσηλύτων
3639 2698 3734 2750 γο-

2158 2773 2315 2826 νέων.
2343 2771 2483 2824 Ἀλλ’
2511 2771 2596 2824 ἵνα
2621 2769 2695 2841 μὴ
2712 2770 2959 2842 νομίσῃς,
2977 2771 3080 2834 ὅτι,
3109 2772 3203 2824 Ἐκ
3230 2770 3445 2842 γένους
3467 2770 3732 2839 Ἰσραὴλ,

2161 2863 2226 2916 ἐκ
2255 2860 2364 2916 τῶν
2391 2861 2524 2916 δέκα
2570 2861 2773 2931 φυλῶν,
2812 2864 2965 2932 φησὶ,
2997 2861 3204 2931 Φυλῆς
3228 2864 3512 2933 Βενιαμίν
3536 2880 3550 2894 ο
3583 2863 3731 2916 ὥστε

2157 2953 2250 3008 τοῦ
2278 2953 2646 3026 δοκιμωτέρου
2681 2955 2879 3027 μέρους
2914 2971 2928 2985 ·
2972 2955 3043 3010 τὰ
3071 2956 3179 3026 γὰρ
3205 2955 3316 3009 τῶν
3341 2956 3530 3026 ἱερέων
3557 2957 3616 3008 ἐν
3642 2955 3726 3025 τῷ

2157 3045 2347 3117 κλήρῳ
2379 3045 2582 3117 ταύτης
2601 3043 2669 3118 ἦν
2699 3049 2800 3117 τῆς
2829 3046 3019 3118 φυλῆς.
3037 3047 3304 3115 Ἐϐραῖος
3324 3048 3394 3110 ἐξ
3421 3047 3725 3116 Ἑϐραίων.

2171 3139 2446 3194 Ἐντεῦθεν
2505 3139 2795 3207 δείκνυσιν,
2855 3141 2937 3194 ὅτι
2987 3141 3108 3211 ούχὶ
3171 3142 3549 3214 προσήλυτος,
3606 3142 3726 3196 ἀλλ’

2156 3231 2363 3285 ἀνωθεν
2414 3231 2524 3285 τῶν
2572 3233 2873 3303 εὐδοκίμων
2910 3232 3196 3287 Ἰουδαίων.
3280 3231 3438 3303 Ἐνῆν
3494 3233 3593 3303 μὲν
3618 3233 3731 3304 γὰρ

2155 3319 2295 3378 εἶναι
2320 3324 2414 3378 τοῦ
2465 3325 2701 3396 Ἰσραὴλ,
2746 3325 2863 3380 ἀλλ’
2896 3326 2997 3380 οὐκ
3037 3325 3287 3396 Ἐὄραῖον
3345 3325 3404 3390 ἐξ
3438 3325 3728 3396 Ἐὅραίων.

2156 3412 2351 3467 Πολλοὶ
2378 3413 2486 3485 γὰρ
2516 3415 2610 3467 καὶ
2632 3413 2942 3487 διέφθειρον
2975 3415 3075 3487 ’ήδη
3106 3415 3166 3469 16
3200 3416 3434 3485 πρᾶγμα
3456 3455 3470 3479 ,
3506 3415 3599 3468 καὶ
3628 3415 3732 3483 τῆς

2156 3503 2407 3577 γλώσσης
2442 3501 2582 3578 ἦσαν
2617 3507 2878 3580 ἀμύητοι,
2917 3508 3123 3577 ἑτέροις
3147 3506 3466 3578 μιγνύμενοι
3493 3506 3723 3560 ἔθνεσιν.

2159 3597 2230 3648 Ἢ
2278 3595 2437 3650 τοῦτο
2484 3592 2599 3660 οὖν,
2643 3597 2675 3668 ἢ
2739 3598 2838 3670 τὴν
2893 3598 3093 3670 πολλὴν
3125 3597 3406 3666 εὐγένειαν
3456 3597 3729 3651 δείκνυσιν

2159 3686 2428 3743 ἐντεῦθεν.
2463 3689 2625 3743 Κατὰ
2657 3691 2846 3760 νόμον
2872 3691 3216 3762 Φαρισαῖος.
3249 3693 3506 3762 Ἔρχεται
3541 3691 3732 3744 λοιπὸν

2158 3780 2238 3844 είς
2290 3779 2358 3834 τὰ
2399 3782 2499 3852 τῆς
2544 3779 2708 3834 αὑτοῦ
2739 3781 3110 3853 προαιρέσεως
3140 3799 3156 3815 ο
3184 3783 3368 3835 ἐκεῖνα
3396 3780 3506 3852 γάρ
3545 3782 3728 3834 πάντα

2157 3871 2515 3942 ἀπροαίρετα.
2565 3873 2676 3925 Καὶ
2729 3872 2838 3944 γὰρ
2867 3873 2928 3926 16
2967 3872 3372 3944 περιτμηθῆναι
3404 3872 3503 3926 οὐκ
3531 3871 3724 3933 αὐτοῦ,

2157 3962 2252 4015 καὶ
2277 3961 2359 4025 16,
2387 3961 2481 4016 Ἐκ
2508 3961 2721 4033 γένους
2750 3962 3007 4032 Ἰσραὴλ,
3036 3967 3128 4018 καὶ
3161 3963 3239 4028 16,
3275 3963 3369 4016 Ἐκ
3396 3961 3603 4031 φυλῆς
3623 3964 3733 4015 Βε-

2155 4053 2392 4122 νιαμίν·
2426 4052 2567 4106 ὥστε
2611 4053 2704 4108 καὶ
2725 4055 2787 4106 ἐκ
2822 4052 3028 4106 τούτων
3077 4052 3276 4123 μᾶλλον
3303 4050 3646 4115 πλεονεκτεῖ,
3679 4053 3735 4103 εί

2157 4143 2252 4197 καὶ
2272 4143 2338 4196 τὰ
2368 4143 2603 4214 μάλιστα
2629 4144 2948 4199 ἐκοινώνουν
2975 4143 3123 4213 αὐτῷ
3157 4143 3360 4197 πολλοί.
3385 4142 3495 4196 1Ιοῦ
3519 4138 3614 4195 οὖν
3642 4143 3732 4205 16,

2155 4235 2451 4300 Μᾶλλον;
2483 4235 2734 4290 Μάλιστα
2769 4236 2866 4306 μὲν
2894 4237 2986 4289 καὶ
3019 4237 3076 4289 ἐν
3105 4236 3280 4307 τούτῳ
3321 4236 3399 4305 τῷ
3451 4234 3526 4304 μὴ
3557 4251 3731 4304 προσ-

2157 4325 2351 4396 ήλυτον
2385 4320 2544 4388 εῖναι,
2565 4325 2659 4378 καὶ
2686 4324 2764 4396 τῷ
2792 4326 2856 4378 ἐκ
2875 4326 2974 4396 τῆς
3005 4325 3385 4396 δοκιμωτὰτης
3415 4323 3609 4393 φυλῆς,
3639 4323 3735 4376 καὶ

2155 4415 2234 4486 τῷ
2258 4416 2462 4470 ἀνωθεν
2483 4419 2546 4469 ἐκ
2576 4417 2876 4488 προγόνων,
2901 4417 3045 4489 ἆπερ
3073 4419 3135 4472 ού
3153 4417 3339 4470 πολλοὶ
3363 4411 3506 4485 εἶχον
3531 4433 3543 4445 ·
3582 4414 3729 4478 ἀλλ’,

2157 4507 2344 4577 ἐπειδὴ
2374 4509 2550 4562 πάντα
2577 4507 2941 4580 ἀπροαίρετα,
2963 4507 3182 4578 ἔρχεται
3209 4509 3289 4570 είς
3311 4505 3380 4560 τὰ
3401 4507 3498 4576 τῆς
3530 4521 3732 4574 προαι-

2161 4599 2382 4671 ρέσεως,
2404 4600 2538 4652 ὅπου
2561 4599 2639 4664 16,
2676 4599 2951 4665 Μᾶλλον,
2987 4599 3121 4653 ἐστί.
3155 4599 3317 4653 Κατὰ
3346 4598 3534 4667 νόμον
3551 4599 3735 4664 Φαρι-

2156 4691 2351 4758 σαῖος,
2379 4691 2530 4747 κατὰ
2557 4689 2742 4761 ζῆλον
2763 4691 2991 4745 διώκων
3026 4691 3142 4759 τὴν
3162 4690 3311 4763 [278]
3337 4691 3729 4758 Ἐκκλησίαν.

2157 4779 2327 4834 Τοῦτό
2338 4798 2490 4852 φησι,
2510 4780 2642 4834 διότι
2670 4780 2769 4833 οὐκ
2791 4780 2952 4851 ἀρκεῖ
2967 4779 3132 4845 δεῖξαι
3156 4781 3240 4846 16,
3263 4779 3537 4843 Μᾶλλον,
3563 4780 3736 4850 μόνον

2157 4871 2333 4924 ἐκεῖνο
2356 4885 2370 4900 ⁸
2399 4871 2513 4924 ἔστι
2537 4871 2646 4942 γὰρ
2667 4871 2760 4924 καὶ⁵
2785 4873 3072 4942 Φαρισαῖον
3095 4867 3259 4936 εῖναι,
3287 4873 3381 4926 καὶ
3407 4871 3485 4943 μὴ
3523 4871 3737 4941 σφόδρα

2158 4957 2428 5031 ζηλωτήν.
2464 4961 2629 5016 Κατὰ
2657 4961 3081 5030 δικαιοσύνην.
3129 4963 3350 5035 Ἐπειδὴ
3383 4962 3459 5016 ἔνι
3487 4961 3738 5034 gmw.

2155 5053 2311 5107 6uwv
2335 5047 2476 5108 εἶναι
2501 5097 2516 5121 ,
2556 5055 2589 5126 ἢ
2642 5055 2932 5128 φιλαρχίας
2963 5056 3149 5111 ἕνεκεν
3187 5056 3343 5110 τοῦτο
3371 5057 3578 5121 ποιεῖν,
3613 5055 3739 5110 ἀλλ’

2155 5143 2215 5197 ού
2262 5144 2340 5216 τῷ
2376 5144 2527 5216 νόμῳ
2571 5145 2862 5217 ζηλοῦντα,
2906 5148 3046 5219 ὅπερ
3104 5149 3324 5202 ἐποίουν
3353 5148 3401 5203 οί
3423 5149 3738 5219 ἀρχιερεῖς.

2170 5234 2307 5288 Ἀλλ’
2337 5238 2497 5302 αὐτὸς
2521 5239 2583 5290 ού
2617 5238 2859 5302 τοιοῦτος
2889 5255 2904 5271 ο
2947 5239 3104 5306 ἀλλὰ,
3137 5239 3298 5294 Κατὰ
3321 5239 3734 5307 δικαιοσύνην

2156 5327 2270 5396 τὴν
2298 5327 2369 5382 ἐν
2391 5330 2552 5398 νόμῳ
2577 5331 2900 5400 γενόμενος
2920 5332 3248 5403 ἄμεμπτος.
3291 5330 3357 5384 EE
3403 5331 3582 5385 τοίνυν
3634 5331 3732 5385 καὶ

2156 5417 2436 5488 εὐγενείας
2465 5418 2672 5485 ἕνεκεν,
2705 5423 2799 5475 καὶ
2845 5423 3180 5495 προθυμίας,
3205 5424 3302 5478 καὶ
3353 5425 3580 5494 τρόπου,
3633 5421 3731 5475 καὶ

2157 5506 2271 5578 βίου
2334 5509 2549 5564 πάντων
2601 5511 2902 5582 ἐκράτουν,
2975 5513 3125 5576 τίνος
3190 5514 3378 5568 ἕνεκεν
3429 5515 3496 5567 τὰ
3553 5511 3730 5583 σεμνά

2157 5600 2338 5654 ἐκεῖνα
2370 5599 2549 5663 εἴασα,
2573 5602 2758 5670 φησὶν,
2787 5587 2900 5655 ἀλλ’
2928 5603 2960 5674 ἧ
2997 5602 3085 5655 διὰ
3113 5604 3173 5656 16
3204 5605 3428 5676 μείζονα
3466 5603 3646 5673 εὑρεῖν
3663 5601 3732 5654 τε

2162 5689 2251 5743 τοῦ
2313 5689 2571 5760 Χριστοῦ,
2600 5693 2693 5744 καὶ
2753 5691 2930 5762 πολλῷ
2980 5694 3240 5764 μείζονα;
3276 5695 3366 5747 Διὸ
3400 5695 3681 5765 ἐπήγαγεν
3712 5703 3734 5723 ’
