4044 6202
300 303 409 359 257

293 419 480 483 lieres,
513 416 822 473 solvebatur
848 417 1130 472 sabbatum
1157 436 1170 472 :
1197 433 1486 489 numquam
1512 433 1637 474 vero
1665 426 1721 472 ut
1751 416 1875 473 sab-

290 508 476 562 batum
503 520 828 575 servaretur,
849 509 1158 564 solvebatur
1178 510 1535 565 circumcisio.
1562 512 1732 579 Atque
1752 523 1878 563 con-

288 599 469 653 sidera
515 600 646 654 mihi
688 600 779 654 Dei
809 600 1262 669 dispensationem
1292 618 1303 653 ε
1334 600 1448 654 hazc
1473 616 1590 670 quze
1620 600 1875 669 majorem

285 708 450 759 qttam
483 693 764 748 sabbatum
794 692 1021 746 habebat
1043 693 1439 746 venerationem
1468 692 1735 749 invenitur
1758 691 1877 761 qui-

286 782 521 836 husdam
570 782 897 851 temporibus
933 784 1153 836 omissa.
1192 782 1325 837 Cum
1366 782 1523 852 igitur
1555 783 1667 851 ipsa
1703 783 1873 836 soluta

283 874 375 937 sit,
406 874 580 928 multo
606 873 775 942 magis
800 872 1101 927 sabbatum.
1132 873 1255 927 ldeo
1279 873 1471 927 Paulus
1494 874 1657 942 ipsius
1680 888 1873 927 nomen

288 975 503 1021 resecat
524 1007 539 1032 ,
572 974 627 1020 et
664 966 868 1035 inquit,
909 964 1082 1019 Videte
1107 966 1456 1020 concisionem.
1490 966 1671 1036 Neque
1699 965 1869 1033 dixit,

285 1060 491 1115 Malum
517 1068 601 1114 est
628 1058 994 1123 circumcisio,
1025 1058 1363 1127 Supervacua
1392 1068 1473 1114 est
1499 1060 1867 1125 circumcisio,

291 1168 355 1206 ne
382 1153 527 1205 viros
556 1152 688 1205 istos
712 1161 998 1221 pangeret,
1025 1150 1120 1206 sed
1146 1152 1437 1220 sapientius
1465 1152 1601 1206 idem
1626 1152 1867 1216 molitur,

289 1259 316 1297 a
347 1258 403 1298 re
431 1242 649 1312 quidem
696 1243 807 1311 ipsa
851 1242 1118 1295 abducens
1144 1283 1158 1308 ,
1190 1257 1384 1296 nomen
1412 1250 1586 1295 autem
1618 1241 1724 1295 illis
1751 1256 1870 1310 gra-

282 1335 553 1398 titieatus;
598 1333 683 1387 vel
732 1332 905 1402 potius
945 1348 1060 1386 rem
1100 1347 1310 1402 quoque
1348 1332 1515 1401 ipsam
1557 1331 1865 1386 studiosius.

293 1428 482 1480 \‘crum
526 1442 632 1481 non
674 1425 746 1479 ita
779 1440 902 1494 erga
932 1423 1148 1480 Galatas
1172 1466 1186 1490 ,
1219 1424 1312 1479 sed
1346 1424 1498 1493 longe
1528 1437 1701 1478 secus.
1733 1422 1867 1479 Nam

284 1520 533 1588 queaniam
577 1520 652 1575 ibi
698 1534 919 1588 magnus
960 1527 1074 1573 erat
1110 1518 1327 1573 morbus
1350 1559 1366 1585 ,
1398 1516 1649 1571 audacter
1678 1532 1866 1586 magna

280 1629 399 1667 emn
431 1613 755 1668 auctoritate
786 1620 930 1667 secat
954 1628 968 1665 :
990 1610 1079 1667 hic
1105 1625 1252 1677 vero,
1281 1610 1530 1680 quoniam
1561 1608 1689 1663 nihil
1720 1609 1863 1677 ejus-

281 1705 423 1759 modi
454 1705 825 1769 admiserant,
870 1703 998 1772 ipsis
1035 1716 1151 1757 eam
1189 1716 1308 1771 qua:
1338 1717 1401 1755 ex
1434 1700 1689 1754 vocabulo
1716 1699 1865 1753 volu-

278 1804 483 1864 ptatem
522 1794 851 1865 gratiﬁcatur
874 1834 888 1858 ,
922 1792 1020 1847 hos
1053 1793 1254 1847 interea
1285 1800 1338 1846 et
1376 1790 1494 1846 illos
1522 1791 1739 1861 abigens
1762 1831 1777 1857 ,
1809 1798 1864 1844 et

276 1890 485 1958 inquit,
512 1888 686 1941 Videte
704 1886 1055 1940 concisionem.
1076 1884 1213 1938 Nam
1231 1901 1322 1939 nos
1342 1900 1513 1938 sumus
1528 1883 1854 1937 circumcisio.

280 1978 608 2047 Quomodo?
650 1977 744 2042 Qui
778 1977 958 2048 spiritu
988 1975 1097 2030 Deo
1125 1978 1363 2030 servimus
1385 2016 1402 2042 ,
1429 1984 1475 2029 et
1505 1992 1603 2029 non
1632 1976 1684 2028 in
1712 1991 1863 2029 carne

283 2070 530 2137 ﬁduciam
559 2069 808 2122 habentes.
840 2067 955 2122 Non
984 2066 1151 2132 dixit,
1179 2067 1554 2121 Examincmus
1576 2065 1859 2120 circumci-

278 2164 491 2214 sionem
518 2160 658 2212 illam
682 2171 735 2214 et
762 2159 918 2223 banc,
945 2168 1058 2213 utra
1085 2159 1151 2212 sit
1177 2159 1398 2224 melior;
1421 2159 1513 2213 sed
1543 2175 1608 2213 ne
1630 2160 1860 2213 nominis

276 2252 495 2322 quidem
526 2251 671 2305 illam
700 2251 1015 2321 participat,
1046 2250 1138 2305 sed
1171 2250 1295 2320 quid
1339 2250 1544 2320 inquit?
1570 2251 1860 2305 Circumcio

273 2346 361 2397 sio
390 2343 477 2396 illa
504 2342 739 2396 concisio
762 2352 863 2396 est.
900 2341 1112 2408 Quare?
1133 2340 1272 2395 Nihil
1293 2341 1433 2395 enim
1463 2341 1605 2396 aliud
1636 2341 1853 2407 faciunt,

272 2449 433 2499 quam
458 2430 599 2500 quod
629 2447 846 2487 carnem
872 2432 1174 2487 concidunt.
1205 2431 1428 2499 Quando
1451 2434 1590 2486 enim
1613 2433 1751 2502 quod
1776 2431 1854 2499 ﬁt,

269 2523 570 2591 ιι-εἰιίηιηηι
602 2539 706 2577 non
736 2531 838 2588 est,
871 2522 1000 2576 nihil
1027 2521 1170 2576 aliud
1201 2537 1358 2590 quam
1387 2523 1563 2576 carnis
1588 2523 1755 2577 scelio
1775 2531 1858 2578 est

268 2623 323 2666 ct
362 2612 624 2666 concisio.
666 2612 764 2667 Vel
793 2613 951 2682 igitur
978 2612 1047 2666 ob
1079 2612 1214 2665 hanc
1240 2624 1455 2665 causam
1488 2612 1557 2665 ita
1593 2612 1733 2665 illam
1761 2626 1856 2682 ap-

266 2706 519 2771 pellavit;
540 2705 619 2759 vel
642 2705 783 2774 quod
808 2704 1098 2760 Eeclesiam
1116 2703 1399 2759 concidere
1416 2704 1849 2774 aggrederentur.

270 2800 405 2851 Nam
436 2806 490 2853 et
516 2812 614 2852 nos
642 2798 963 2852 concisionis
989 2799 1203 2852 nomine
1235 2797 1433 2851 utimur
1462 2799 1513 2852 in
1544 2798 1626 2862 iis,
1655 2798 1746 2868 qui
1772 2808 1852 2853 te-

266 2905 422 2943 mere
465 2899 521 2943 et
562 2889 680 2943 sine
720 2898 833 2942 arte
876 2888 979 2942 hoc
1026 2887 1243 2943 faciunt.
1282 2886 1413 2942 Nam
1442 2888 1485 2942 si
1516 2887 1852 2944 circumcisio

263 2980 563 3051 qttatreuda
595 2989 710 3042 est,
739 2980 943 3049 inquit,
974 2978 1112 3049 apud
1143 2994 1239 3034 nos
1264 2992 1383 3035 eam
1415 2978 1716 3034 invenietis.
1750 2979 1853 3047 Qui

265 3074 455 3140 spiritu
488 3070 598 3126 Deo
627 3072 868 3126 servimus
893 3111 907 3136 ,
936 3070 990 3125 id
1016 3079 1098 3125 est
1119 3112 1137 3139 ,
1168 3071 1257 3142 qui
1298 3070 1644 3142 spiritualiter
1677 3072 1850 3127 servi-

265 3182 411 3217 "HIS.

334 3256 375 3308 2
434 3256 527 3308 Dic
546 3254 687 3309 enim
713 3253 862 3319 mihi,
892 3263 1066 3307 utrum
1089 3253 1300 3321 melius,
1324 3252 1498 3309 anima
1525 3268 1591 3308 an
1614 3255 1850 3325 corpus?

265 3347 562 3399 Evidenter
589 3346 784 3398 anima.
818 3344 983 3412 Igitur
1009 3344 1343 3399 circumcisio
1371 3344 1459 3398 illa
1492 3359 1597 3399 non
1627 3355 1707 3400 est
1732 3360 1847 3401 me-

260 3441 399 3501 lzor;
455 3438 694 3506 quinimo
748 3439 862 3490 tunc
913 3438 1024 3490 sola
1080 3436 1419 3491 circumcisio
1473 3447 1575 3491 est.
1635 3437 1847 3492 Etenim

256 3530 525 3600 quamdiu
551 3528 760 3599 quidem
786 3538 943 3599 typus
963 3527 1231 3594 manebat,
1254 3529 1443 3582 merito
1464 3527 1847 3596 comparationi

257 3628 421 3676 locus
450 3630 593 3687 erat;
629 3620 695 3678 Ut
723 3620 1130 3683 circuntcidatur,
1165 3620 1365 3689 inquit,
1399 3619 1702 3689 praeputium
1730 3634 1847 3671 cor-

254 3719 338 3769 dis
369 3715 525 3767 vestri
550 3710 684 3781 (ler.
710 3713 761 3766 4.
801 3712 875 3779 4).
908 3712 978 3764 Ita
1008 3719 1063 3765 et
1103 3710 1154 3763 in
1198 3709 1430 3778 Epistula
1472 3708 1536 3762 ad
1577 3708 1849 3764 Romanos

254 3812 439 3877 ipsam
470 3804 611 3858 tollit
635 3802 721 3856 bis
745 3802 963 3857 verbis:
1000 3800 1121 3855 Non
1165 3802 1297 3854 enim
1341 3800 1427 3870 qui
1465 3801 1516 3852 in
1557 3799 1845 3869 manifesto,

249 3900 485 3951 ludam
505 3906 597 3958 est,
625 3910 780 3964 neque
805 3908 918 3963 qua!
939 3894 990 3946 in
1016 3892 1281 3960 manifesto
1305 3892 1355 3944 iit
1384 3907 1553 3956 carne,
1578 3890 1846 3943 circumci-

250 3994 351 4055 sio,
394 3989 485 4041 sed
511 3988 594 4056 qui
622 3987 672 4039 in
694 3985 984 4039 abscondito
1008 3984 1241 4047 Judtetts,
1269 3993 1315 4037 et
1339 3983 1653 4036 circumcisio
1681 3982 1849 4035 cordis

248 4087 304 4135 in
354 4081 567 4149 spiritu,
596 4095 696 4131 non
737 4079 879 4131 litera
910 4076 1084 4146 (Rom.
1110 4076 1164 4130 2.
1186 4076 1299 4146 28).
1330 4075 1479 4129 Nune
1507 4090 1634 4128 vero
1672 4083 1726 4128 et
1754 4090 1849 4129 n.0-

250 4176 416 4227 tnine
457 4170 569 4238 jam
620 4169 764 4223 illam
812 4169 1017 4238 privat,
1070 4176 1331 4237 negatque
1384 4165 1847 4220 circutncisionem

247 4281 405 4319 esse.
439 4261 572 4316 Nam
603 4270 758 4330 typus
782 4258 994 4329 qnidetn
1017 4298 1031 4322 ,
1060 4258 1231 4312 donec
1257 4267 1478 4312 ventura
1504 4266 1587 4310 est
1613 4256 1809 4310 veritas
1829 4297 1844 4320 ,

247 4370 408 4411 rem
450 4352 531 4407 rei
580 4351 797 4405 nomine
838 4359 1088 4414 vocatur;
1138 4360 1413 4417 postquam
1460 4361 1588 4401 vero
1634 4346 1848 4401 advenit

247 4448 465 4502 veritas
486 4486 503 4511 ,
547 4458 652 4497 non
685 4442 933 4512 amplius.
965 4440 1152 4495 Simile
1181 4439 1431 4509 quiddam
1461 4438 1641 4493 evenit
1665 4438 1718 4492 in
1748 4440 1846 4492 de-

248 4542 459 4593 lmeata
492 4536 743 4606 pictura:
772 4533 1059 4587 delineavit
1099 4532 1360 4601 quispiam
1404 4545 1584 4598 regem
1617 4547 1632 4583 :
1677 4530 1844 4583 linea-

249 4641 444 4686 menta
475 4629 566 4682 illa
593 4626 925 4687 adumbrata,
957 4624 1209 4693 quamdiu
1242 4624 1631 4692 pigmentorum
1663 4621 1761 4675 llos
1789 4637 1848 4676 se

250 4728 301 4777 in
332 4728 638 4791 conspectu
679 4735 783 4773 non
823 4718 936 4777 dat.
994 4731 1171 4786 regem
1206 4732 1308 4769 non
1347 4729 1631 4777 vocamus;
1665 4723 1719 4767 at
1758 4713 1846 4766 ubi

253 4825 357 4867 iste
388 4811 547 4866 color
572 4809 797 4863 accessit
816 4850 830 4871 ,
863 4807 1178 4862 obscuratur
1207 4806 1429 4858 veritate
1460 4813 1646 4873 typus,
1678 4818 1849 4871 neque

250 4912 488 4975 apparet
536 4919 550 4955 :
612 4911 844 4970 tuncque
895 4899 1155 4961 dicimus,
1209 4897 1347 4951 Ecce
1395 4912 1535 4951 nunc
1590 4905 1669 4950 est
1720 4910 1843 4951 rex.

250 4997 367 5051 Nec
396 4993 561 5053 dicit,
600 4991 656 5046 ln
695 4991 852 5045 nobis
879 4989 1022 5044 enim
1052 4999 1135 5043 est
1163 4986 1500 5042 circumcisio
1519 5027 1532 5048 ,
1566 4986 1689 5052 sed,
1737 4984 1848 5039 Nos

250 5101 476 5149 smnus;
505 5099 570 5138 ac
599 5084 790 5138 merito
816 5081 1049 5152 quidem.
1086 5080 1196 5133 lloc
1220 5079 1360 5133 enim
1402 5088 1486 5134 est
1527 5077 1707 5143 homo,
1740 5078 1847 5131 eir-

251 5176 524 5231 cnmcisio
549 5175 731 5229 virtuti
775 5186 1114 5242 congruens;
1146 5171 1246 5229 hoc
1284 5180 1368 5225 est
1401 5185 1527 5225 vere
1569 5168 1749 5225 homo.
1792 5170 1848 5224 In

253 5269 369 5322 illis
419 5275 592 5320 autem
636 5280 742 5319 non
770 5262 908 5317 dixit
933 5261 1043 5327 sic,
1075 5263 1169 5315 sed
1193 5301 1209 5327 ,
1266 5259 1437 5314 Videte
1464 5261 1798 5315 concisionem
1831 5276 1849 5315 :

254 5361 357 5429 ipsi
381 5359 531 5414 enim
552 5357 772 5427 posthac
788 5364 1071 5410 versantur
1088 5354 1140 5408 in
1164 5355 1376 5408 interitu
1398 5369 1461 5409 ac
1478 5354 1624 5409 vitio.
1648 5356 1849 5412 Deinde

253 5450 557 5506 ostendens
586 5465 692 5504 non
718 5448 950 5518 amplius
990 5447 1042 5501 in
1087 5461 1313 5517 corpore
1344 5446 1457 5501 lleri
1489 5449 1850 5503 circumcisio-

254 5558 407 5603 nent.
438 5541 536 5595 sed
569 5545 622 5594 in
649 5539 846 5604 corde,
876 5539 1049 5609 inquit
1074 5554 1087 5591 :
1120 5536 1188 5591 Et
1216 5554 1316 5591 non
1351 5538 1404 5591 in
1431 5553 1582 5591 carne
1608 5538 1848 5606 ﬁduciam

261 5636 548 5695 habentes;
577 5631 631 5685 ι.
655 5646 955 5700 quamquam
981 5638 1028 5683 et
1064 5644 1155 5700 ego
1178 5629 1388 5683 habeant
1410 5628 1765 5696 conﬁdentiam
1796 5631 1847 5683 in

258 5739 428 5779 tame.
454 5721 596 5793 Quid
619 5722 744 5779 dicit
764 5724 863 5779 hoc
885 5723 1024 5791 loco,
1046 5719 1438 5791 Conﬁdentimn.
1465 5729 1538 5785 et,
1566 5718 1629 5774 In
1650 5722 1844 5775 carne?

1190 302 1256 357 IN
1292 304 1503 361 l-LPlS'l'.
1548 304 1636 359 Al)
1677 303 1959 359 PHILIPP.
2002 305 2152 361 CAP.
2199 307 2286 365 ΙΙΙ.
2330 310 2561 368 IIOMIL.
2604 315 2672 371 Χ.

3460 335 3565 396 2‘18

1985 417 2190 491 Nempe
2230 424 2637 495 gloriationem,
2688 432 2900 499 plenam
2944 434 3211 509 ﬁdentius,
3256 453 3309 499 et
3348 462 3568 516 gravem

1985 514 2327 602 orationem:
2370 532 2433 571 ac
2478 519 2612 574 scite
2656 521 2798 577 istud
2847 524 3071 584 addidit.
3122 529 3254 587 Nam
3294 514 3565 602 siifuisset

1983 599 2229 656 ethnicus
2276 614 2328 659 et
2369 620 2647 663 accusaret
2690 612 3187 687 circumcisionem,
3239 639 3412 696 neque
3454 599 3566 685 eir.‘

1981 692 2361 792 cumcisionem
2393 699 2563 753 solum
2586 742 2601 767 ,
2632 702 2726 757 sed
2757 718 2849 759 eos
2874 708 2961 776 qui
2992 692 3363 782 intempestive
3394 720 3561 792 ipsam

1980 783 2316 882 reciperent;
2348 788 2619 845 videretur
2640 807 2770 849 sane
2791 795 2910 851 ideo
2931 799 2982 853 in
3004 800 3145 857 illam
3168 783 3563 882 irruere,quod

1982 874 2294 971 nobilitatis,
2324 895 2442 948 qum
2470 881 2730 939 Judaismi
2758 898 2873 941 erat
2903 894 3135 961 propria,
3168 910 3361 969 expers
3379 874 3559 971 esset,

1978 965 2117 1033 quod
2152 970 2402 1036 praeclara
2434 973 2520 1027 illa
2551 984 2604 1029 et
2636 978 2928 1045 majestatis
2958 984 3110 1051 plena
3144 965 3431 1059 ignoraret,
3464 965 3562 1051 ne;

1977 1072 2079 1125 que
2121 1059 2354 1127 ipsorum
2396 1074 2539 1119 esset
2571 1069 2831 1139 particeps
2865 1089 2879 1125 :
2921 1089 3060 1129 nunc
3100 1093 3226 1133 vero
3263 1082 3351 1149 qui
3395 1086 3561 1152 parti-

1976 1160 2101 1216 ceps
2129 1158 2230 1213 est,
2263 1161 2315 1244 et
2346 1155 2721 1223 reprehendit,
2755 1172 2901 1217 certe
2934 1179 3037 1218 non
3074 1166 3141 1220 ita
3172 1172 3511 1239 reprehendit
3534 1217 3554 1244 ,

1976 1244 2242 1336 tamquam
2274 1243 2318 1298 is
2344 1246 2431 1312 qui
2464 1262 2569 1301 non
2600 1251 2669 1303 sit
2716 1252 3010 1322 particeps,
3039 1257 3131 1311 sed
3164 1268 3428 1331 tamquam
3464 1243 3554 1336 qui

1973 1331 2413 1391 condemnaverit
2434 1380 2448 1402 ,
2498 1355 2603 1394 non
2631 1357 2694 1396 ex
2724 1344 3051 1414 ignorantia,
3095 1351 3189 1406 sed
3227 1357 3458 1412 maxime
3483 1331 3554 1414 ex

1972 1425 2296 1513 cognitione.
2328 1428 2462 1484 Vide
2494 1432 2671 1501 igitur,
2704 1437 2825 1506 quid
2856 1438 2995 1494 dicat
3022 1442 3073 1495 in
3099 1444 3332 1513 Epistola
3358 1449 3425 1504 ad
3448 1450 3554 1507 Ga-

1972 1511 2105 1607 latas
2126 1553 2148 1607 ,Δ
2184 1529 2302 1568 cum
2336 1516 2611 1575 incidisset
2650 1524 2701 1577 in
2747 1529 3118 1587 necessitatem
3147 1511 3338 1607 magna
3383 1540 3451 1595 de
3492 1558 3554 1599 se

1971 1600 2088 1669 ipso
2118 1602 2351 1671 dicendi,
2384 1612 2652 1678 quomodo
2682 1624 2733 1668 et
2762 1616 3110 1676 humilitatem
3140 1600 3263 1693 pra;
3281 1643 3340 1683 se
3370 1630 3505 1687 ferat
3533 1650 3547 1688 :

1967 1694 2241 1752 Andittistis
2261 1701 2412 1766 enim,
2441 1701 2628 1773 inquit,
2652 1711 3073 1767 conversationem
3097 1732 3255 1771 meum
3276 1722 3550 1790 aliquando

1966 1786 2018 1883 at
2041 1787 2313 1883 dudaismo
2336 1792 2479 1860 (Gal.
2515 1797 2563 1851 t.
2596 1799 2717 1869 t5);
2748 1812 2800 1855 et
2826 1819 3009 1859 rursus
3042 1807 3148 1872 hic,
3182 1812 3245 1865 Si
3271 1786 3383 1883 quis
3415 1819 3549 1873 alius

1965 1880 2159 1969 uidetur
2188 1885 2443 1952 conlidere
2477 1888 2529 1943 in
2556 1906 2743 1957 carne,
2792 1911 2883 1965 ego
2914 1899 3111 1969 magis;
3138 1918 3201 1959 ac
3237 1880 3418 1964 statim
3443 1911 3545 1966 ad-

1961 1968 2468 2067 junxitpllebrwus
2514 1996 2577 2034 ea:
2608 1980 2853 2039 Hebraeis.
2891 1968 3007 2042 Non
3040 1990 3140 2046 hoc
3182 2002 3448 2067 tamquam
3490 1999 3544 2057 id

1964 2062 2103 2132 quod
2147 2065 2247 2119 sibi
2295 2082 2389 2135 per
2430 2083 2488 2125 se
2513 2074 2844 2142 propositum
2884 2090 3045 2149 esset,
3079 2082 3228 2139 initio
3255 2062 3409 2152 dixit.
3445 2092 3543 2147 sed

1964 2162 2244 2223 postquam
2273 2156 2511 2227 dixerat,
2549 2161 2611 2217 Si
2653 2168 2764 2234 quis
2795 2166 2957 2235 alius,
2986 2173 3273 2229 ostendens
3302 2181 3539 2237 necessi-

1964 2254 2149 2313 tatem,
2178 2248 2501 2323 illorumque
2530 2271 2688 2311 causa
2720 2258 2834 2315 hare
2860 2276 2889 2315 a
2920 2277 2980 2317 se
3010 2263 3132 2319 dici.
3157 2266 3210 2322 Si
3239 2272 3532 2340 conﬁditis,

1962 2335 2153 2407 inquit,
2186 2338 2297 2409 Ego
2324 2346 2503 2414 magis.
2539 2346 2648 2401 lloc
2678 2364 2819 2404 nunc
2844 2356 3145 2410 necessario
3175 2357 3314 2422 dico,
3343 2335 3537 2435 alioqui

1961 2430 2267 2485 tacuissem.
2302 2435 2530 2490 Attende
2558 2452 2685 2491 vero
2729 2443 2998 2508 quomodo
3030 2445 3081 2499 in
3112 2450 3384 2517 arguendo
3412 2430 3541 2511 vitet

1959 2524 2161 2591 odium,
2194 2524 2319 2580 dum
2352 2542 2454 2581 non
2483 2531 2795 2585 nominatim
2826 2538 3033 2603 arguit,
3064 2546 3117 2592 et
3143 2541 3244 2594 illis
3272 2542 3448 2599 locum
3479 2561 3540 2602 se

1958 2614 2247 2683 recipiendi
2272 2615 2380 2670 dat.
2410 2618 2470 2671 Si
2489 2620 2599 2688 quis
2618 2622 2812 2675 videtur
2833 2626 3107 2694 confidere.
3130 2629 3195 2683 Et
3217 2642 3360 2688 recte
3380 2635 3536 2704 dixit,

1967 2706 2196 2775 Videtur,
2228 2709 2313 2764 vel
2344 2711 2483 2777 quod
2514 2722 2715 2767 tantum
2752 2715 2979 2771 ﬁdentia:
3007 2734 3111 2773 non
3144 2720 3429 2792 haberent;
3453 2729 3535 2784 vel

1958 2798 2097 2868 quod
2128 2816 2249 2854 vera
2300 2801 2513 2857 fidentia
2546 2820 2651 2858 non
2695 2816 2836 2861 esset
2868 2826 2880 2861 :
2914 2823 3075 2865 omne
3121 2814 3260 2867 enim
3294 2816 3396 2873 hoc
3438 2834 3536 2874 ne-

1956 2891 2221 2945 cessitatis
2248 2901 2400 2960 erat,
2432 2909 2538 2949 non
2576 2896 2876 2955 electionis.
2918 2900 2970 2955 5.
3002 2899 3339 2960 Circumcisus
3362 2918 3536 2975 octauo

1957 2982 2056 3035 die.
2112 2981 2347 3039 Primum
2394 2987 2543 3054 ponit
2585 2988 2725 3057 quod
2766 2991 2997 3047 maxime
3038 2994 3320 3065 Optabant,
3363 2999 3414 3054 id
3454 3010 3538 3057 est

1955 3074 2458 3142 circumcisionem;
2518 3077 2713 3134 deinde
2766 3082 2932 3150 illud,
2988 3084 3069 3138 Ea:
3120 3104 3299 3156 genere
3344 3088 3532 3150 Israel.

1956 3165 2196 3237 Utraque
2224 3168 2336 3224 haec
2361 3170 2615 3237 ostendit,
2641 3188 2813 3243 neque
2842 3176 3164 3248 proselytum
3192 3194 3251 3234 se
3272 3195 3411 3247 esse,
3439 3198 3537 3240 ne-

1953 3274 2059 3329 que
2087 3276 2152 3315 ex
2181 3262 2464 3333 proselytis
2486 3265 2790 3319 oriundum.
2817 3268 2947 3322 Nam
2971 3282 3035 3323 ex
3062 3284 3149 3335 eo,
3174 3272 3314 3342 quod
3344 3284 3536 3329 octavo

1954 3349 2041 3405 die
2067 3352 2415 3406 circumcisus
2445 3354 2533 3419 sit,
2568 3355 2872 3410 ostenditur
2896 3373 2999 3411 non
3028 3374 3147 3415 esse
3174 3362 3531 3434 proselytum;

1951 3454 2014 3495 ex
2045 3456 2110 3495 eo
2136 3452 2335 3505 autem,
2360 3442 2498 3512 quod
2523 3459 2589 3498 ex
2614 3461 2809 3514 genere
2838 3447 3021 3515 Israel,
3046 3452 3343 3507 Ostenditur
3363 3469 3534 3524 neque

1952 3547 2021 3586 ex
2053 3532 2360 3602 parentibus
2395 3535 2679 3605 proselytis
2707 3552 2828 3591 esse
2853 3548 3052 3593 ortum.
3099 3541 3299 3598 Deinde
3328 3561 3393 3599 ne
3429 3562 3533 3616 pu-

1954 3631 2033 3678 tes
2054 3666 2069 3691 ,
2106 3623 2185 3678 Ea:
2206 3641 2385 3695 genere
2417 3625 2614 3693 Israel,
2646 3628 2747 3683 hoc
2776 3629 3077 3701 signiﬁcare
3107 3648 3228 3689 esse
3255 3636 3425 3705 ipsum
3465 3653 3531 3693 ex

1952 3711 2136 3768 decem
2181 3713 2451 3781 tribubus,
2483 3716 2650 3787 inquit
2676 3758 2690 3782 ,
2719 3717 2797 3772 De
2824 3718 2957 3773 tribu
2983 3719 3285 3793 Benjamin;
3314 3726 3533 3795 perimle

1952 3817 2014 3856 ac
2043 3803 2086 3858 si
2116 3802 2317 3860 diceret
2339 3845 2352 3868 ,
2400 3807 2475 3861 Ex
2506 3809 2809 3877 probatiore
2838 3822 2989 3881 parte
3014 3830 3027 3866 :
3062 3829 3183 3869 nam
3210 3831 3330 3886 qua:
3355 3832 3532 3873 sacer-

1951 3895 2134 3948 dotum
2163 3904 2335 3963 erant,
2366 3898 2416 3951 iu
2445 3908 2589 3953 sorte
2614 3912 2771 3955 erant
2793 3902 2949 3973 hujus
2972 3905 3160 3960 tribus.
3197 3905 3440 3963 Hebre-ns
3469 3927 3533 3965 ea:

1954 3985 2202 4042 Hebrwis.
2233 3987 2365 4042 llinc
2392 3988 2626 4044 ostendit
2652 4006 2710 4045 se
2741 4008 2845 4047 non
2873 4008 2993 4049 esse
3038 3998 3364 4069 proselytum
3387 4041 3403 4067 ,
3436 4001 3532 4056 sed

1951 4079 2242 4147 antiquitus
2258 4094 2320 4132 ex
2340 4079 2499 4135 claris
2514 4079 2748 4137 Iudaeis:
2774 4094 2982 4153 poterat
2998 4088 3141 4142 enim
3161 4090 3275 4157 quis
3290 4089 3532 4148 Israelita

1950 4181 2098 4233 esse,
2147 4182 2244 4221 nec
2289 4177 2463 4222 tamen
2500 4170 2753 4225 llebrteus
2782 4187 2845 4226 ex
2880 4174 3118 4231 Hebraeis
3151 4195 3163 4228 :
3206 4178 3357 4231 multi
3388 4179 3529 4234 enim

1947 4257 2055 4325 jam
2085 4268 2138 4311 et
2166 4273 2278 4311 rem
2303 4259 2469 4326 ipsam
2500 4271 2872 4330 corruperant,
2901 4272 2956 4317 et
2983 4264 3213 4333 linguam
3242 4282 3348 4321 non
3378 4277 3531 4323 tene-

1951 4347 2102 4413 bant,
2132 4347 2255 4400 aliis
2281 4348 2506 4401 admiin
2540 4350 2809 4419 gentibus.
2844 4350 2941 4407 Vel
2972 4351 3075 4409 hoc
3103 4354 3284 4425 igitur,
3309 4358 3390 4413 vel
3413 4345 3532 4414 ma-

1950 4453 2107 4510 gnam
2136 4438 2463 4493 nobilitatem
2508 4440 2631 4495 hinc
2664 4441 3012 4498 demonstrat.
3042 4444 3335 4500 Secundum
3373 4448 3530 4519 legem

1956 4528 2173 4582 Pharia:
2189 4544 2267 4581 us.
2300 4528 2520 4583 Accedit
2547 4529 2740 4585 deinde
2770 4530 2835 4585 ad
2862 4547 2923 4587 ea
2943 4572 2961 4599 ,
2990 4548 3110 4604 quae
3136 4535 3203 4590 ad
3231 4535 3530 4595 institutunt

1951 4637 2106 4677 suum
2137 4622 2511 4690 pertinebant:
2543 4625 2818 4693 superiora
2846 4625 2988 4679 enim
3020 4630 3197 4682 omnia
3236 4644 3340 4685 non
3377 4644 3536 4691 erant

1952 4714 2158 4768 consilii
2187 4714 2267 4770 vel
2297 4715 2593 4770 electionis.
2624 4714 2810 4786 Neque
2836 4717 2977 4771 enim
3008 4733 3161 4775 suum
3202 4736 3338 4792 opus
3375 4736 3492 4781 erat
3513 4767 3531 4793 ,

1950 4806 2321 4860 circumcisum
2345 4821 2487 4873 esse,
2516 4816 2609 4861 aut
2640 4822 2705 4862 ex
2735 4823 2933 4878 genere
2962 4807 3124 4865 lsrael
3146 4852 3161 4879 ,
3189 4821 3279 4866 aut
3299 4825 3363 4868 ex
3390 4816 3529 4871 tribu

1953 4898 2249 4968 Benjamin.
2277 4899 2357 4953 Ex
2384 4899 2468 4953 his
2493 4915 2621 4969 ergo
2653 4902 2820 4970 magis
2851 4902 3181 4971 excellebat,
3212 4905 3311 4960 etsi
3353 4905 3405 4960 in
3433 4906 3532 4961 hac

1954 5003 2011 5043 re
2038 4989 2234 5043 multos
2260 4988 2489 5043 habebat
2514 4991 2707 5045 socios.
2736 4990 2872 5059 Quid
2894 5006 3023 5065 ergo
3045 5004 3128 5049 est
3148 4994 3298 5062 illud,
3325 4994 3535 5066 Magis?

1952 5080 2109 5135 Certe
2138 5080 2190 5134 in
2223 5080 2323 5135 hoc
2352 5082 2688 5148 excellebat,
2721 5083 2863 5153 quod
2905 5101 3010 5139 non
3041 5097 3157 5140 erat
3197 5086 3530 5158 proselytus,

1953 5172 2092 5244 quod
2121 5182 2236 5227 erat
2262 5189 2325 5228 ex
2356 5172 2727 5244 probatissima
2761 5177 2930 5242 tribu,
2963 5177 3213 5247 quodque
3238 5177 3534 5247 antiquitus

1954 5265 2005 5320 id
2044 5265 2264 5321 haberet
2293 5281 2321 5319 a
2354 5265 2679 5337 majoribus,
2711 5284 2829 5337 quae
2860 5267 3074 5339 quidem
3116 5283 3223 5321 non
3264 5269 3411 5324 multi
3442 5269 3535 5324 ha-

1956 5358 2170 5412 hebant.
2217 5358 2321 5414 Sed
2367 5360 2617 5428 quoniam
2666 5359 2780 5414 haec
2818 5361 2995 5414 omnia
3031 5358 3099 5415 ab
3136 5358 3401 5416 electione
3439 5377 3533 5417 sua

1955 5449 2171 5503 minime
2217 5449 2449 5519 profecta
2495 5452 2739 5515 fuerant,
2771 5448 2978 5505 accedit
3002 5449 3068 5505 ad
3111 5465 3173 5507 ea
3204 5466 3322 5521 quae
3368 5449 3535 5522 ipsius

1954 5547 2113 5593 sectae
2139 5548 2295 5603 sunt,
2328 5539 2414 5594 ubi
2445 5539 2618 5593 elucet
2662 5536 2790 5593 illud
2812 5580 2827 5604 ,
2860 5537 3032 5611 Magis
3073 5540 3347 5594 secundum
3377 5540 3536 5612 legem

1955 5630 2245 5684 Pharistcus
2264 5673 2276 5694 ,
2311 5630 2362 5684 ὓ.
2391 5628 2667 5683 secundum
2703 5631 3072 5685 «mulationem
3108 5647 3404 5703 persequens
3432 5631 3535 5686 Ec-

1953 5724 2176 5778 clesium.
2223 5722 2381 5777 Addit
2423 5722 2552 5781 hoc.
2592 5722 2845 5785 quoniam
2889 5718 3018 5777 illud
3053 5718 3224 5774 solum
3259 5735 3363 5772 non
3401 5718 3534 5771 satis
