4044 6202
517 308 622 362 933‘.)

509 433 627 478 erat
665 421 732 478 ad
770 420 1103 494 probandum
1148 420 1308 483 illud,
1342 419 1511 490 Magis
1533 434 1552 473 :
1584 432 1704 472 nam
1733 417 1856 471 licet
1900 414 2088 470 Phari-

513 529 680 569 smum
723 523 884 568 etiam
916 528 1064 577 csse,
1110 526 1208 566 nec
1239 520 1413 565 tamen
1445 509 1746 564 vehementi
1794 508 1908 562 zelo
1935 505 2098 560 affici.

515 603 809 658 Secundum
829 603 1105 672 justitiam.
1132 601 1272 656 Fieri
1291 601 1432 654 enim
1459 608 1636 670 potest
1654 607 1711 652 ut
1731 598 1848 668 quis
1870 595 2100 667 pericula

513 703 822 749 contemnat
850 708 918 748 ex
953 692 1283 762 principatus
1304 705 1509 752 amore,
1538 699 1598 744 ut
1624 689 1892 759 principes
1917 701 2102 741 sacer-

515 785 701 838 dotum
731 783 1028 844 faciebant,
1061 797 1166 835 non
1195 791 1372 834 autent
1404 797 1467 835 ex
1498 781 1629 850 legis
1659 779 1854 834 studio.
1883 778 1977 832 ille
2006 794 2104 830 au-

518 889 625 930 tem
655 892 758 930 non
785 875 903 928 talis
928 883 1074 936 erat,
1114 873 1234 940 sed,
1266 872 1559 936 Secupduut
1582 873 1867 943 justitiam,
1902 870 2104 939 inquit,

514 981 626 1035 qua:
659 967 710 1018 in
741 966 844 1035 lege
876 975 982 1030 est,
1015 974 1334 1018 conversatus
1371 964 1479 1017 siue
1503 961 1728 1032 querela.
1758 962 1940 1031 Itaque
1970 960 2012 1014 si
2054 970 2108 1014 et

518 1055 812 1110 nobilitatis
841 1071 970 1127 ergo
1005 1065 1060 1110 et
1093 1055 1251 1110 studii
1282 1055 1680 1124 alacritatisque
1715 1065 1768 1108 et
1805 1069 2013 1106 morum
2055 1061 2110 1106 et

520 1151 639 1201 vitae
665 1163 855 1202 omnes
886 1147 1271 1202 antecellebam
1293 1188 1309 1211 ,
1351 1161 1448 1201 cur
1475 1146 1729 1214 prmelara
1769 1143 1858 1197 illa
1885 1142 2108 1197 dimise-

519 1238 618 1291 rim
640 1280 654 1303 ,
691 1238 891 1308 inquit,
925 1237 1026 1292 nisi
1057 1236 1196 1308 quod
1225 1252 1309 1301 ea,
1340 1252 1458 1306 qua:
1489 1234 1685 1292 Cltristi
1716 1244 1862 1298 sunt,
1888 1248 2110 1304 repere-

519 1329 619 1382 rim
660 1329 895 1396 majora,
937 1344 1000 1382 ac
1027 1329 1185 1399 longe
1229 1327 1441 1397 quidem
1483 1325 1726 1396 majora?
1754 1325 2110 1392 Quamobrem

521 1417 727 1472 addidit
753 1437 766 1471 :
797 1419 850 1473 7.
878 1418 985 1472 Sed
1003 1434 1116 1488 qua:
1142 1418 1266 1471 mihi
1288 1422 1492 1488 fuerunt
1519 1417 1686 1483 lucra,
1710 1417 1816 1471 haec
1841 1416 2113 1469 arbitratus

523 1523 634 1560 sum
664 1517 873 1577 propter
895 1507 1148 1562 Christum
1179 1507 1496 1562 detrimenta.

593 1598 647 1651 5.
678 1597 833 1650 Amor
864 1598 1091 1668 pecunia:
1110 1598 1414 1668 exagitetur.
1438 1627 1507 1638 -—
1525 1597 1717 1652 Paulus
1737 1596 1954 1668 quidem
1977 1595 2116 1651 hanc

524 1688 645 1742 vitm
691 1691 954 1743 rationem
997 1687 1133 1743 adeo
1173 1689 1490 1758 exrptisitam
1529 1697 1582 1743 ct
1621 1688 1688 1742 ab
1716 1689 1934 1744 ineunte
1960 1695 2118 1742 aetate

522 1790 846 1850 susceptam,
876 1789 1077 1834 tantam
1105 1781 1458 1843 nobilitatem,
1490 1789 1632 1835 tanta
1664 1781 1920 1849 pericula,
1945 1789 2118 1834 lautas

532 1871 779 1936 insidias,
816 1871 1030 1926 labores
1050 1913 1065 1936 ,
1093 1872 1270 1926 studia
1304 1871 1528 1942 projecit
1556 1887 1619 1926 ac
1643 1872 1834 1926 damna
1877 1872 2116 1941 putavit,

529 1977 653 2016 eum
680 1970 835 2016 antea
864 1962 1011 2016 lucra
1035 1971 1237 2028 essent,
1273 1970 1329 2016 ut
1352 1961 1624 2017 Christum
1655 1962 1989 2026 lucraretur;
2023 1975 2120 2015 nos

533 2071 663 2111 vero
691 2070 864 2126 neque
890 2055 1168 2124 pecuniam
1190 2055 1604 2117 contemnimus,
1637 2063 1694 2108 ut
1723 2053 1994 2108 Christum
2027 2053 2123 2107 lu—

533 2161 769 2212 cremur,
801 2145 893 2200 sed
926 2146 1191 2199 malumus
1227 2143 1418 2198 futura:
1444 2145 1565 2198 vita:
1599 2144 1863 2214 iacturam
1904 2141 2080 2197 facere
2103 2182 2118 2208 ,

528 2252 687 2305 quam
717 2236 1059 2306 przcsentium
1083 2250 1298 2289 rerum:
1327 2250 1646 2304 quamquam
1672 2233 1790 2287 haec
1818 2232 1950 2288 nihil
1979 2231 2120 2286 aliud

529 2334 655 2380 sunt
679 2340 836 2395 quam
871 2324 1147 2379 damnum.
1181 2324 1326 2379 Cedo
1359 2326 1503 2379 enim
1542 2313 1812 2394 sigillatim
1855 2323 2122 2394 expenda-

534 2430 654 2470 mus
679 2431 763 2481 ca,
786 2431 902 2483 quae
934 2415 984 2469 in
1028 2415 1228 2470 divitiis
1255 2417 1435 2470 insunt
1460 2434 1471 2465 τ
1505 2430 1685 2470 annon
1711 2416 1962 2470 damnum
1990 2431 2122 2470 cen-

532 2507 640 2562 seri
669 2506 796 2560 illud
824 2506 1011 2571 debet,
1043 2507 1184 2576 quod
1227 2507 1464 2561 laborem
1511 2508 1778 2578 ingentem
1812 2507 2006 2572 habet,
2040 2507 2124 2561 lu-

533 2611 681 2652 crum
707 2611 834 2651 vero
864 2595 1105 2650 nullum?
1132 2596 1267 2664 Quid
1295 2597 1459 2660 enim,
1493 2597 1580 2651 dic
1608 2597 1760 2663 mihi,
1791 2597 2034 2651 utilitatis
2053 2613 2121 2651 ex

536 2690 715 2745 multis
755 2703 818 2742 ac
858 2687 1106 2758 pretiosis
1143 2688 1421 2743 vestibus?
1447 2699 1606 2759 atque
1635 2689 1750 2743 istis
1790 2688 1958 2742 induti
1999 2687 2125 2758 quid

536 2783 669 2839 lucri
715 2781 974 2836 facimus?
1015 2781 1156 2836 Nihil
1203 2782 1393 2851 plane,
1437 2781 1530 2835 sed
1569 2782 1821 2835 damnum
1852 2781 2129 2835 dumtaxat

535 2881 894 2944 reportamus.
942 2871 1263 2941 Quomodo?
1309 2872 1570 2939 Quoniam
1614 2882 1668 2927 et
1719 2888 1922 2943 pauper
1968 2872 2124 2926 vilem

538 2961 823 3034 trititmque
851 2975 1058 3019 vestem
1086 2963 1265 3019 ferens
1293 2963 1344 3018 in
1371 2962 1617 3018 maximis
1637 2963 1928 3031 caloribus,
1960 2963 2129 3020 nihilo

536 3058 773 3113 deterius
801 3058 903 3112 fert
928 3066 1116 3112 uastum
1150 3071 1308 3126 quant
1349 3063 1440 3117 tu;
1478 3055 1718 3126 quiuimo
1761 3055 1850 3111 ille
1878 3055 2123 3112 facilius:

539 3147 663 3200 trita
689 3147 830 3201 enim
859 3153 914 3200 et
937 3147 1088 3200 unica
1113 3146 1319 3200 facilius
1343 3145 1469 3199 sinit
1498 3144 1786 3215 respirare,
1813 3161 1876 3200 ac
1897 3146 2128 3201 recreari

537 3251 803 3306 corpora;
847 3251 968 3307 quze
1010 3245 1187 3290 autem
1219 3250 1406 3290 recens
1439 3235 1679 3290 confecta
1719 3247 1834 3302 εει,
1879 3236 2042 3291 etiam
2083 3237 2128 3290 si

541 3344 857 3385 aranearum
886 3329 1007 3384 telis
1035 3329 1262 3392 tenuior,
1294 3344 1399 3382 non
1430 3328 1580 3384 item.
1613 3329 1690 3383 Ac
1723 3337 1775 3382 tu
1797 3329 2010 3400 quidem
2045 3328 2128 3382 ui-

542 3423 652 3476 tuio
681 3422 851 3476 elatus
895 3422 1072 3488 fastu,
1104 3431 1155 3476 et
1185 3421 1336 3476 binas
1373 3432 1660 3492 tet-nasque
1699 3423 1939 3489 tunicas,
1986 3437 2130 3493 swpe

539 3525 670 3565 vero
691 3518 746 3566 et
767 3510 1051 3565 amiculum
1081 3521 1135 3564 et
1165 3527 1352 3565 zonam
1385 3519 1442 3566 et
1467 3511 1792 3583 subligaculo
1818 3512 1984 3568 habes
2009 3531 2022 3567 :
2058 3514 2128 3568 illi

540 3619 670 3658 vero
701 3618 859 3659 nemo
881 3605 1092 3660 crimini
1133 3603 1254 3672 dat,
1296 3605 1436 3674 quod
1481 3607 1632 3660 unica
1675 3615 1884 3676 tegatur
1913 3607 2086 3662 tunica
2112 3647 2128 3673 ,

541 3694 774 3764 hirtoque
803 3694 1011 3749 facilius
1055 3693 1162 3749 fert
1196 3705 1408 3750 mslum.
1439 3696 1504 3749 Et
1543 3696 1664 3752 ideo
1693 3695 1885 3752 divites
1913 3695 2128 3767 quidem

539 3785 782 3839 videmus
821 3784 1098 3839 madentes
1139 3784 1369 3851 sudore,
1414 3802 1676 3856 pauperes
1717 3803 1848 3842 vero
1888 3789 2126 3846 minimc.

539 3874 766 3941 Quando
805 3873 965 3943 igitur
1004 3875 1208 3928 homini
1256 3877 1505 3930 euntdcm
1541 3878 1623 3932 vel
1669 3879 1830 3932 etiam
1868 3880 2129 3949 potiorem

539 3979 694 4018 usum
723 3963 960 4032 pratbent
985 3966 1299 4018 vestimenta
1331 3967 1478 4030 vilia,
1509 3977 1564 4021 et
1590 3969 1738 4023 nullo
1767 3985 1932 4039 prope
1961 3973 2133 4040 pretio

541 4064 758 4123 comta;
791 4054 878 4108 illa
907 4071 1036 4110 vero
1058 4096 1072 4120 ,
1106 4059 1159 4110 in
1189 4057 1381 4126 quibus
1412 4060 1719 4114 necessario
1746 4063 1969 4118 multum
2014 4065 2131 4120 auri

541 4146 921 4202 effundendum
951 4147 1068 4210 fuit,
1091 4149 1222 4203 nihil
1247 4150 1363 4220 plus
1384 4151 1656 4206 efficiunt:
1681 4167 1859 4209 nonne
1877 4153 2130 4212 damnum

543 4247 623 4292 est
648 4238 893 4292 nimirum
919 4238 1044 4293 illud
1073 4255 1135 4294 ac
1161 4243 1658 4311 supervacaneum?
1683 4242 1825 4299 Nihil
1848 4246 1990 4302 enim
2016 4249 2134 4319 plus

543 4328 801 4390 afferunt,
835 4330 977 4400 quod
1017 4331 1083 4386 ad
1111 4347 1264 4387 usum
1294 4343 1347 4388 et
1373 4337 1718 4391 commodum
1744 4338 2006 4408 pertinet;
2037 4341 2130 4396 sed
2205 4353 2207 4355 ‘

544 4421 665 4490 plus
685 4424 798 4476 auri
822 4422 1047 4477 effusum
1073 4424 1164 4480 tibi
1183 4433 1287 4489 est,
1310 4427 1557 4482 eumdem
1587 4444 1715 4484 vero
1736 4445 1890 4487 usum
1911 4441 1963 4486 et
1985 4449 2134 4488 com-

547 4511 856 4566 moditatem
887 4513 1042 4568 habet
1073 4533 1086 4569 :
1119 4524 1170 4567 tu
1199 4515 1416 4585 qnident
1445 4516 1595 4573 dives
1621 4529 1858 4587 centum,
1885 4532 1976 4578 aut
1995 4523 2132 4579 forte
2207 4524 2209 4526 ’

543 4603 703 4656 etiam
728 4604 966 4672 pluribus
987 4605 1164 4659 aureis
1179 4606 1388 4673 emisti;
1421 4624 1623 4678 pauper
1643 4625 1771 4666 vero
1793 4615 2023 4682 pauculo
2039 4631 2128 4670 ar-

544 4703 726 4760 gento.
763 4695 921 4748 Vides
957 4695 1248 4751 damnum?
1277 4696 1382 4753 Sed
1431 4698 1598 4756 fastus
1629 4701 1814 4758 videre
1846 4720 1953 4758 non
1981 4707 2127 4761 sinit.

545 4782 710 4838 Visne
748 4785 861 4839 auri
899 4787 1093 4853 etiam,
1133 4788 1273 4858 quod
1315 4799 1368 4844 et
1397 4792 1548 4862 equis
1589 4801 1644 4847 et
1684 4794 1995 4851 mulieribus
2027 4797 2132 4852 cir-

544 4875 832 4940 cmndant,
868 4879 1124 4933 rationem
1155 4880 1556 4938 subducamus?
1587 4884 1667 4939 Ad
1693 4885 1793 4940 alia
1822 4889 1964 4943 enim
1993 4890 2130 4945 mala

548 4967 650 5021 hoc
673 4967 831 5020 etiam
860 4967 1087 5032 accedit,
1118 4969 1259 5039 quod
1284 4970 1488 5026 divitia:
1513 4986 1754 5030 amentes
1780 4976 1994 5033 faciant.
2024 4981 2130 5035 Eo-

547 5057 669 5112 dem
698 5058 840 5111 enim
887 5058 1090 5112 honore
1131 5068 1186 5113 et
1215 5061 1473 5118 mulieres
1516 5073 1571 5118 et
1607 5081 1775 5136 equos
1803 5067 2128 5139 dignantur:

547 5164 686 5205 unus
706 5158 790 5204 est
816 5161 1158 5222 utrorumque
1181 5164 1435 5222 ornatus;
1469 5167 1631 5228 atque
1655 5175 1721 5215 ex
1751 5159 1938 5218 iisdem
1970 5163 2130 5220 rebus

543 5239 730 5295 volunt
773 5240 1024 5296 mulieres
1065 5242 1459 5310 splendidiores
1500 5262 1792 5318 apparere,
1835 5267 1901 5308 ex
1938 5255 2133 5325 quibus

546 5341 600 5384 ιιι
623 5330 863 5386 vehicula
882 5372 898 5396 ,
939 5347 1006 5388 ex
1035 5333 1232 5404 quibus
1256 5345 1310 5390 et
1336 5337 1506 5408 pelles
1534 5341 1860 5398 cortinarum
1881 5384 1896 5410 ,
1931 5345 1982 5399 in
2013 5347 2132 5417 qui-

545 5424 644 5477 hus
671 5422 954 5479 vehuntur.

612 5513 802 5569 Contra
827 5517 1025 5572 luxtuu.
1068 5519 1289 5575 ﬁdium
1319 5535 1546 5581 ornatus.
1573 5558 1644 5568 —-
1673 5528 1767 5584 Die
1798 5531 1926 5585 ntilti
1945 5574 1960 5598 ,
1999 5535 2125 5604 quid

545 5606 679 5661 lui-ri
709 5619 813 5674 est,
839 5609 1036 5665 mulum
1061 5615 1141 5668 vel
1164 5629 1357 5684 equum
1385 5633 1516 5674 auro
1535 5623 1769 5678 ornare?
1789 5625 1980 5681 mulier
2004 5644 2132 5684 vero

551 5707 691 5752 tanta
720 5700 836 5754 auri
860 5700 1199 5775 lapidumque
1221 5708 1361 5765 mole
1383 5712 1729 5783 circumdata,
1749 5717 1876 5786 quid
1900 5723 2128 5791 aequius

1231 307 1285 362 S.
1327 304 1604 362 )0.“le
1641 301 2112 359 CllllYSOSTOMI
2155 299 2470 357 ABClllEl’.
2512 299 3044 360 CONSTANTl-NOP.

3693 321 3817 374 ειη

2213 414 2417 471 habet?
2447 417 2520 472 At
2545 419 2687 472 enim
2735 433 2924 483 aurea,
2971 417 3183 489 inquit,
3232 433 3338 474 non
3383 434 3820 488 consumuntur.

2207 499 2459 566 Quinimo
2485 509 2540 556 et
2569 500 2671 555 hoc
2699 501 2805 556 illis
2832 501 3076 556 accidere
3118 502 3410 569 affirmant,
3439 507 3529 576 qui
3553 507 3650 563 ista
3680 513 3768 563 cal
3788 537 3804 548 ~

2209 591 2320 647 lcnt
2343 635 2358 659 ,
2386 592 2530 662 quod
2559 593 2611 648 in
2640 593 2845 648 balneis
2885 602 2939 649 et
2963 594 3090 648 alibi
3120 609 3265 665 smpe
3288 606 3344 651 et
3373 596 3578 665 lapides
3615 611 3670 655 et
3696 617 3804 654 au-

2210 700 2301 739 rea
2346 686 2568 739 multant
2599 685 2666 740 de
2697 686 2870 756 pretio
2904 685 3170 756 perdunt:
3207 701 3390 742 verum
3426 689 3496 744 sit
3523 691 3593 745 ita
3619 706 3754 746 sane
3780 733 3802 760 ,

2212 784 2267 828 ut
2299 775 2376 828 vis
2398 815 2412 838 ,
2444 774 2685 845 nihilque
2726 775 3025 840 lzedantur;
3054 776 3188 831 cedo
3231 779 3358 848 quid
3389 779 3519 834 lucri
3546 780 3571 834 ?
3612 782 3751 847 Quid
3781 786 3807 834 ?

2213 881 2335 920 cum
2379 866 2678 920 exciderint
2725 881 2789 922 ac
2839 869 3128 936 perierint,
3161 885 3338 927 annon
3385 871 3639 928 damnant
3668 885 3756 929 est
3788 882 3810 940 ﬁ!

2213 956 2348 1024 Quid
2381 971 2542 1023 vero,
2572 973 2695 1011 cum
2723 958 2976 1013 invidiam
3001 970 3162 1030 atque
3192 961 3413 1015 insidias
3443 963 3494 1016 in
3524 980 3585 1019 se
3610 968 3806 1020 conci-

2217 1051 2415 1116 tarint,
2449 1065 2627 1104 nonne
2672 1050 2970 1106 damnum?
3016 1052 3148 1106 Nam
3195 1055 3623 1125 quandoquidem
3669 1058 3809 1113 nihil

2215 1151 2442 1212 prosunt
2491 1143 2834 1198 circumdata:
2873 1144 3115 1210 mulieri,
3149 1145 3482 1201 inflammant
3514 1164 3639 1203 vero
3669 1150 3812 1204 invi-

2215 1233 2406 1288 dorum
2455 1234 2641 1289 oculos
2681 1244 2737 1289 et
2778 1235 3012 1290 latrones
3061 1237 3230 1307 magis
3283 1238 3516 1293 excitant
3564 1257 3577 1294 :
3623 1254 3810 1296 nonne

2216 1325 2469 1380 damnum
2516 1325 2786 1380 afferunt?
2824 1326 2963 1394 Quid
2991 1343 3123 1382 vero
3150 1370 3164 1394 ,
3199 1328 3283 1382 die
3324 1330 3491 1396 mihi,
3524 1346 3647 1387 cum
3677 1332 3812 1388 licev

2220 1428 2305 1472 ret
2333 1418 2448 1472 viro
2471 1417 2556 1471 his
2586 1418 2659 1470 uti
2690 1418 2756 1472 ad
2789 1419 3057 1489 negotium
3084 1435 3275 1491 magno
3298 1437 3419 1475 cum
3441 1423 3813 1478 emolumento

2218 1511 2514 1580 gerendmn
2537 1553 2552 1575 ,
2582 1527 2682 1566 nec
2713 1521 2890 1568 tamen
2917 1521 3094 1582 potest
3125 1513 3194 1568 ob
3216 1523 3540 1584 sumptuosa:
3565 1516 3814 1571 mulieris

2221 1603 2404 1658 luxum
2430 1644 2446 1671 ,
2477 1604 2795 1676 cogiturque
2834 1605 2947 1674 ipse
2968 1620 3090 1659 cum
3123 1603 3262 1671 fame
3286 1605 3619 1672 conflictari,
3656 1615 3714 1661 et
3757 1608 3813 1661 in

2220 1711 2460 1751 summas
2503 1695 2696 1752 adduci
2721 1696 2998 1766 angustias
3020 1737 3036 1762 ,
3070 1697 3213 1752 illam
3243 1713 3371 1751 vero
3401 1707 3647 1768 spectare
3674 1714 3814 1752 auro

2222 1798 2506 1844 onustam:
2541 1803 2723 1844 nonne
2761 1787 2863 1844 hoc
2900 1787 3154 1843 damnum
3184 1789 3300 1843 est?
3336 1789 3622 1861 PrOpterea
3662 1792 3811 1846 enim

2224 1880 2464 1950 pecunia:
2491 1879 2648 1934 dicta:
2678 1889 2804 1934 sunt
2829 1893 3078 1952 χρήματα,
3107 1879 3159 1936 id
3189 1890 3271 1936 est
3292 1883 3442 1935 utilia
3465 1921 3480 1946 ,
3509 1898 3616 1936 non
3645 1894 3704 1936 ut
3735 1884 3813 1953 ip.

2227 1973 2302 2026 sis
2328 1972 2405 2025 sic
2429 1988 2526 2026 nos
2556 1981 2787 2048 utamur,
2816 1973 3266 2042 quemadmodum
3292 1982 3512 2029 utuntur
3530 1974 3812 2029 aurificem

2229 2063 2496 2129 prothecm
2516 2105 2531 2128 ,
2561 2063 2654 2118 sed
2687 2073 2746 2118 ut
2769 2079 2834 2119 ex
2879 2065 2983 2118 illis
3013 2064 3222 2119 honesti
3252 2065 3523 2136 quidpiam
3567 2081 3810 2135 agamus.

2227 2155 2453 2222 Quando
2496 2155 2656 2224 igitur
2685 2156 2801 2209 auri
2853 2156 3117 2224 cupiditas
3167 2155 3216 2208 id
3266 2156 3486 2210 minime
3513 2156 3811 2225 permittit,

2229 2261 2406 2301 annon
2447 2261 2534 2301 res
2561 2255 2668 2301 tota
2708 2246 2964 2302 damnum
2995 2248 3116 2302 est?
3161 2247 3291 2302 Nam
3321 2247 3410 2319 qui
3443 2250 3573 2318 ipsis
3600 2252 3675 2302 uti
3708 2266 3812 2304 non

2229 2339 2426 2406 audet,
2472 2340 2696 2410 perinde
2727 2355 2790 2395 ac
2833 2341 2878 2394 si
2907 2342 3080 2394 aliena
3108 2352 3287 2396 essent
3309 2383 3324 2408 ,
3356 2342 3426 2395 ita
3467 2359 3572 2396 non
3604 2344 3810 2407 utitur;

2231 2432 2443 2486 sublato
2495 2443 2671 2488 autem
2726 2448 2824 2487 usu
2870 2433 2982 2503 jam
3025 2449 3129 2488 non
3173 2441 3300 2488 sunt
3345 2447 3609 2503 χρήματᾳ,
3639 2435 3695 2489 id
3734 2445 3816 2490 est

2233 2523 2406 2576 utilia.
2439 2523 2576 2590 Quid
2625 2539 2753 2578 vero
2779 2564 2793 2590 ,
2833 2539 2954 2578 cum
2994 2524 3138 2579 a-dcs
3178 2525 3486 2595 splendidas
3512 2536 3566 2580 ct
3593 2542 3815 2598 magnas

2230 2615 2561 2670 a‘dificamus
2585 2658 2600 2680 ,
2629 2618 2878 2687 ipsasque
2921 2627 2975 2672 et
3003 2619 3267 2674 columnis
3293 2628 3348 2674 et
3373 2621 3736 2675 marmoribus
3763 2631 3817 2676 et

2232 2708 2529 2778 porticibus
2593 2717 2649 2763 ct
2698 2709 3177 2778 ambulationibus,
3239 2711 3519 2783 modisque
3570 2714 3821 2768 omnibus

2232 2814 2593 2866 exornamus,
2646 2800 2787 2854 idola
2847 2800 3046 2872 ubique
3100 2813 3155 2856 et
3199 2813 3403 2856 statuas
3452 2803 3820 2860 collocautest

2229 2889 2379 2945 Multi
2429 2889 2643 2961 quidem
2687 2905 2750 2946 ex
2800 2890 2883 2946 his
2929 2893 3089 2947 etiam
3137 2891 3410 2947 dzcmonas
3463 2905 3686 2960 vocant;
3725 2895 3818 2950 sed

2235 2982 2546 3036 omittamus
2578 2998 2717 3038 nunc
2760 2983 2919 3038 istud.
2951 2983 3087 3050 Quid
3117 2983 3219 3039 sibi
3263 2985 3374 3038 vult
3397 2993 3451 3039 et
3492 2994 3695 3040 tectum
3723 3003 3821 3039 au-

2233 3075 2428 3130 reum?
2476 3090 2656 3130 nonne
2702 3076 2933 3132 eundem
2966 3092 3118 3131 usum
3147 3092 3243 3130 sua
3272 3077 3348 3131 illi
3374 3077 3564 3132 domus
3593 3078 3818 3147 pra-bet.

2233 3167 2323 3236 qui
2346 3166 2447 3221 sibi
2477 3175 2656 3236 aptam
2685 3183 2747 3222 ac
2779 3168 3044 3222 modicnm
3074 3167 3268 3223 habet?
3287 3171 3359 3224 At
3386 3170 3581 3234 habet,
3607 3171 3781 3241 inquit
3803 3212 3819 3235 ,

2234 3273 2478 3327 magnam
2500 3257 2932 3313 delectationem.
2955 3259 3095 3314 Sane
3115 3276 3275 3314 unum
3293 3269 3385 3315 aut
3403 3262 3629 3317 alterum
3651 3263 3819 3324 diem.

2235 3347 2436 3404 exinde
2466 3364 2595 3405 vero
2624 3350 2870 3405 minime.
2899 3348 3030 3404 N.uu
3061 3351 3105 3405 si
3134 3353 3304 3407 solent
3335 3353 3507 3422 ipsum
3537 3370 3643 3408 non
3668 3355 3821 3409 valde

2233 3439 2567 3496 admiramur
2605 3480 2620 3506 ,
2678 3441 2820 3510 quod
2877 3443 2925 3498 ci
2979 3443 3208 3498 videndo
3255 3445 3621 3509 assucvimus,
3677 3455 3823 3500 certe

2235 3531 2406 3585 multo
2427 3531 2604 3586 minus
2634 3547 2797 3602 opera
2843 3535 2973 3589 artis
2998 3552 3014 3600 ;
3045 3534 3142 3590 sed
3184 3536 3351 3590 nihilo
3394 3537 3560 3606 magis
3585 3551 3750 3607 quam
3778 3538 3820 3591 si

2236 3623 2375 3677 lutea
2420 3634 2634 3688 essent,
2666 3625 3014 3680 attendimus.
3047 3627 3184 3695 Quid
3223 3629 3397 3692 enim,
3440 3628 3525 3683 dic
3553 3629 3688 3683 mihi
3713 3670 3730 3695 ,
3758 3629 3822 3684 ad

2235 3715 2608 3770 mdificationis
2631 3717 3064 3772 commoditatem
3095 3717 3379 3773 multitudo
3405 3719 3778 3775 columnarum
3806 3763 3819 3784 ,

2237 3815 2292 3861 et
2321 3807 2596 3877 signorum
2624 3808 2993 3877 pulchritudo,
3027 3818 3082 3864 et
3107 3825 3294 3865 aurum
3327 3811 3493 3864 muris
3522 3811 3820 3880 iuspersum

2236 3897 2485 3952 Confert?
2536 3898 2719 3964 Nihil,
2749 3899 2843 3954 sed
2889 3901 3071 3955 omnia
3104 3901 3259 3956 luxus
3280 3941 3296 3966 ,
3328 3903 3635 3970 petulantiae
3657 3945 3677 3970 ,
3709 3905 3818 3959 ela-

2240 3987 2399 4041 tionis
2423 3988 2604 4043 nimia:
2624 4029 2640 4056 ,
2671 4006 2735 4044 ae
2755 3990 3039 4048 dementia:
3065 4002 3206 4047 sunt.
3238 3992 3446 4064 Ubique
3485 3995 3629 4049 enim
3657 3996 3822 4050 rebus

2237 4079 2592 4147 necessariis,
2651 4081 2951 4152 quibusque
2999 4093 3244 4150 utan-ur,
3275 4084 3450 4140 danda
3489 4100 3652 4156 Opera
3703 4096 3820 4153 est,

2238 4184 2343 4224 non
2393 4171 2688 4226 inutilibus.

2307 4262 2364 4316 4.
2407 4261 2567 4318 Vides
2613 4279 2726 4318 rem
2774 4265 2930 4320 istam
2963 4266 3217 4323 damnum
3244 4268 3407 4324 esse?
3438 4268 3587 4325 vides
3630 4285 3821 4342 super-

2237 4369 2524 4410 vacaneam
2545 4366 2598 4411 et
2619 4357 2859 4414 inutilem
2881 4360 2905 4411 ?
2928 4359 3059 4415 Nam
3082 4361 3127 4414 si
3153 4377 3325 4431 neque
3347 4361 3600 4432 majorem
3628 4379 3783 4419 usum
3800 4401 3820 4433 ,

2238 4460 2412 4515 neque
2458 4446 2869 4506 delectationem
2918 4451 3073 4506 affert
3125 4453 3472 4523 (procedente
3501 4455 3644 4510 enim
3680 4465 3816 4510 tetu

2240 4550 2367 4605 pore
2393 4540 2688 4593 satietatem
2717 4541 2874 4610 parit)
2899 4559 2913 4596 :
2942 4541 3072 4598 nihil
3095 4544 3236 4599 aliud
3261 4555 3344 4599 est
3364 4585 3380 4610 ,
3414 4546 3514 4600 nisi
3539 4545 3818 4602 damnum.

2237 4625 2342 4681 Sed
2373 4628 2592 4684 obstans
2629 4631 2798 4686 inanis
2824 4633 3010 4702 gloria:
3062 4636 3296 4690 studium
3328 4636 3488 4704 facit,
3522 4651 3589 4693 ne
3635 4639 3822 4694 videa-

2236 4733 2375 4772 mus.
2411 4717 2482 4772 lta
2513 4719 2707 4775 Paulus
2735 4723 2950 4792 quidem
2973 4741 3092 4795 qua:
3119 4727 3264 4782 lucra
3291 4743 3413 4783 esse
3441 4729 3819 4794 arbitrabatur,

2237 4824 2301 4864 ea
2331 4811 2549 4881 reliquit
2577 4831 2590 4868 :
2626 4830 2724 4870 nos
2752 4831 2880 4870 vero
2909 4834 3083 4888 neque
3126 4835 3186 4875 ea
3211 4862 3224 4884 ,
3257 4837 3377 4892 quae
3431 4822 3624 4879 damna
3653 4834 3783 4879 sunt
3805 4864 3819 4886 ,

2237 4918 2335 4973 pro
2381 4904 2597 4962 Christo
2643 4909 3045 4980 relinquemus?
3074 4912 3362 4985 Quousque
3410 4916 3624 4971 tandem
3671 4915 3820 4972 humi

2237 4995 2396 5050 defixi
2432 4997 2797 5054 hairebimus?
2827 5018 3108 5074 quousque
3137 5005 3202 5058 ad
3235 5008 3428 5062 caelum
3463 5023 3569 5062 non
3601 5017 3821 5078 specta-

2236 5086 2451 5143 bimus?
2480 5089 2595 5145 Non
2625 5091 2815 5146 videtis
2839 5110 2997 5150 senes
3021 5137 3037 5161 ,
3061 5113 3219 5167 quam
3242 5100 3446 5155 nullum
3469 5116 3652 5157 rerum
3676 5118 3820 5174 pra:-

2239 5179 2515 5235 teritarum
2558 5197 2774 5240 sensum
2805 5187 3045 5243 habent?
3090 5208 3194 5246 non
3241 5193 3433 5248 videtis
3479 5195 3815 5260 morientes.

2236 5284 2358 5326 cum
2405 5287 2596 5340 senes,
2641 5285 2750 5331 tum
2776 5278 3047 5346 juvenes?
3096 5298 3199 5337 non
3232 5285 3424 5342 videtis
3469 5303 3600 5355 eos,
3646 5288 3817 5360 quiin

2235 5363 2344 5420 vita
2366 5366 2482 5435 ipsa
2512 5368 2624 5424 suis
2654 5370 2815 5425 rebus
2839 5374 3049 5442 spoliati
3095 5378 3262 5432 sunt?
3288 5378 3399 5434 Cur
3444 5383 3605 5438 rebus
3650 5383 3818 5438 insta-

2237 5455 2433 5514 bilibus
2457 5458 2766 5516 inhiamus?
2789 5479 2886 5518 cur
2915 5465 3140 5522 infirmis
3186 5470 3472 5541 alligantur
3491 5476 3516 5527 ll
3541 5491 3818 5548 quousque

2239 5563 2345 5603 non
2379 5565 2761 5621 persequemur
2805 5570 3086 5616 manentes
3113 5577 3177 5617 ac
3214 5566 3482 5621 stabiles?
3526 5568 3664 5636 Quid
3711 5586 3815 5624 non

2237 5638 2430 5696 darent
2457 5657 2645 5709 senes,
2673 5661 2780 5716 quo
2809 5649 2998 5710 liceret
3020 5653 3290 5725 deponere
3335 5663 3710 5716 senectutem?
3753 5663 3818 5718 ει

2239 5741 2414 5787 tamen
2455 5749 2572 5805 qua:
2603 5735 2788 5794 isthth
2831 5743 3095 5801 dementia
3137 5758 3218 5804 est
3262 5749 3326 5804 ad
3362 5751 3634 5812 pristinam
3684 5755 3815 5809 Vell.‘
