4044 6202
300 299 399 359 Qui

299 425 632 482 iuventutem
677 414 891 479 redire,
940 420 1101 482 atque
1154 412 1309 481 hujus
1358 410 1433 464 rei
1486 410 1873 479 consequendae

294 520 458 562 causa
492 505 647 560 facile
674 504 854 557 omnia
884 502 1050 565 dare;
1082 516 1205 555 cum
1251 515 1378 555 vero
1424 499 1583 553 liceat
1620 500 1878 568 consequi

289 600 663 667 iuventutem,
691 594 775 649 cui
810 608 913 648 non
941 591 1193 647 succedat
1230 599 1514 659 senectus,
1542 589 1875 658 jttventutem

294 690 477 744 multis
500 704 624 743 cum
652 687 852 741 divitiis
877 684 1213 754 c0njnnctam
1237 678 1513 751 multoque
1536 681 1874 746 vivaciorem,

295 795 398 835 nec
437 781 659 849 paulum
703 777 954 847 quiddam
1007 774 1148 830 velle
1176 773 1340 839 dare,
1387 769 1481 826 sed
1512 787 1575 827 ea
1605 765 1876 836 retinere,

294 887 420 940 quae
468 871 630 924 etiam
686 870 737 922 in
778 866 1026 937 praesenti
1078 863 1207 919 nihil
1262 863 1521 933 prosunt?
1578 858 1657 916 Ex
1711 871 1883 917 mortc

298 964 539 1018 eximere
583 972 637 1015 te
666 974 771 1015 non
803 968 1056 1029 possunt,
1111 971 1215 1011 non
1246 954 1491 1010 morbum
1523 953 1837 1024 propulsare
1865 992 1880 1017 ,

298 1070 406 1111 non
444 1053 732 1125 prohibere
758 1058 1084 1106 senectutem
1109 1089 1125 1115 ,
1156 1057 1248 1102 aut
1289 1045 1581 1117 quidquam
1612 1042 1754 1098 aliud
1784 1058 1881 1096 eo-

297 1162 453 1210 rum,
506 1159 625 1214 qute
680 1142 985 1196 necessario
1014 1148 1069 1194 et
1115 1138 1407 1194 secundum
1459 1148 1661 1189 naturae
1709 1135 1879 1203 legem

297 1237 585 1301 accidunt,
626 1244 680 1290 et
708 1234 883 1288 adhuc
925 1232 1030 1287 illis
1074 1229 1290 1286 haeres?
1322 1227 1520 1297 Ecquid
1570 1222 1751 1281 lucri?
1795 1225 1882 1280 die

298 1329 454 1383 mihi.
503 1328 637 1381 Hinc
677 1324 941 1387 ebrietas,
974 1322 1239 1386 edacitas,
1274 1319 1545 1375 obsctena:
1585 1333 1648 1371 ac
1697 1317 1879 1370 multi-

298 1422 462 1490 plices
505 1420 837 1487 voluptates,
889 1431 1008 1485 quze
1055 1414 1221 1483 magis
1267 1426 1425 1482 quam
1472 1410 1637 1464 amari
1676 1408 1880 1463 domini

297 1525 397 1565 nos
427 1508 778 1564 excruciant?
824 1506 947 1560 lltcc
974 1506 1148 1560 snlunt
1177 1519 1241 1558 ex
1293 1502 1493 1557 divitiis
1523 1501 1720 1555 lucrari
1753 1514 1878 1568 pos—

294 1615 500 1665 sumus,
528 1599 669 1655 aliud
697 1613 829 1652 vero
859 1597 988 1651 nihil
1006 1638 1022 1661 ,
1046 1593 1473 1665 quandoquidem
1499 1593 1568 1646 ita
1596 1591 1877 1646 volumus:

298 1706 420 1744 nam
464 1690 511 1744 si
563 1689 786 1751 liberet,
839 1685 1027 1739 etclam
1077 1698 1209 1738 sane
1241 1684 1414 1751 ipsum
1442 1680 1640 1735 divitiis
1686 1695 1879 1735 conse-

294 1796 605 1851 queremur.
666 1780 806 1849 Ergo
850 1777 1082 1841 bonum,
1131 1775 1339 1845 inquit,
1369 1773 1589 1828 divitiae.
1634 1771 1751 1826 Non
1781 1773 1882 1826 hoc

295 1872 500 1927 divitia:
523 1877 804 1941 prmstant,
827 1868 924 1923 sed
952 1865 1278 1937 possessoris
1306 1864 1590 1919 consilium
1611 1872 1666 1919 et
1691 1862 1882 1917 volun-

299 1973 409 2019 tas.
440 1963 688 2016 Liberum
724 1961 864 2015 enim
896 1958 1176 2012 arbitrium
1208 1970 1329 2011 esse
1377 1956 1518 2025 quod
1547 1955 1652 2010 hoc
1679 1953 1877 2020 faciat,

302 2056 390 2110 vel
442 2053 570 2108 hinc
611 2054 727 2107 licet
766 2051 1231 2116 animadvertere,
1278 2047 1420 2118 quod
1466 2048 1627 2103 etiam
1680 2062 1881 2117 pauper

300 2149 419 2203 caeli
450 2146 598 2202 adire
635 2144 983 2200 hereditatem
1030 2141 1220 2213 possit.
1272 2140 1481 2195 Etenim
1508 2180 1523 2204 ,
1556 2139 1698 2209 quod
1739 2154 1882 2208 saepe

296 2238 406 2293 dixi
434 2278 450 2302 ,
480 2252 588 2290 non
618 2248 927 2290 mensuram
973 2246 1152 2287 rerum
1200 2246 1320 2301 qua:
1348 2231 1542 2285 dantur
1571 2230 1711 2284 Deus
1759 2245 1882 2299 spe-

296 2337 449 2396 ctat,
480 2326 578 2382 sed
628 2326 866 2380 animum
908 2323 1149 2378 dantium
1192 2336 1207 2375 :
1259 2321 1381 2376 licet
1432 2330 1488 2375 et
1529 2320 1789 2391 pauperi,
1822 2328 1877 2373 et

298 2432 469 2489 pauca
497 2416 647 2471 danti
698 2424 868 2469 totum
900 2412 1178 2481 consequi.
1212 2410 1391 2481 Exigit
1434 2410 1581 2465 enim
1614 2410 1754 2464 Deus
1784 2422 1882 2477 pro

295 2508 560 2578 cujusque
587 2505 839 2561 facultate
865 2520 879 2556 :
905 2517 1077 2573 neque
1098 2501 1300 2557 divitiae
1324 2516 1545 2571 regnum
1569 2499 1875 2564 conciliant,

296 2614 476 2669 neque
503 2608 795 2668 paupertas
838 2594 1138 2666 gehennam
1161 2633 1178 2659 ,
1209 2591 1302 2647 sed
1335 2602 1558 2661 utraque
1586 2591 1759 2646 bonus
1780 2630 1794 2655 ,
1827 2599 1884 2644 et

298 2692 474 2746 malus
501 2691 737 2744 animus.
772 2688 925 2742 llunc
946 2687 1114 2757 "igitur
1143 2685 1506 2754 corrigamus,
1535 2683 1678 2738 hunc
1725 2698 1877 2739 com-

296 2796 565 2852 ponamus
584 2822 600 2847 ,
629 2782 773 2834 buue
796 2778 954 2833 talem
979 2777 1190 2847 qualem
1211 2789 1330 2829 esse
1354 2774 1509 2830 decet
1534 2783 1881 2844 praestemus;

300 2885 468 2943 atque
490 2873 671 2927 omnia
693 2879 850 2926 erunt
872 2869 1026 2924 nobis
1056 2868 1250 2922 facilia.
1282 2865 1414 2921 Nam
1436 2863 1883 2935 quemadmodum

302 2964 503 3020 artifex
528 3005 543 3027 ,
578 2964 693 3017 sive
742 2962 969 3017 ferream
996 2960 1108 3014 sive
1138 2973 1356 3013 auream
1387 2957 1615 3011 securim
1644 2954 1833 3010 habeat
1858 2993 1873 3019 ,

304 3070 460 3125 teque
483 3055 624 3125 ligna
647 3052 809 3107 cmdit
835 3065 900 3107 ac
929 3051 1104 3115 dolat,
1138 3050 1246 3103 imo
1272 3046 1481 3103 facilius
1506 3047 1665 3102 etiam
1696 3046 1746 3100 in
1779 3044 1885 3100 fcr-

302 3164 400 3203 ro:
439 3149 511 3201 ita
543 3155 598 3201 et
624 3146 711 3200 hic
737 3145 897 3214 longe
920 3143 1122 3197 facilius
1152 3157 1246 3210 per
1271 3147 1637 3210 paupertatem
1672 3144 1888 3206 paratur

303 3240 499 3293 virtus.
532 3236 665 3290 Nam
695 3236 762 3291 de
784 3234 982 3290 divitiis
1008 3233 1222 3303 quidem
1250 3229 1492 3286 Christus
1516 3230 1622 3293 ait,
1656 3225 1888 3283 Facilius

300 3340 371 3382 est
401 3327 656 3382 cantatum
686 3340 774 3397 per
804 3331 1032 3397 foramen
1061 3338 1185 3376 acus
1215 3323 1456 3387 transire,
1489 3336 1640 3391 quant
1683 3304 1888 3374 divitem

300 3418 352 3473 in
379 3434 603 3490 regnum
631 3418 868 3472 cwlarum
914 3415 1127 3487 (Matth.
1160 3414 1250 3469 19.
1281 3413 1375 3484 24)
1419 3428 1433 3466 :
1465 3411 1533 3467 de
1579 3418 1889 3480 paupertate

301 3527 430 3566 vero
462 3511 594 3564 nihil
645 3508 948 3578 huiusmodi
990 3506 1384 3578 pronuntiavit,
1414 3502 1507 3559 sed
1539 3503 1715 3574 potius
1755 3518 1887 3557 con-

301 3613 378 3658 tra
411 3623 428 3659 :
475 3602 646 3656 Vende
674 3602 846 3656 omnia
872 3614 987 3667 quae
1015 3599 1168 3652 habes
1188 3638 1204 3662 ,
1236 3606 1281 3651 et
1324 3594 1392 3649 da
1437 3593 1747 3665 pauperibus
1780 3634 1795 3657 ,
1841 3602 1889 3646 et

299 3696 435 3760 veni,
472 3702 522 3745 ct
569 3708 774 3761 sequere
816 3706 895 3743 me
920 3688 1110 3758 (Marc.
1143 3687 1229 3742 10.
1270 3686 1396 3758 21);
1443 3693 1627 3755 utpote
1672 3699 1792 3739 cum
1823 3700 1886 3740 ex

300 3785 600 3840 voluntatis
639 3782 901 3837 electione
931 3779 1023 3834 liat
1068 3788 1126 3833 ut
1153 3788 1409 3849 sequatur
1440 3776 1743 3831 Dominum.

369 3877 426 3931 5.
474 3876 620 3944 Ergo
649 3879 1014 3942 paupertatem
1045 3884 1113 3924 ne
1161 3868 1423 3938 fugiamus
1467 3876 1740 3938 tamquam
1774 3884 1881 3922 ma-

298 3967 408 4021 lum
433 3984 451 4031 ;
481 3974 567 4020 est
592 3965 735 4018 enim
762 3959 1093 4017 conciliatrix
1125 3959 1275 4028 regni
1307 3976 1322 4012 :
1353 3972 1526 4028 neque
1556 3959 1681 4013 item
1706 3973 1889 4028 perse«

299 4069 538 4124 quamur
565 4052 781 4107 divitias
805 4061 861 4105 ut
890 4050 1087 4103 bonum
1113 4064 1128 4113 ;
1163 4049 1408 4103 incautos
1435 4048 1578 4102 enim
1610 4048 1840 4118 perdunt
1867 4064 1882 4102 :

301 4146 393 4201 sed
449 4144 656 4213 ubique
702 4140 890 4196 oculos
937 4139 1005 4193 ad
1057 4139 1223 4194 Deum
1271 4134 1642 4201 intendentes,
1675 4147 1890 4191 utamur

300 4240 437 4292 sicut
466 4235 728 4290 convenit
780 4233 846 4287 iis
868 4274 882 4295 ,
914 4246 1036 4301 qua:
1078 4231 1146 4284 ab
1175 4230 1268 4285 illo
1313 4230 1469 4285 nobis
1500 4230 1690 4284 tributa
1721 4238 1889 4294 sunt,

298 4337 351 4381 et
376 4326 631 4397 corporis
655 4325 846 4377 robore
867 4363 881 4385 ,
922 4332 973 4376 et
1002 4320 1326 4375 abundantia
1357 4320 1660 4375 divitiarum
1686 4360 1701 4385 ,
1732 4330 1892 4375 caete-

301 4418 492 4487 risque
540 4416 702 4469 rebus
731 4414 1002 4469 omnibus.
1038 4411 1345 4467 Absurdum
1389 4411 1532 4464 enim
1561 4412 1719 4480 plane
1761 4419 1844 4464 est
1872 4451 1889 4475 ,

301 4522 423 4561 cum
456 4506 532 4561 ab
557 4508 673 4575 ipso
702 4504 822 4559 facti
850 4504 1019 4558 simus
1039 4542 1053 4565 ,
1083 4518 1193 4556 non
1235 4503 1285 4557 ei
1324 4502 1412 4571 qui
1443 4516 1542 4555 nos
1587 4501 1711 4556 fecit
1733 4540 1750 4565 ,
1796 4499 1893 4555 sed

300 4599 422 4654 aliis
466 4597 659 4653 isthme
687 4597 879 4651 utenda
911 4594 1176 4666 przebere.
1229 4591 1380 4649 Fecit
1408 4594 1499 4649 tibi
1529 4592 1759 4649 oculos?
1786 4593 1895 4647 llos

304 4692 404 4763 ipsi
435 4700 641 4762 prtesta
667 4731 680 4754 ,
717 4691 897 4760 praebe
940 4687 1194 4743 utendum
1217 4727 1233 4753 ,
1279 4700 1384 4740 non
1434 4695 1612 4740 autem
1657 4680 1891 4740 diabolo.

304 4782 598 4849 Quomodo
628 4790 804 4834 autem
839 4779 947 4835 Deo
973 4777 1280 4848 prarbebis?
1302 4776 1475 4846 Opera
1503 4775 1670 4845 ipsius
1713 4772 1893 4830 consi-

303 4875 507 4929 durans
536 4881 590 4927 ct
634 4873 806 4940 ipsum
850 4868 1194 4941 glorificans,
1227 4867 1502 4923 abducens
1527 4882 1655 4921 vero
1698 4882 1728 4920 a
1774 4880 1896 4921 mu-

308 4964 503 5019 lierum
537 4973 777 5032 aSpeCttl.
809 4960 957 5015 Fecit
978 4960 1073 5013 tibi
1097 4956 1326 5014 manus?
1352 4958 1454 5011 llas
1477 4955 1573 5028 ipsi
1601 4957 1893 5027 possideto,

308 5070 414 5107 non
441 5053 664 5108 diabolo
694 5069 706 5107 :
739 5066 842 5104 non
870 5064 963 5105 eas
1000 5049 1063 5103 ad
1095 5050 1312 5118 rapinas
1337 5063 1400 5103 ac
1430 5048 1637 5118 praedas
1659 5090 1673 5115 ,
1705 5044 1799 5105 sed
1829 5049 1895 5105 ad

310 5144 568 5198 mandata
598 5142 838 5197 facienda
861 5182 876 5206 ,
913 5140 977 5194 ad
1009 5139 1261 5194 beneficia
1290 5139 1615 5195 conferenda
1643 5151 1803 5210 atque
1828 5141 1894 5195 ad

315 5250 511 5302 preces
551 5234 795 5289 assiduas
842 5231 1139 5288 extendens
1164 5272 1179 5292 ,
1212 5232 1277 5285 ad
1308 5247 1403 5286 eos
1452 5232 1542 5301 qui
1592 5234 1900 5288 ceciderunt

311 5324 624 5395 erigcndos.
678 5324 831 5379 Fecit
881 5322 974 5381 tibi
1016 5322 1218 5378 aures?
1266 5323 1370 5377 llas
1401 5323 1499 5392 ipsi
1547 5323 1758 5392 praebe,
1793 5341 1898 5379 non

310 5417 562 5471 infractis
584 5431 649 5471 ac
674 5415 925 5470 mollibus
954 5414 1259 5481 cantilenis,
1284 5431 1390 5468 non
1425 5416 1659 5485 turpium
1690 5429 1899 5471 sermo-

314 5524 446 5562 num
500 5508 796 5573 auditioni;
833 5506 1012 5560 Omnis
1056 5506 1198 5561 enim
1244 5509 1497 5563 enarratio
1536 5519 1620 5562 tua
1644 5549 1660 5575 ,
1692 5508 1899 5579 inquit,

314 5602 371 5652 in
398 5601 518 5670 lege
547 5596 789 5652 Altissiuti
811 5613 831 5663 ,°
859 5605 914 5652 et
938 5612 1130 5653 rursus
1156 5640 1171 5665 ,
1200 5598 1267 5652 In
1297 5598 1617 5653 multitudine
1643 5641 1658 5665 ,
1689 5600 1858 5670 inquit
1884 5640 1901 5665 ,

321 5691 586 5745 maiorum
624 5700 701 5744 sta
726 5732 739 5753 ,
766 5698 811 5743 et
835 5690 880 5744 si
922 5691 1036 5760 quis
1080 5692 1282 5761 sapiens
1307 5694 1459 5763 fuerit
1488 5734 1502 5759 ,
1536 5693 1580 5746 ei
1606 5702 1652 5747 te
1678 5694 1899 5764 adjunge

643 5791 910 5857 PATnOL.
960 5797 1078 5857 Gn.
1118 5794 1313 5856 LX".

1156 299 1219 352 IN
1260 262 1473 354 EPlST.
1517 299 1607 352 AD
1646 296 1932 355 PHILIPP.
1975 294 2126 356 car.
2171 300 2256 356 ιιι.
2301 300 2529 356 ιιοιιιι.
2571 294 2639 355 x.

3460 309 3568 363 35').

1989 411 2178 479 (Eccli.
2212 412 2261 466 9.
2295 412 2383 467 25.
2415 425 2461 467 et
2497 414 2549 468 6.
2579 413 2689 481 '55).
2735 412 2883 469 Fecit
2916 412 3006 468 tibi
3036 416 3138 470 os?
3182 415 3258 470 Ex
3298 415 3398 474 hoc
3430 418 3565 477 nihil

1989 504 2251 571 prodeat,
2283 506 2423 574 quod
2458 505 2566 559 Deo
2596 520 2701 559 non
2739 505 3026 575 probetur,
3062 506 3157 563 sed
3200 509 3525 577 psalmodias
3546 553 3563 579 ,

1989 594 2247 663 hymnos,
2280 595 2410 649 odas
2439 606 2596 650 canat
2625 596 2928 665 spirituales
2949 638 2964 662 ,
2999 597 3065 653 Ut
3093 598 3173 652 det
3201 603 3446 669 gratiam,
3478 604 3567 657 in-

1988 685 2100 753 quit
2124 725 2138 746 ,
2168 686 2483 739 audientibus
2515 685 2735 755 (Ephes.
2764 687 2817 741 4.
2847 687 2960 759 29),
2993 688 3060 743 ad
3088 689 3431 756 fulciendum,
3461 708 3564 748 non

1988 777 2052 830 ad
2092 778 2474 843 evertendam;
2504 779 2570 832 ad
2622 777 3075 848 benedicendum,
3120 799 3224 837 non
3257 785 3321 839 ad
3347 786 3567 841 maledi-

1987 867 2248 931 cendum;
2282 882 2389 921 non
2414 869 2479 922 ad
2509 868 2793 926 struendas
2815 872 3075 940 insidias,
3112 874 3206 930 sed
3235 886 3419 931 contra
3453 893 3567 932 om-

1987 956 2136 1011 nino.
2167 956 2316 1013 Fecit
2348 957 2439 1013 tibi
2466 958 2626 1028 pedes
2653 1000 2667 1025 ,
2697 976 2800 1015 non
2830 971 2887 1016 ut
2913 978 3171 1034 properes
3200 966 3271 1021 ad
3303 967 3565 1023 vitiosita-

1990 1058 2124 1113 tem,
2150 1049 2242 1104 sed
2278 1050 2345 1105 ad
2372 1052 2511 1106 bona
2538 1070 2551 1106 :
2581 1051 2704 1107 fecit
2735 1052 2828 1107 tibi
2857 1062 3096 1109 ventrem
3124 1096 3138 1120 ,
3165 1072 3270 1111 non
3302 1067 3354 1112 ut
3389 1058 3563 1129 ipsum

1987 1154 2224 1209 rumpas,
2251 1140 2344 1196 sed
2369 1150 2427 1196 ut
2454 1142 2878 1212 philosophieam
2907 1159 3160 1201 exerceas
3184 1147 3525 1203 sobrietatem
3550 1167 3562 1201 :

1987 1228 2177 1283 indidit
2203 1231 2550 1300 cupiditatem
2572 1232 2638 1287 ad
2672 1232 2963 1288 liberorum
2990 1237 3439 1305 procreationem,
3469 1240 3563 1293 sed

1987 1334 2089 1371 non
2118 1316 2184 1373 ad
2212 1321 2593 1376 scortationetn
2635 1332 2689 1377 et
2716 1323 3035 1379 adulterium
3064 1343 3078 1380 :
3108 1326 3256 1382 dedit
3286 1329 3378 1382 tibi
3408 1344 3563 1383 men—

1986 1417 2091 1463 tem
2116 1451 2130 1474 ,
2164 1421 2352 1465 nonut
2396 1412 2782 1481 blaSpbemiatn
2827 1416 2878 1468 iu
2917 1417 3089 1486 ipsum
3131 1418 3333 1486 jacias,
3370 1434 3475 1475 non
3508 1430 3566 1474 ιιι

1984 1494 2059 1552 sis
2087 1500 2452 1565 conviciator,
2501 1503 2595 1557 sed
2624 1514 2681 1556 ut
2726 1505 2862 1560 bene
2908 1505 3094 1560 dicas:
3129 1506 3278 1563 dedit
3303 1518 3358 1563 et
3397 1524 3564 1578 pecu-

1986 1588 2132 1653 nias,
2181 1598 2237 1643 ut
2284 1607 2390 1659 quo
2437 1603 2650 1662 oportet
2701 1594 2830 1662 ipsis
2878 1604 3122 1663 utamur;
3155 1598 3451 1670 eademque
3497 1602 3565 1657 de

1984 1674 2143 1737 causa
2176 1686 2319 1739 vires
2360 1678 2530 1740 dedit.
2563 1686 2710 1741 Fecit
2736 1697 2881 1742 artes
2905 1729 2920 1753 ,
2946 1697 3002 1741 ut
3052 1690 3155 1743 vita
3185 1699 3516 1746 sustentetur
3544 1733 3559 1756 ,

1985 1788 2091 1829 non
2142 1788 2198 1830 ut
2242 1792 2271 1830 a
2302 1777 2465 1833 rebus
2493 1778 2559 1832 ad
2589 1778 2834 1847 Spiritum
2865 1779 3256 1848 pertinentibus
3287 1796 3387 1835 nos
3419 1782 3565 1850 ipsos

1984 1881 2267 1923 avocemus
2293 1910 2306 1931 ,
2354 1884 2460 1924 non
2492 1879 2552 1924 ut
2592 1870 2825 1926 sordidis
2855 1871 3062 1927 artibus
3087 1887 3304 1942 cperant
3335 1872 3520 1928 demus
3546 1915 3559 1938 ,

1984 1957 2076 2011 sed
2125 1960 2479 2025 necessariis,
2509 1969 2567 2013 ut
2610 1959 2765 2014 nobis
2808 1970 3046 2015 mutuam
3078 1976 3235 2031 opem
3287 1963 3520 2017 feramus
3545 2004 3561 2027 ,
3637 1958 3648 1968 ’

1987 2060 2090 2100 non
2139 2056 2196 2100 ut
2242 2047 2579 2103 insidiemur.
2636 2048 2791 2104 Dedit
2823 2058 3020 2104 tectum
3074 2065 3140 2105 eo
3185 2051 3463 2106 dumtaxat
3508 2062 3566 2105 ut

1984 2146 2165 2192 arceat
2193 2137 2429 2207 pluviam
2452 2180 2466 2204 ,
2503 2153 2608 2193 non
2635 2147 2693 2192 nt
2718 2138 2890 2208 ipsum
2918 2138 3134 2211 quidem
3158 2148 3382 2195 ornetur
3408 2156 3563 2205 auro,

1987 2241 2188 2297 pauper
2217 2242 2344 2282 vero
2374 2238 2555 2296 pereat
2590 2226 2764 2283 fame:
2796 2229 2944 2284 dedit
2970 2239 3179 2296 vestes,
3213 2241 3271 2285 ut
3302 2241 3561 2302 tegamur,

1985 2330 2092 2368 non
2123 2325 2180 2370 ut
2204 2324 2571 2382 ostentemus,
2613 2332 2718 2372 non
2752 2326 2809 2372 ut
2854 2319 2957 2373 illae
2986 2320 3200 2389 quidem
3234 2321 3404 2376 multo
3431 2336 3566 2376 auro

1986 2405 2244 2471 ditentur,
2272 2405 2517 2461 Christus
2543 2423 2672 2463 vero
2698 2410 2873 2465 nudus
2899 2421 3118 2480 pereat:
3148 2413 3366 2468 domum
3395 2413 3563 2480 dedit,

1988 2509 2091 2549 non
2116 2506 2172 2549 ut
2200 2492 2345 2550 solus
2368 2496 2585 2564 habeas,
2604 2498 2697 2553 sed
2724 2509 2781 2553 ut
2800 2499 2920 2555 aliis
2938 2502 3099 2556 etiam
3122 2502 3360 2572 praebeas
3385 2521 3397 2556 :
3424 2484 3568 2558 dedit

1990 2596 2188 2641 terram
2211 2627 2227 2653 ,
2256 2602 2362 2642 non
2395 2597 2454 2642 ut
2495 2589 2696 2658 majore
2727 2588 2867 2646 illius
2896 2603 3047 2662 parte
3076 2594 3142 2647 ad
3178 2606 3229 2649 te
3254 2595 3518 2650 abstracta
3547 2638 3562 2659 ,

1988 2677 2041 2732 in
2068 2682 2244 2733 scorta
2269 2719 2285 2745 ,
2314 2689 2369 2734 et
2409 2680 2655 2748 psaltrias
2675 2721 2691 2747 ,
2719 2692 2777 2737 et
2816 2683 3007 2739 mimos
3026 2725 3041 2750 ,
3072 2696 3124 2741 et
3175 2687 3420 2742 tibicines
3445 2728 3460 2754 ,
3511 2700 3566 2742 et

1987 2769 2314 2826 citharoedos
2362 2772 2601 2826 insutnas
2649 2773 2739 2828 Dei
2794 2774 2969 2841 bona,
3014 2776 3110 2831 sed
3162 2778 3213 2831 in
3259 2779 3560 2833 esurientes

1987 2873 2146 2932 atque
2172 2877 2391 2933 egenos.
2437 2862 2591 2919 Dedit
2631 2864 2932 2932 tibi'mare,
2979 2876 3037 2922 ut
3063 2869 3323 2938 naviges,
3379 2885 3448 2924 ne
3478 2871 3565 2923 iti-

1990 2968 2118 3008 nere
2143 2953 2388 3009 faciendo
2418 2954 2630 3010 labores
2650 2994 2665 3019 ,
2697 2971 2801 3010 non
2830 2965 2887 3011 ιιι
2926 2959 3138 3014 curiose
3167 2960 3310 3014 illius
3336 2960 3559 3015 fundum

1991 3048 2278 3113 scruteris,
2312 3056 2368 3103 et
2412 3044 2613 3118 lapides
2657 3055 2713 3103 et
2739 3049 2842 3104 alia
2892 3050 3197 3118 bujusmodi
3231 3051 3352 3106 inde
3382 3061 3564 3107 extra-

1991 3138 2088 3193 has
2110 3179 2124 3205 ,
2159 3154 2265 3197 non
2313 3148 2369 3193 ut
2398 3139 2502 3194 hoc
2532 3139 2628 3194 tibi
2656 3140 2832 3196 studio
2862 3140 3077 3196 habeas.
3110 3141 3220 3196 Cur
3264 3156 3394 3213 ergo
3418 3184 3431 3207 ,
3482 3143 3559 3196 in-

1989 3231 2174 3300 quies,
2221 3241 2346 3285 sunt
2387 3229 2635 3299 lapides?
2686 3230 2936 3297 Quinimo
2970 3231 3057 3286 dic
3096 3240 3149 3285 tu
3182 3231 3351 3296 mihi,
3395 3231 3567 3299 Quam

1990 3323 2060 3378 ob
2106 3338 2319 3378 causam
2351 3321 2557 3392 lapides
2604 3317 2680 3375 illi
2730 3322 2782 3376 in
2833 3331 2977 3376 tanto
3028 3323 3199 3389 pretio
3226 3324 3392 3378 sunt?
3440 3340 3568 3378 ttuut

1993 3412 2239 3466 facultate
2265 3411 2485 3479 aliqua?
2507 3427 2632 3465 num
2660 3412 2795 3465 usu?
2819 3410 2959 3478 Quin
2986 3413 3093 3466 itno
3122 3414 3210 3481 qui
3242 3429 3274 3469 e
3301 3414 3433 3468 mari
3458 3429 3563 3468 non

1991 3510 2153 3567 sunt,
2183 3500 2425 3555 utiliores
2447 3511 2590 3554 sunt.
2623 3496 2831 3556 Etenim
2856 3502 2907 3555 hi
2940 3502 3134 3557 saltem
3166 3505 3230 3558 ad
3258 3503 3570 3558 aedificatio-

1995 3607 2117 3646 nem
2150 3592 2473 3654 conferunt,
2507 3591 2583 3645 illi
2635 3606 2764 3647 vero
2811 3603 3300 3663 uusquam:atque
3347 3593 3401 3647 hi
3446 3603 3573 3648 sunt

1994 3680 2100 3736 illis
2130 3679 2417 3735 ﬁrmiores.
2452 3680 2524 3734 At
2563 3681 2669 3747 illi,
2702 3681 2915 3750 inquit,
2963 3683 3412 3752 pulchritudinem
3438 3681 3571 3736 affe-

1997 3782 2140 3827 ruut.
2169 3769 2490 3838 Quomodo?
2518 3780 2687 3826 totum
2715 3772 2767 3825 id
2797 3772 3063 3841 opinionis
3086 3782 3180 3827 est.
3222 3771 3358 3828 Sunt
3383 3773 3571 3828 candi.

1992 3861 2206 3919 diores?
2252 3863 2322 3918 At
2353 3879 2456 3918 non
2484 3860 2630 3918 certe
2659 3877 2927 3918 marmore
2957 3864 3107 3919 valde
3137 3865 3362 3921 candido
3386 3865 3571 3920 candi-

1996 3952 2194 4019 diores,
2224 3955 2513 4024 quinetiam
2537 3968 2709 4022 neque
2733 3953 2800 4008 ad
2825 3954 2965 4007 illius
2981 3954 3267 4009 candorem
3289 3955 3570 4011 accedunt.

1996 4045 2064 4098 At
2089 4043 2412 4098 solidiores?
2435 4041 2514 4097 Ne
2540 4042 2590 4097 id
2622 4043 2857 4112 quidem.
2895 4045 2965 4096 At
2994 4043 3279 4098 utiliores?
3309 4054 3363 4099 at
3405 4046 3577 4112 majo-

1995 4136 2124 4189 res?
2162 4130 2516 4204 .Ncutiquam.
2570 4132 2724 4189 Unde
2790 4134 2951 4202 igitur
3002 4134 3413 4203 suspiciuntur?
3458 4136 3573 4190 Non

1997 4223 2209 4278 aliunde
2234 4264 2248 4287 ,
2274 4238 2431 4293 quam
2463 4238 2529 4276 ex
2556 4222 2667 4276 sola
2696 4222 3113 4277 existimatione.
3148 4223 3279 4277 Nam
3307 4224 3353 4278 si
3401 4241 3574 4295 neque

1998 4317 2329 4387 pulchriores
2354 4324 2517 4379 sunt;
2549 4314 2745 4368 multos
2779 4313 2921 4368 enim
2946 4314 3277 4370 iuvcttiemus
3305 4315 3411 4369 illis
3443 4316 3574 4370 luci-

1997 4410 2175 4463 diores
2203 4418 2255 4463 et
2280 4404 2651 4471 candidiores;
2679 4422 2852 4477 neque
2873 4408 3136 4474 utiliores,
3161 4424 3335 4478 neque
3356 4408 3576 4465 solidio.

1999 4516 2122 4555 res:
2155 4500 2296 4554 unde
2318 4540 2333 4565 ,
2381 4499 2597 4569 inquam
2624 4539 2640 4565 ,
2672 4498 2806 4554 adeo
2854 4499 3259 4569 suspiciuntur?
3298 4515 3479 4555 annon
3508 4518 3571 4556 ex

1999 4591 2110 4644 Sola
2155 4589 2594 4644 existimatione?
2642 4592 2813 4656 Quam
2862 4591 3024 4660 igitur
3070 4590 3140 4645 ob
3196 4606 3413 4646 causam
3460 4592 3578 4647 illos

2001 4678 2187 4736 dedit?
2217 4682 2331 4736 Non
2362 4684 2477 4752 ipse
2525 4681 2671 4737 dedit
2697 4723 2712 4748 ,
2743 4681 2840 4738 sed
2882 4693 2939 4736 tu
2968 4697 3243 4754 magnum
3272 4700 3395 4741 esse
3425 4688 3577 4757 quid-

2002 4770 2142 4841 piam
2172 4775 2388 4843 putasti.
2420 4773 2556 4840 Quid
2587 4763 2745 4843 igitur
2769 4783 2853 4829 est
2876 4816 2893 4842 ,
2924 4775 3134 4845 inquit,
3164 4778 3307 4848 quod
3336 4778 3576 4848 Scriptn-
3650 4763 3665 4783 Ἴ

2001 4871 2061 4917 ra
2108 4864 2266 4918 etiam
2299 4879 2392 4918 eos
2440 4864 2713 4919 celebrat?
2759 4864 3020 4919 Nimirum
3067 4868 3470 4924 accommodate
3514 4869 3580 4923 ad

2007 4966 2148 5011 tuam
2179 4958 2483 5026 Opinionem
2512 4957 2768 5028 loquitur.
2798 4956 2932 5012 Nam
2962 4967 3017 5013 et
3042 4971 3343 5031 praeceptor
3367 4960 3435 5015 ad
3459 4978 3582 5031 puc-

2006 5051 2179 5104 rulum
2210 5051 2369 5105 verba
2395 5051 2614 5113 faciens,
2650 5050 2836 5105 eadem
2864 5060 3024 5122 atque
3054 5053 3142 5109 ille
3167 5069 3310 5123 stepe
3335 5055 3580 5123 suspicit,

2008 5153 2062 5197 ut
2092 5140 2237 5197 illum
2281 5141 2382 5197 sibi
2428 5142 2710 5208 conciliet,
2742 5157 2806 5198 ac
2850 5144 3103 5214 paulatim
3132 5145 3411 5199 subvehat.
3444 5148 3579 5214 Quid

2008 5235 2458 5306 pulchritudinem
2514 5238 2723 5305 expetis
2752 5238 3023 5293 vestium?
3074 5238 3285 5293 Vestem
3331 5239 3425 5293 tibi
3468 5241 3577 5294 eir-

2008 5329 2197 5385 cumda
2228 5338 2283 5384 ct
2326 5330 2572 5385 calceos:
2609 5330 2689 5385 his
2722 5340 2773 5385 te
2812 5346 2945 5385 orna
2967 5372 2982 5396 ,
3013 5330 3128 5385 haec
3155 5331 3247 5385 tibi
3275 5333 3406 5387 satis
3450 5334 3581 5387 sint.

2008 5419 2409 5483 Desiderabilia,
2461 5420 2632 5489 inquit
2686 5421 2880 5484 David,
2925 5437 3075 5489 super
3143 5437 3325 5474 aurum
3384 5432 3429 5476 et
3484 5441 3584 5476 su-

2010 5528 2099 5580 per
2137 5512 2353 5580 lapidem
2384 5512 2655 5579 pretiosum
2696 5510 2903 5564 multum
2943 5511 3142 5579 judicia
3173 5511 3267 5565 Dei
3296 5511 3467 5584 (Paul.
3498 5514 3584 5569 i8.

2012 5607 2138 5676 tl).
2207 5604 2443 5658 Terrena
2497 5618 2623 5658 vero
2686 5602 2801 5657 hmc
2866 5616 3041 5658 annon
3110 5605 3585 5675 parvipcndenda?

2015 5695 2126 5751 Non
2158 5704 2280 5748 sunt
2333 5695 2481 5762 haec,
2516 5710 2547 5748 ο
2594 5693 2786 5749 dilecte
2809 5736 2822 5759 ,
2856 5695 3001 5750 utilia
3032 5712 3044 5749 :
3078 5696 3122 5746 si
3171 5696 3318 5752 utilia
3363 5705 3580 5758 essent.

3063 5780 3136 5840 l7

2476 5936 2493 5963 θ’
