4044 6202
494 332 602 391 263

490 451 595 491 non
641 434 886 503 iussisset
930 439 1277 486 contemnere
1306 444 1321 481 :
1354 426 1446 482 sed
1477 426 1657 481 divina
1688 425 1960 496 Scriptura
1989 426 2055 481 ad

485 527 931 586 existimationem
986 532 1220 579 nostram
1248 521 1498 590 loquitur.
1530 520 1705 588 Atque
1751 518 1853 573 hoc
1894 519 2053 573 etiam

488 619 681 674 dit-inre
706 614 1045 686 benignitatis
1073 621 1176 667 est.
1205 609 1372 678 Quam
1406 608 1563 678 igitur
1590 608 1658 662 ob
1688 622 1936 674 causam,
1965 608 2051 661 in-

482 714 631 780 quit,
666 702 947 779 purpuram
980 714 1031 760 et
1074 712 1267 757 caetera
1317 698 1660 769 hujusmodi?
1707 699 1909 753 Divina:
1940 715 2054 752 ma-

481 801 799 871 gniﬂceutiae
851 798 965 850 lucc
1013 803 1136 847 sunt
1179 807 1360 860 opera.
1415 791 1543 844 Nam
1594 790 1713 844 aliis
1741 805 1951 860 quoque
1988 805 2052 844 ex

482 892 790 951 rebussuas
814 885 983 939 voluit
1014 883 1225 937 divitias
1261 878 1567 933 ostendere.
1618 879 1825 932 Etenim
1858 890 1909 933 et
1941 878 2052 932 fru-

483 987 720 1033 mentum
767 977 880 1045 ipse
924 973 1070 1029 dedit
1116 972 1326 1035 solum;
1360 978 1416 1024 tu
1449 985 1575 1023 vero
1622 984 1686 1023 ex
1739 970 1840 1023 hoc
1888 971 2053 1023 multa

483 1085 667 1138 paras,
701 1069 1010 1137 placentas,
1042 1064 1264 1117 bellaria
1296 1062 1442 1115 varia
1474 1077 1535 1115 ac
1565 1063 1728 1115 multa
1756 1104 1770 1126 ,
1806 1078 2051 1132 magnam

480 1158 756 1213 ali'crcntia
785 1157 1137 1225 voluptatem.
1168 1152 1412 1220 Alioquin
1453 1160 1506 1205 et
1534 1152 1780 1220 voluptas
1806 1164 1857 1206 et
1884 1153 2054 1206 inanis

480 1251 661 1317 gloriae
708 1263 860 1302 amor
904 1247 1017 1300 haec
1056 1246 1234 1299 omnia
1284 1243 1517 1297 invexit:
1546 1243 1861 1299 videbantur
1907 1246 2050 1300 enim

483 1341 595 1393 hmc
642 1338 734 1391 tibi
764 1337 1011 1390 omnibus
1042 1333 1203 1388 rebus
1234 1331 1581 1401 prmferenda.
1633 1333 1930 1404 Caeteroqui
1956 1377 1971 1401 ,
2006 1337 2051 1391 si

482 1428 794 1497 peregrinus
821 1426 1081 1495 quiSpiam
1125 1433 1214 1476 aut
1253 1422 1482 1491 agricola
1532 1424 1716 1477 harum
1748 1438 1921 1477 rermn
1956 1425 2053 1479 im—

489 1517 688 1585 peritus
718 1525 769 1570 te
810 1515 1132 1582 interroget,
1174 1520 1330 1579 teque
1383 1511 1528 1564 illum
1561 1512 1934 1582 suspicientem
1977 1515 2052 1569 \i-

483 1649 637 1664 -—

1212 317 1267 372 S.
1308 312 1582 372 JOANNIS
1603 311 2069 371 CHRYSOSTOBII
2109 314 2419 370 ARCIllEi’.
2462 316 2984 375 (’ZONSTAN'I'INUP.

651 1644 2342 1667 mm

3635 321 3735 379 265

2162 425 2325 491 deus,
2381 427 2558 483 dicat:
2610 429 2718 483 Cur
2768 431 2863 485 ista
2914 433 3139 501 suspicis
3192 444 3351 506 atque
3409 437 3737 497 admiraris?

2163 514 2290 584 quid
2338 514 2561 570 habebis
2590 519 2731 588 quod
2753 522 3134 591 respondeas?
3180 526 3402 594 pulchra
3433 544 3552 584 esse
3582 546 3737 602 aspe-

2160 604 2291 657 ctu?
2320 603 2426 658 Sed
2475 620 2578 659 non
2610 608 2681 661 ita
2709 619 2811 663 est.
2847 610 3189 680 Depouamus
3241 616 3399 685 igitur
3445 619 3582 674 hanc
3622 622 3738 691 opi-

2164 694 2410 761 nionem,
2458 699 2702 766 vcrisque
2757 715 2946 770 reapse
2998 705 3152 759 bonis
3202 707 3576 766 inhaereamus.
3614 713 3739 769 Hice

2161 784 2301 836 enim
2352 784 2571 841 minime
2617 797 2770 855 sunt,
2803 790 2896 845 sed
2946 802 3150 849 temere
3183 807 3459 854 transeunt
3488 812 3691 857 tantum
3716 845 3735 870 ,

2160 873 2581 930 instar’lluminis
2609 879 2915 936 dilabentia.
2943 884 3326 955 Quamobrem,
3352 892 3578 945 obsecro
3602 910 3697 947 vos
3715 936 3733 958 ,

2159 978 2483 1030 caveamus;
2514 984 2670 1040 supra
2703 983 2908 1040 petram
2959 991 3058 1030 nos
3093 979 3436 1047 collocemus,
3470 999 3536 1037 ne
3585 984 3737 1041 facile

2159 1057 2596 1117 circutnferamur
2615 1103 2630 1127 ,
2661 1074 2720 1119 ut
2750 1065 2922 1122 futura
2951 1071 3110 1124 etiam
3153 1087 3544 1144 consequamur
3573 1078 3733 1145 bona,

2159 1151 2327 1218 gratia
2355 1162 2406 1205 et
2433 1155 2757 1223 benignitate
2787 1159 2998 1216 Domini
3029 1165 3194 1219 nostri
3225 1165 3350 1221 Jesu
3375 1168 3593 1234 Christi,
3616 1186 3734 1225 cum

2159 1254 2265 1307 quo
2293 1241 2431 1295 Patri
2456 1287 2470 1308 ,
2496 1245 2758 1317 simulque
2785 1260 2971 1306 sancto
2995 1253 3216 1323 Spiritui
3243 1259 3407 1326 gloria
3431 1301 3445 1324 ,
3479 1270 3738 1328 potestas,

2165 1327 2338 1383 honor
2369 1372 2383 1397 ,
2436 1350 2573 1388 nunc
2603 1346 2656 1390 et
2686 1354 2898 1408 semper
2928 1384 2942 1408 ,
2974 1352 3026 1396 et
3060 1345 3109 1396 iu
3155 1347 3349 1401 sarcula
3393 1349 3732 1405 surculorum.

2161 1419 2353 1476 Amen.

2347 1658 3699 1696 _______________________

1804 1732 2147 1800 HOMILIA
2194 1744 2307 1806 XI.

477 1891 599 1944 CAP.
633 1890 688 1943 5.
714 1905 766 1943 v.
799 1888 856 1945 7.
885 1886 991 1941 Sed
1018 1900 1131 1953 quia
1172 1885 1295 1936 mihi
1322 1884 1522 1953 fuerunt
1560 1882 1723 1944 lucra,
1772 1883 1878 1935 lucc
1907 1881 2043 1935 arbi-

550 1993 710 2035 tratus
732 1995 841 2033 sum
866 1988 1073 2049 propter
1092 1975 1345 2030 Christum
1363 1975 1728 2027 detrimentum.
1759 1974 1811 2029 8.
1846 1972 2054 2025 Verum-

550 2086 713 2127 tamen
748 2081 795 2125 et
832 2071 1059 2123 existimo
1101 2068 1269 2120 omnia
1311 2067 1667 2117 detrimentum
1705 2082 1811 2118 esse
1846 2074 2054 2135 propter

552 2169 846 2220 eminentem
878 2162 1137 2215 scientiam
1166 2156 1289 2211 Jrsu
1319 2158 1505 2210 (.‘hristi
1545 2156 1754 2210 Domini
1792 2158 1908 2222 mei,
1938 2173 2056 2226 pro-

550 2271 659 2325 pter
701 2270 844 2324 quem
881 2255 1047 2304 omnia
1088 2250 1440 2302 detrimentum
1478 2247 1572 2316 feci
1602 2257 1648 2300 et
1676 2246 1893 2300 arbitror
1921 2247 2056 2316 quis-

548 2347 733 2416 quilias
772 2360 897 2408 esse,
942 2353 994 2394 ut
1033 2340 1283 2395 Christum
1312 2338 1647 2407 lucrifacium,
1674 2336 1721 2391 9.
1751 2350 1795 2389 et
1833 2337 2056 2389 inveniar

488 2479 497 2485 .
550 2439 600 2488 in
632 2436 720 2488 illo
748 2451 849 2486 non
876 2433 1061 2485 habens
1102 2447 1261 2483 meum
1284 2429 1561 2498 justitiam,
1604 2444 1714 2495 (μίαν
1743 2444 1804 2480 ea:
1830 2428 1935 2497 lege
1961 2438 2051 2491 est,

502 2527 637 2577 «sed
678 2523 841 2588 illum,
872 2538 986 2593 qua:
1023 2536 1085 2574 ex
1113 2520 1214 2589 ﬁde
1239 2529 1311 2571 est
1336 2516 1460 2571 .Iesu
1489 2517 1695 2574 Christi,
1726 2534 1836 2585 qme
1859 2533 1920 2569 ea:
1949 2514 2055 2568 Deo

520 2623 621 2669 west
654 2614 857 2683 jnstitia
883 2615 936 2665 in
963 2611 1083 2680 fide,
1124 2609 1205 2664 l0.
1250 2608 1317 2661 ad
1360 2608 1760 2678 coquoscendum
1800 2608 1965 2672 illum,
2010 2615 2055 2659 et

534 2707 779 2758 virtutem
808 2700 1182 2756 resurrectionis
1210 2700 1340 2770 ejus.

552 2799 597 2849 l.
630 2794 685 2848 In
719 2792 1118 2849 certaminibus.
1148 2806 1265 2859 qua-
1292 2788 1549 2841 adversus
1573 2787 1858 2842 lia-retices
1889 2788 2057 2841 susci-

476 2888 718 2956 piuntur,
760 2892 998 2953 vegetam
1046 2881 1300 2934 adhibere
1348 2888 1582 2931 mentem
1627 2886 1856 2946 oportet,
1900 2889 2057 2947 atque

474 2977 688 3032 assidue
708 2974 758 3028 in
786 2990 845 3028 ea
874 2972 1193 3041 cogitatione
1215 2968 1463 3022 defixam.
1494 2966 1566 3019 lta
1589 2968 1728 3020 enim
1751 2967 2049 3022 disturbare

478 3068 688 3120 illorum
719 3064 935 3117 ordines
960 3062 1275 3131 poterimus,
1304 3067 1355 3112 et
1385 3059 1749 3126 plenissimam
1778 3071 2052 3129 reportare

479 3161 786 3220 victoriam,
835 3154 1038 3208 nullum
1083 3152 1189 3206 illis
1234 3150 1528 3220 respirandi
1574 3151 1801 3220 spatium
1842 3151 2049 3205 dantes.

478 3249 764 3318 Propterea
793 3261 911 3299 cum
938 3244 1094 3299 velim
1123 3257 1217 3295 Vos
1248 3258 1312 3295 ex
1338 3242 1627 3312 Scriptnris
1648 3243 1712 3296 ad
1752 3242 2050 3313 bnjusmodi

474 3337 764 3392 certamina
793 3335 1080 3399 instruere,
1112 3341 1168 3386 ut
1196 3331 1321 3388 hinc
1346 3333 1505 3387 etiam
1540 3347 1633 3387 eos
1660 3334 1748 3403 qui
1781 3335 2053 3389 contradi-

477 3437 607 3483 cunt
648 3427 1019 3481 obmutescere
1049 3422 1255 3477 faciatis
1284 3441 1297 3476 :
1332 3422 1509 3493 hujus,
1544 3439 1663 3493 quae
1700 3425 1914 3479 nuncin
1945 3442 2053 3477 nta-

476 3520 632 3573 uibus
660 3525 767 3581 est,
796 3515 1169 3586 disputationis
1207 3513 1416 3568 initium
1460 3529 1665 3568 stnnam
1704 3530 1731 3568 a
1770 3514 1873 3568 line
1898 3530 2053 3581 supe-

469 3611 651 3664 sioris.
695 3608 827 3676 Quis
875 3617 1054 3661 autem
1094 3617 1209 3660 erat
1250 3606 1338 3660 ille
1372 3604 1540 3660 ﬁnis?
1584 3605 1714 3661 Cum
1754 3606 2055 3675 collegisset

460 3701 693 3753 Judaica
720 3697 900 3752 omnia
931 3712 1049 3766 quae
1078 3695 1337 3766 gloriandi
1358 3711 1572 3750 causam
1601 3697 1813 3761 dabant,
1847 3714 1908 3751 ea
1935 3713 2052 3766 qua)

478 3805 505 3842 a
540 3790 744 3851 natura,
792 3803 853 3841 ea
885 3802 1005 3855 quae
1030 3801 1059 3838 a
1089 3786 1314 3840 consilio
1351 3794 1406 3839 et
1437 3788 1698 3840 electione
1724 3787 1999 3842 addiderat
2036 3805 2051 3841 :

480 3881 589 3935 Sed
615 3893 727 3947 qua:
754 3878 874 3930 mihi
902 3877 1104 3945 fuerunt
1131 3876 1295 3939 lucra,
1325 3876 1430 3929 lucc
1457 3875 1684 3930 existimo
1705 3877 2054 3931 detrimentum

470 3983 583 4023 esse
611 3976 815 4038 propter
854 3966 1147 4019 eminentem
1175 3965 1434 4018 scientiam
1461 3963 1587 4018 Jesu
1627 3967 1813 4021 Christi
1847 3967 2055 4023 Domini

480 4060 595 4123 mei,
623 4068 835 4127 propter
851 4074 997 4128 quem
1025 4058 1194 4111 omnia
1220 4057 1573 4111 detrimentum
1600 4060 1715 4127 feci,
1757 4071 1804 4114 et
1837 4063 2056 4118 arbitror

455 4150 774 4220 quisquilias
812 4166 939 4214 esse,
985 4159 1039 4202 ut
1083 4149 1339 4204 Christum
1395 4151 1735 4222 lucrifacium.
1799 4154 2056 4210 lnsultant

458 4273 464 4286 ,η
483 4241 583 4294 hoc
612 4240 728 4294 loco
751 4239 1009 4294 haeretici.
1041 4238 1170 4292 Nam
1199 4249 1252 4293 et
1281 4239 1381 4294 hoc
1403 4241 1680 4309 sapientia:
1701 4255 1780 4297 est
1802 4243 2053 4314 Spiritus,

462 4345 607 4398 «spes
634 4330 738 4384 illis
767 4329 1003 4384 victoriae
1031 4331 1366 4397 submittere,
1397 4340 1453 4385 ut
1495 4347 1721 4403 pugnam
1752 4349 2051 4405 capessant.

478 4421 692 4475 Etenim
719 4423 762 4475 si
787 4429 970 4488 aperte
997 4419 1245 4489 loquutus
1275 4431 1438 4485 esset,
1472 4422 1722 4479 fecissent
1744 4435 1800 4481 et
1825 4427 1877 4481 in
1905 4428 2019 4483 istis
2039 4471 2055 4496 ,

482 4510 624 4580 quod
656 4510 710 4563 in
751 4509 871 4562 aliis
902 4510 1142 4563 fecerunt
1170 4526 1184 4563 :
1218 4510 1535 4567 deleverunt
1569 4513 1710 4568 enim
1744 4516 1944 4584 literas,
1975 4534 2059 4574 re-

487 4601 770 4670 pnd'arunt
809 4599 1174 4670 Scriptorum,
1215 4618 1335 4656 cum
1387 4604 1643 4660 adversos
1692 4607 1834 4663 illius
1879 4610 2059 4666 radios

487 4696 624 4745 terre
655 4707 758 4744 non
793 4700 1027 4758 possent.
1059 4691 1164 4746 Sed
1193 4693 1337 4761 quod
1365 4695 1416 4748 in
1452 4695 1686 4762 piscibus
1715 4697 1792 4763 iit,
1824 4709 1880 4754 ut
1908 4701 2056 4768 illud,

487 4784 628 4837 unde
667 4791 787 4836 sunt
837 4785 1102 4852 capiendi,
1143 4799 1245 4838 non
1286 4784 1568 4840 manifesto
1608 4788 1712 4844 illis
1755 4791 2057 4862 objiciatur,

485 4873 580 4928 sed
634 4874 947 4935 occultetur.
999 4884 1056 4927 nt
1103 4889 1383 4951 accurrere
1432 4892 1536 4931 non
1579 4884 1983 4947 vereantur;id
2009 4894 2063 4940 et.

490 4965 591 5017 hoc
630 4963 746 5019 loco
774 4963 988 5028 accidit,
1013 4964 1100 5017 ubi
1122 4976 1158 5017 ‘a
1187 4965 1351 5020 Paulo
1382 4967 1464 5021 lex
1502 4968 1751 5023 damnum
1779 4971 1919 5028 dicta
1957 4985 2060 5029 cst.

487 5058 650 5123 Sane,
691 5056 830 5125 quod
877 5055 1072 5109 Paulus
1120 5055 1269 5119 dicit,
1306 5058 1603 5128 hujusutodi
1657 5072 1739 5117 est
1770 5081 1784 5116 :
1814 5065 2063 5137 Quisqui-

489 5151 620 5216 lias,
659 5161 712 5204 et
761 5150 1010 5203 damnum
1067 5149 1234 5219 legem
1289 5161 1482 5205 vocat:
1527 5169 1630 5207 non
1675 5155 1866 5212 licebat
1905 5159 2066 5214 Chri-

486 5249 627 5293 stum
675 5239 904 5304 lucrari,
959 5238 1059 5293 nisi
1115 5239 1250 5294 hanc
1306 5241 1554 5296 damnum
1608 5255 1896 5313 putassem.
1941 5248 2066 5304 Haec

492 5330 669 5383 omnia
693 5330 933 5384 alliciunt
964 5328 1266 5396 haereticos,
1299 5339 1356 5384 ut
1385 5332 1555 5387 locum
1580 5337 1855 5406 recipiant,
1885 5340 2069 5395 existi-

492 5427 699 5474 mantes
728 5433 823 5488 pro
849 5434 907 5474 se
934 5418 1111 5476 facere
1141 5438 1155 5473 :
1185 5421 1398 5491 quando
1421 5439 1544 5479 vero
1578 5437 1918 5498 receperunt,
1945 5442 2068 5488 tunc

496 5511 616 5567 illos
672 5510 877 5566 retibus
925 5513 1161 5583 undique
1203 5515 1540 5586 constringit.
1593 5516 1729 5585 Quid
1776 5521 1934 5592 igitur
1984 5524 2067 5578 isti

491 5604 677 5657 dicunt
703 5602 1018 5656 insultantes
1045 5603 1120 5675 (α)
1148 5605 1172 5657 ?
1196 5605 1271 5659 Itin
1298 5606 1379 5659 lcx
1412 5617 1493 5661 est
1519 5608 1788 5678 damnum,
1812 5628 1884 5669 en
1928 5616 2074 5685 quis-

553 5692 630 5753 tu)
653 5689 942 5740 Mamehzeos
959 5692 1230 5753 signiﬁcare
1257 5694 1461 5743 videtur.

2159 1888 2367 1955 quilize;
2396 1895 2662 1962 quomodo
2684 1898 2841 1968 igitur
2863 1901 3029 1970 ipsam
3051 1905 3140 1960 Dei
3163 1923 3283 1964 esse
3303 1910 3520 1966 dicitis?
3545 1914 3736 1970 Verum

2162 1976 2275 2033 haec
2305 1982 2482 2035 omnia
2512 2000 2608 2054 pro
2640 1987 2754 2055 lege
2780 2002 2902 2045 sunt
2927 2008 2941 2057 ;
2972 1996 3237 2063 quomodo
3256 2009 3454 2066 autem,
3481 2002 3602 2056 hinc
3624 2020 3740 2072 per-

2160 2069 2399 2136 spicuum
2433 2071 2568 2127 lict?
2596 2077 2945 2136 Attendamus
2970 2084 3272 2156 diligenter,
3303 2107 3420 2160 qua:
3446 2069 3694 2148 dicunt—ur
3721 2114 3735 2148 :

2162 2174 2263 2211 non
2294 2159 2445 2228 dixit,
2470 2162 2582 2218 Lex
2611 2176 2691 2220 est
2714 2167 3115 2240 detrimentum,
3140 2179 3232 2231 sed
3262 2159 3428 2246 ipsam
3453 2181 3741 2239 Arbitratus

2159 2264 2269 2301 sum
2299 2250 2696 2310 detrimentum:
2735 2268 2788 2314 et
2826 2261 2892 2315 de
2933 2264 3080 2320 lucro
3109 2269 3323 2337 quidem
3371 2273 3591 2341 loquens
3635 2290 3738 2327 non

2159 2338 2316 2406 dixit,
2339 2342 2644 2400 Arbitratus
2670 2363 2809 2413 sum,
2841 2352 2958 2418 sed,
2988 2354 3218 2411 Fuerunt
3240 2361 3382 2413 lucra
3414 2338 3521 2416 :vde
3539 2364 3738 2419 damno

2159 2438 2334 2485 autem
2380 2433 2531 2501 dixit,
2576 2437 2861 2495 Arbitrutus
2898 2462 3006 2497 sum
3034 2463 3053 2499 :
3081 2450 3291 2502 lllCt'ilO.
3337 2452 3467 2506 illud
3505 2456 3643 2508 enim
3686 2458 3737 2510 in

2163 2532 2346 2575 natura
2380 2538 2491 2577 erat
2526 2544 2538 2577 :
2573 2527 2670 2581 hoc
2716 2546 2842 2585 vero
2868 2533 2975 2601 jam
3015 2552 3077 2590 ex
3124 2540 3375 2607 opinione
3404 2552 3581 2598 nostra
3616 2561 3735 2614 pro-

2162 2608 2354 2665 fectum
2383 2623 2482 2667 est.
2513 2616 2647 2681 Quid
2680 2620 2834 2688 igitur
2863 2623 2885 2675 '3
2930 2641 3035 2678 non
3067 2636 3148 2682 est
3176 2671 3188 2690 ,
3235 2631 3441 2701 inquit,
3483 2608 3735 2691 damnum

2161 2699 2242 2754 lex
2274 2704 2296 2754 1'
2335 2702 2430 2757 Est
2458 2716 2601 2760 certe
2629 2724 2642 2772 ;
2672 2709 2765 2763 sed
2797 2725 3014 2781 propter
3040 2699 3319 2772 Christum
3345 2739 3358 2774 :
3388 2731 3442 2776 at
3487 2740 3629 2780 nunc
3659 2727 3738 2779 lu-

2161 2808 2311 2848 crm".
2342 2794 2473 2850 facta
2505 2808 2602 2851 est.
2647 2799 2760 2855 Non
2794 2806 3076 2869 putabatur
3113 2809 3324 2865 lucrum
3353 2854 3367 2875 ,
3403 2814 3567 2884 inquit
3595 2856 3609 2877 ,
3640 2820 3735 2871 sed

2161 2895 2310 2938 erat:
2341 2902 2404 2941 ac
2426 2888 2470 2941 si
2506 2890 2746 2946 diceret:
2777 2895 2955 2963 Cogita
2996 2912 3250 2967 quantum
3278 2902 3458 2968 fuerit,
3491 2904 3736 2961 homines

2162 2974 2408 3031 eil'eratos
2442 2978 2550 3048 jam
2581 2992 2763 3036 natura
2792 2986 2855 3037 ad
2891 2987 3172 3041 humanam
3204 2991 3321 3044 vita!
3349 2994 3609 3047 rationem
3641 2996 3736 3048 ad.

2159 3066 2397 3120 ducere:
2443 3070 2541 3122 nisi
2593 3072 2674 3126 lex
2722 3073 2910 3128 fuissut
2936 3119 2947 3141 ,
2999 3095 3169 3148 neque
3213 3084 3372 3136 etiam
3414 3086 3582 3153 gratia
3614 3087 3737 3140 data

2157 3166 2318 3211 esset.
2362 3157 2870 3229 QuareiQnooiam
2923 3169 3097 3235 pontis
3142 3172 3304 3224 instar
3349 3171 3467 3228 fuit.
3522 3175 3735 3229 Etenim

2158 3247 2404 3314 quoniam
2434 3251 2650 3304 minime
2678 3251 2758 3307 fas
2783 3266 2895 3308 crat
2919 3257 2984 3312 de
3026 3258 3209 3313 intimo
3246 3264 3361 3318 loco
3384 3267 3435 3317 iu
3462 3266 3734 3320 excelsum

2156 3337 2471 3405 ascendere,
2501 3340 2635 3394 facta
2666 3353 2747 3397 est
2771 3345 2934 3399 scala.
2984 3348 3049 3402 Et
3076 3353 3317 3419 quamvis
3357 3369 3459 3407 non
3506 3356 3737 3423 amplius

2157 3428 2296 3480 scala
2328 3443 2461 3497 opus
2491 3431 2560 3484 sit
2594 3450 2608 3499 ;
2657 3451 2759 3488 non
2806 3448 3084 3508 propterea
3113 3453 3287 3498 tamen
3331 3444 3472 3499 illam
3507 3454 3734 3517 spernit.

2158 3518 2249 3570 sed
2275 3520 2446 3586 potius
2466 3522 2514 3575 ei
2541 3526 2735 3591 gratias
2764 3524 2940 3582 habet.
2973 3530 3089 3598 Ipsa
3112 3534 3251 3586 enim
3279 3535 3388 3594 fuit.
3421 3554 3540 3605 qua:
3572 3538 3726 3591 illum

2158 3623 2222 3662 co
2253 3609 2564 3678 adduxerit,
2600 3625 2658 3668 ut
2695 3616 2809 3686 ejus
2837 3620 3065 3686 posthac
3108 3637 3210 3677 non
3240 3637 3392 3694 egi-at
3422 3645 3434 3679 :
3467 3643 3529 3681 ac
3555 3638 3737 3684 tamen

2168 3715 2264 3761 pro
2298 3701 2395 3755 hoc
2428 3704 2561 3773 ipso,
2595 3707 2733 3776 quod
2766 3708 2904 3762 illius
2932 3726 3035 3765 non
3063 3725 3203 3783 eget,
3233 3715 3545 3771 beneﬁcium
3578 3736 3635 3772 se
3659 3720 3735 3772 illi

2159 3790 2352 3847 debere
2402 3796 2589 3850 merito
2636 3799 2872 3855 fatetur:
2908 3802 3025 3857 sine
3072 3805 3157 3879 illa
3199 3807 3338 3860 enim
3391 3824 3498 3862 non
3545 3825 3737 3864 ascen-

2159 3882 2344 3936 disset.
2395 3883 2538 3939 Idem
2583 3887 2649 3942 de
2680 3888 2795 3959 lege
2841 3891 3124 3948 dicendum
3158 3884 3242 3950 est
3273 3913 3286 3950 :
3316 3900 3494 3952 evexit
3536 3916 3634 3953 nos
3681 3902 3736 3953 in

2159 3974 2425 4039 sublime;
2458 3991 2585 4046 ergo
2615 3978 2817 4034 lucrum
2845 3991 2962 4036 erat
2994 4002 3008 4038 :
3040 3986 3131 4040 sed
3152 3987 3261 4056 jam
3289 3989 3455 4058 ipsam
3489 4003 3753 4061 putamus

2158 4061 2431 4116 darnunm.
2457 4064 2734 4132 Quomodo
2757 4070 2780 4121 ?
2814 4070 2928 4126 Non
2955 4076 3205 4143 qmmiam
3228 4077 3478 4133 datunnm
3508 4091 3609 4141 est.
3642 4083 3737 4135 sed

2159 4152 2407 4219 quoidam
2434 4155 2590 4225 longe
2619 4159 2790 4227 potior
2814 4174 2896 4216 est
2919 4165 3107 4233 gratia.
3133 4166 3262 4221 Nam
3288 4170 3738 4238 quemadmodum

2166 4243 2303 4298 fante
2352 4245 2600 4303 laborans
2638 4268 2861 4321 pauper,
2908 4259 3161 4326 quamdiu
3202 4261 3417 4330 quidem
3458 4274 3739 4334 argentum

2164 4332 2342 4400 habet,
2372 4352 2436 4390 eo
2461 4348 2611 4394 arcet
2640 4341 2829 4397 famem
2861 4361 2875 4411 ;
2900 4357 3177 4419 postquam
3219 4366 3347 4408 vero
3371 4368 3560 4409 aurum
3587 4356 3739 4411 inve-

2165 4427 2321 4493 nerit,
2350 4428 2394 4481 si
2419 4438 2700 4501 utrumque
2720 4436 2951 4492 retinere
2972 4454 3077 4494 non
3102 4440 3278 4508 liceat,
3308 4444 3560 4500 damnum
3591 4457 3745 4518 putat

2167 4517 2403 4572 retinere
2438 4533 2716 4590 argentum
2737 4564 2751 4588 ,
2783 4535 2942 4595 atque
2972 4529 3060 4582 illo
3086 4531 3306 4589 dimisso
3330 4551 3517 4590 aurum
3553 4517 3693 4608 capit
3727 4557 3741 4592 :

2163 4607 2383 4663 dimittit
2413 4621 2609 4678 autem,
2643 4631 2746 4669 non
2767 4620 2907 4686 quod
2930 4621 3180 4679 dammtm
3206 4628 3275 4680 sit
3302 4641 3600 4697 argentum,
3632 4646 3743 4685 non

2166 4702 2307 4756 enim
2338 4712 2441 4768 est,
2491 4705 2585 4760 sed
2616 4710 2866 4777 quoniam
2898 4722 3181 4785 utrumque
3207 4720 3362 4773 simul
3402 4721 3600 4777 habere
3635 4738 3744 4777 nou

2168 4790 2311 4851 licet.
2343 4794 2435 4849 sed
2467 4802 2772 4855 tiecessario
2809 4803 3033 4867 alterum
3062 4817 3145 4861 est
3175 4810 3579 4880 relinquendum
3616 4832 3628 4865 :
3668 4814 3745 4868 ita

2166 4892 2220 4934 et
2249 4882 2356 4937 hie.
2398 4884 2509 4939 Non
2541 4887 2699 4956 igitur
2727 4890 2810 4943 lex
2852 4902 2932 4945 est
2969 4894 3371 4967 detrimentum,
3402 4903 3498 4957 sed
3530 4904 3633 4974 legi
3662 4903 3749 4957 iu-

2172 4972 2461 5032 lnereutem
2509 4979 2741 5037 deﬁcere
2769 4998 2797 5036 a
2836 4983 3073 5042 Christo.
3106 4989 3469 5056 Quamobrem
3497 5010 3617 5049 cum
3648 5010 3752 5050 nos

2169 5063 2383 5120 abducit
2412 5083 2440 5120 a
2467 5068 2703 5137 Christo,
2737 5083 2861 5128 tunc
2890 5075 3141 5135 damnum
3170 5090 3252 5136 est
3281 5101 3292 5136 :
3321 5085 3461 5154 quod
3499 5087 3542 5140 si
3573 5086 3752 5141 addu-

2169 5164 2253 5207 cat
2279 5196 2292 5218 ,
2336 5172 2440 5210 non
2473 5159 2618 5215 item.
2666 5163 2953 5234 Pr0pterea
2994 5169 3193 5241 inquit,
3230 5173 3448 5245 Propter
3489 5175 3751 5233 Christum

2171 5244 2543 5300 detrimentum.
2575 5250 2629 5304 Si
2663 5264 2879 5323 propter
2917 5256 3187 5315 Christum
3207 5303 3221 5327 ,
3253 5244 3381 5333 ergo
3408 5276 3596 5320 natura
3641 5286 3752 5323 non

2173 5344 2255 5388 est
2282 5335 2681 5393 detrimentum.
2712 5344 2821 5397 Cur
2859 5356 3035 5402 autem
3069 5364 3173 5404 non
3202 5352 3330 5406 sinit
3373 5354 3456 5408 lex
3495 5357 3563 5410 ad
3588 5357 3755 5412 Chri-

2174 5438 2311 5480 stum
2340 5430 2597 5486 accedere
2624 5433 2647 5485 ?
2670 5438 2745 5490 Ac
2770 5452 2900 5493 sane
2926 5440 2991 5493 ad
3019 5441 3140 5507 hoc,
3175 5445 3363 5514 inquit,
3392 5446 3512 5501 data
3543 5449 3756 5504 fuerat:

2178 5519 2451 5587 plenitudo
2478 5525 2620 5577 enim
2649 5526 2781 5597 legis
2808 5528 3072 5598 Christus,
3102 5545 3155 5588 et
3182 5534 3331 5590 Finis
3371 5539 3495 5609 legis
3525 5538 3758 5594 Christus

2179 5607 2353 5679 (liam.
2388 5613 2474 5666 10.
2511 5615 2585 5683 4).
2616 5615 2772 5682 Sinit,
2807 5620 2850 5674 si
2878 5617 3022 5677 dicto
3046 5625 3326 5682 audientes
3356 5607 3476 5683 esse
3505 5630 3758 5686 velimus.

2177 5697 2273 5765 Qui
2305 5715 2430 5769 ergo
2459 5702 2556 5772 legi
2589 5706 2790 5773 obcdit,
2825 5709 2990 5778 ipsum
3021 5712 3189 5784 legem
3220 5717 3473 5784 relinquit
3501 5722 3522 5771 Υ
3565 5720 3750 5775 ltelin-
