4014 6200
457 366 563 424 9ί⁸5

461 481 768 538 πείθεσθαι.
826 480 884 531 '0
919 477 998 549 τῷ
1036 477 1185 548 νόμῳ
1229 475 1409 528 τοίνυν
1453 471 1803 541 πειθόμενος,
1866 465 2029 520 αὑτόν

458 577 651 645 ἀφίησι
682 572 773 625 τὸν
824 570 1019 640 νόμον;
1072 567 1358 636 Ἀφίησιν,
1407 564 1501 617 ἐάν
1542 560 1930 633 προσέχωμεν·
1964 556 2031 609 ἀν

463 669 645 737 μέντοι
674 664 749 735 μὴ
772 662 1142 733 προσέχωμεν,
1168 658 1269 710 οὑκ
1293 657 1536 726 ἀφίησιν.
1575 653 1759 708 Ἀλλὰ
1776 650 1893 721 μὲν
1919 647 2032 717 οὖν

460 759 561 812 καὶ
607 758 829 825 ἥγημαι
875 752 1070 805 πάντα
1108 748 1321 817 ζημίαν
1361 743 1535 801 εῖναι.
1572 744 1637 796 Τί
1666 743 1830 810 λέγω,
1866 740 2029 809 φησὶ,

458 850 616 902 τοῦτο
650 846 779 917 περὶ
824 843 916 896 τοῦ
967 842 1164 910 νόμου;
1204 839 1321 907 οὑχὶ
1354 837 1517 891 καλὸν
1569 836 1598 887 0
1642 833 1880 903 κόσμος;
1909 828 2031 917 οὑχι

460 939 623 994 καλὸν
667 939 700 1007 ή
728 916 987 1004 παροῦσα
1027 931 1177 1001 ζωής
1220 928 1358 981 Ἀλλ’
1391 928 1484 980 ἐάν
1518 942 1583 995 με
1625 922 1890 993 ἀπαγάγῃ
1935 916 2029 970 τοῦ

445 1028 722 1099 ³Χριστοῦ,
743 1025 947 1096 ζημίαν
962 1022 1135 1076 ταῦτα
1162 1021 1401 1090 τίθεμαι.
1428 1018 1526 1069 Διά
1541 1015 1622 1079 τί;
1650 1015 1751 1066 Διά
1770 1012 1835 1065 τὸ
1854 1015 2034 1077 ὑπερ-

447 1117 744 1190 -έχονατῆς
793 1114 1070 1185 γνώσεως
1107 1110 1314 1177 ἰησοῦ
1352 1105 1611 1177 Χριστοῦ
1657 1103 1763 1157 τοῦ
1809 1100 2032 1190 Κυρίοῦ

450 1188 593 1282 μου.
645 1210 754 1265 ἰὀῦ
794 1208 904 1279 γὰρ
948 1206 1099 1277 ήλίου
1144 1201 1437 1270 φανέντος,
1489 1192 1902 1282 προσκαθῆσθαι
1955 1188 2033 1282 τῷ

416 1336 421 1341 -
454 1280 637 1372 λύχνῳ
666 1299 858 1373 ζημία.
896 1297 1066 1349 λὫστε
1114 1294 1222 1347 ἀπὸ
1268 1293 1366 1362 τῆς
1396 1287 1731 1360 ’παραϐολῆς
1782 1287 1815 1355 ἡ
1859 1280 2034 1352 ζημία

405 1425 412 1434 -
460 1396 693 1462 γίνεται,
726 1389 836 1441 ἀπὸ
874 1385 966 1439 τοῦ
997 1384 1376 1456 ὑπερέχοντος.
1425 1381 1587 1450 Ὁρᾷς
1632 1378 1714 1430 ὅτι
1749 1374 2034 1445 σύγκρισιν

460 1484 724 1544 ποιεῖται;
767 1478 868 1530 Διά
902 1477 969 1530 τὸ
1012 1474 1332 1543 ὑπερέχον,
1364 1469 1546 1541 φησιν,
1589 1468 1650 1521 οὑ
1680 1466 1767 1519 διὰ
1799 1464 1866 1553 τι
1890 1462 2036 1553 ἀλλό-

461 1587 615 1640 τριον
641 1585 652 1597 '
700 1568 762 1620 τι
804 1568 912 1635 γὰρ
968 1563 1254 1633 ὑπερέχον,
1287 1560 1381 1613 τοῦ
1416 1557 1709 1629 ὁμογενοῦς
1754 1552 2032 1624 ὑπερέχει.

464 1663 627 1714 ’Ὥστε
656 1660 748 1727 ἀφ’
766 1651 839 1711 ὧν
867 1658 1105 1709 ποιεῖται
1134 1653 1233 1721 τὴν
1258 1651 1399 1705 κατὰ
1428 1649 1713 1718 σύγκρισιν
1739 1643 2033 1715 ὑπεροχὴν,

462 1751 570 1804 ἀπὸ
598 1748 803 1801 τούτων
827 1746 1068 1798 δείκνυσι
1096 1742 1194 1812 τὴν
1225 1739 1497 1792 οίκείωσιν
1524 1740 1625 1805 τῆς
1647 1734 1920 1802 γνώσεως.
1953 1731 2036 1782 Δι’

432 1874 435 1879 -
464 1842 537 1894 ὃν
584 1840 656 1893 τὰ
698 1837 896 1891 πάντα
926 1832 1252 1902 ἐζημιώθην
1276 1870 1290 1892 ,
1334 1828 1431 1883 καὶ
1474 1826 1729 1894 ἠγοῦμαι
1761 1822 2035 1877 σκύϐαλα

461 1929 634 1995 εἶναι,
664 1930 764 1982 ἵνα
800 1925 1059 1994 Χριστὸν
1095 1921 1388 1990 κερδήσω.
1421 1917 1570 1990 [285]
1603 1912 1852 1968 Σκύϐαλα
1884 1911 2037 1965 οὑπω

463 2023 564 2092 μὲν
582 2019 773 2091 δῆλον,
798 2018 846 2070 εί
874 2015 1001 2085 περὶ
1027 2012 1306 2080 τοῦ.νόμου
1331 2009 1464 2078 φησι
1488 2003 1827 2059 τάσκύϐαλα
1852 2020 1864 2031 ·
1881 2001 2036 2092 γείκδς

464 2114 573 2181 γὰρ
608 2110 769 2163 αὑτὸν
806 2106 934 2176 περὶ⁵
964 2100 1246 2171 κοσμικῶν
1276 2095 1614 2168 πραγμάτων
1641 2094 1797 2145 τοῦτο
1832 2091 2033 2158 λέγειν.

465 2179 647 2255 Εἰπὼν
682 2196 791 2265 γάρ
812 2233 826 2258 ,
882 2194 1089 2246 "Aura
1119 2185 1195 2257 ἦν
1215 2204 1316 2255 μοι
1351 2183 1559 2251 κέρδη,
1593 2180 1777 2234 ταῦτα
1815 2179 2036 2247 ἥγημαι

463 2293 562 2346 διὰ
582 2290 689 2344 τὸν
710 2284 967 2354 Χριστὸν
996 2280 1224 2349 ζημίαν,
1254 2274 1429 2330 Ἀλλὰ
1449 2272 1567 2342 μὲν
1593 2266 1697 2325 οὖν
1728 2269 1826 2323 καὶ
1857 2267 2038 2337 ἠγοῦ-

460 2399 589 2452 μαι,
621 2377 775 2447 φησι,
807 2373 1017 2427 πάντα
1036 2369 1267 2439 ζημίαν.
1302 2366 1504 2420 Πάντα
1530 2358 1675 2427 εἷπε,
1710 2362 1806 2415 καὶ
1834 2359 1901 2452 τά
1930 2357 2038 2410 πά-

465 2451 577 2536 λαι,
625 2470 719 2524 καὶ
751 2466 819 2519 τὰ
865 2462 1128 2534 παρόντα.
1168 2460 1231 2512 El
1263 2457 1321 2511 δὲ
1356 2455 1535 2527 βούλει
1570 2454 1665 2507 καὶ
1713 2452 1803 2505 τὸν
1848 2451 2034 2520 νόμον,

464 2564 585 2618 οὑδέ
602 2559 773 2621 οὑτως
798 2557 1074 2626 ὕϐρισται.
1100 2552 1173 2603 Τὸ
1200 2550 1308 2620 γὰρ
1339 2546 1604 2601 σκύϐαλον
1634 2543 1741 2598 ἀπὸ
1769 2542 1862 2596 τοῦ
1886 2541 2035 2595 σίτου

452 2655 602 2714 -ἐστὶ,
634 2652 728 2705 καὶ
752 2648 812 2701 τὸ
843 2646 1062 2716 ἰσχυρὸν
1096 2642 1188 2696 τοῦ
1226 2644 1371 2696 σίτου
1410 2640 1472 2693 :0
1504 2636 1773 2690 σκύϐαλόν
1807 2636 1945 2694 ἐστι,
1978 2635 2039 2685 τὸ

458 2745 667 2814 ,ἄχυρον
699 2738 865 2805 λέγω.
904 2736 1065 2788 Ὥστε
1096 2732 1201 2803 πρὸ
1228 2730 1419 2784 τούτου
1444 2728 1713 2798 χρήσιμον
1747 2725 1806 2776 :0
1835 2722 2038 2776 σκύϐα-

449 2839 553 2891 ιλον
579 2832 647 2907 ἦν
671 2852 685 2865 ο
729 2831 868 2903 μετά
895 2826 1004 2897 γὰρ
1039 2825 1131 2878 τοῦ
1174 2824 1321 2878 σίτου
1356 2821 1488 2876 αὑτδ
1513 2818 1828 2887 ἐκλέγομεν,
1867 2816 1960 2868 καὶ
1991 2816 2038 2867 εί

458 2930 543 2999 μή
561 2945 614 2980 τι
640 2923 908 2978 σκύϐαλον
934 2916 1022 2991 ἦν,
1051 2918 1152 2971 οὑκ
1181 2915 1246 2970 ἂν
1267 2916 1295 2968 ό
1320 2917 1464 2977 σῖτος
1494 2913 1731 2981 ἐγένετο.
1762 2907 1917 2961 Οὕτω
1946 2907 2039 2961 καὶ

467 3021 563 3077 ἐπὶ
587 3018 679 3072 τοῦ
708 3017 894 3086 νόμον.

542 3208 605 3278 β’.
631 3204 793 3274 Ὁρᾷς
824 3200 940 3263 πῶς
968 3194 1241 3265 πανταχοῦ
1283 3193 1383 3246 οὑκ
1416 3189 1544 3244 αὑτό
1572 3188 1728 3278 τοῦτο
1759 3187 1956 3278 ζημίαν
1984 3186 2043 3278 :0

469 3272 705 3363 πρᾶγμα
737 3272 912 3349 καλεῖ,
946 3283 1081 3337 ἀλλὰ
1131 3282 1220 3335 διὰ
1259 3280 1351 3333 τὸν
1395 3276 1658 3349 Χριστόν;
1700 3274 1883 3329 Ἀλλὰ

470 3361 584 3434 οῦν
632 3376 730 3430 καί
776 3374 975 3427 πάντα
1016 3370 1271 3441 ἠγοῦμαι
1320 3364 1683 3436 ζημίαν.Δώ
1726 3363 1812 3427 τίς
1850 3361 2039 3423 Πάλιν,

470 3466 574 3521 Διὰ
606 3463 673 3517 τὸ
707 3459 1005 3529 ὑπερέχον
1045 3455 1156 3524 τῆς
1200 3455 1492 3525 γνώσεως.
1529 3451 1602 3505 δι’
1628 3450 1701 3504 ὃν
1743 3451 1817 3503 τὰ
1850 3447 2044 3501 πάντα

469 3550 813 3622 ἐζημιώθην.
851 3543 985 3600 Εἶτα
1020 3545 1235 3613 ἐπάγει,
1267 3543 1365 3596 Διὸ
1406 3541 1504 3595 καὶ
1551 3539 1804 3607 ἠγοῦμαι
1848 3536 2046 3589 πάντα

474 3639 683 3709 ζημίαν
726 3633 910 3696 εἶναι,
943 3635 1044 3687 ἵνα
1089 3630 1347 3699 Χριστὸν
1392 3626 1684 3695 κερδήσω.
1718 3625 1882 3696 ὐρᾷς
1930 3625 2046 3686 πῶς

482 3724 908 3795 ἐπιλαμϐάνεται
953 3718 1219 3773 πάντοθεν
1266 3715 1359 3769 τοῦ
1408 3715 1730 3786 ἐρείσματος
1782 3711 1877 3764 τοῦ
1922 3712 2048 3781 X9:-

475 3811 626 3876 στοῦ,
658 3810 751 3862 καλ⁸
788 3809 889 3859 οὑκ
918 3804 1141 3872 ἀφίησιν
1165 3800 1401 3872 οὐδαμοῦ
1433 3799 1783 3869 γυμνωθῆναι
1831 3797 1923 3850 τὸν
1963 3798 2049 3849 νό-

477 3914 598 3969 μον,
626 3894 747 3947 οὑδέ
777 3890 991 3959 πληγὴν
1034 3889 1242 3950 λαϐεῖν,
1273 3889 1410 3942 ἀλλὰ
1439 3885 1751 3958 περιϐάλλει
1784 3883 2048 3937 πάντοθεν

474 3983 664 4047 αὑτόν;
691 3979 799 4034 Καὶ
820 3973 1042 4044 εὑρεθῶ
1072 3974 1142 4028 ἐν
1168 3973 1327 4037 αὑτῷ
1355 3972 1435 4039 μὴ
1460 3973 1616 4042 ἔχων
1647 3969 1801 4039 ἐμὴν
1829 3969 2049 4022 δικαιο-

466 4071 676 4136 σύνην
700 4064 817 4132 τὴν
845 4064 914 4117 ἐκ
941 4062 1046 4115 τοῦ
1071 4062 1279 4129 νόμου.
1318 4061 1379 4112 Εἰ
1419 4062 1447 4113 ὁ
1488 4058 1837 4127 δικαιοσύνην
1887 4055 2047 4127 ἔχων,

473 4157 561 4210 διὰ
588 4155 648 4208 :0
681 4152 842 4224 μηδὲν
878 4150 1047 4221 αὐτὴν
1074 4144 1233 4213 εἷναι,
1263 4147 1398 4219 πρὸς
1423 4146 1623 4214 ταύτην
1658 4144 1752 4215 τὴν
1775 4143 2051 4197 δικαιοσύ-

482 4242 864 4315 νηνέδραμεν,
890 4239 940 4291 οί
990 4237 1064 4307 μὴ
1108 4236 1322 4306 ἔχοντες
1374 4235 1487 4295 πώς
1529 4235 1590 4287 οὑ
1642 4232 1821 4303 πολλῷ
1852 4232 2051 4301 μᾶλλον

488 4329 748 4400 ιφείλουσι
796 4324 1152 4397 προστρέχειν
1199 4320 1382 4392 αὑτῷ;
1422 4323 1531 4375 Καὶ
1567 4320 1743 4384 καλῶς
1781 4315 1923 4381 εἶπε,
1954 4319 2051 4386 Μὴ

474 4422 633 4488 ἒχων
682 4415 839 4485 ἐμὴν
887 4412 1302 4478 δικαιοσύνην,
1334 4412 1434 4479 οὑχ
1482 4411 1550 4480 ἣν
1600 4410 1688 4465 διὰ
1739 4410 1914 4464 πόνων
1959 4408 2052 4462 καὶ

456 4503 719 4574 --ίδρώτων
752 4500 1094 4570 ἐκτησάμην,
1120 4497 1253 4551 ἀλλὰ
1281 4498 1347 4569 ἢν
1374 4490 1531 4568 εὗρον
1557 4497 1666 4551 ἀπὸ
1691 4499 1789 4568 τῆς
1812 4498 2049 4569 χάριτος,

379 4619 387 4627 ο
478 4591 662 4662 φησίν.
679 4590 742 4642 El
770 4587 948 4641 τοίνυν
976 4588 1003 4640 ὁ
1028 4585 1401 4655 κατορθώσας,
1421 4584 1528 4638 ἀπὸ
1550 4584 1771 4654 χάριτος
1797 4583 2048 4647 σώζεται,

466 4673 662 4745 ’πολλῷ
717 4673 915 4743 μᾶλλον
963 4673 1141 4742 ὑμεῖς.
1162 4670 1380 4741 Ἐπειδὴ
1408 4671 1522 4742 γὰρ
1551 4671 1696 4734 εἰκὸς
1743 4666 1812 4741 ἦν
1856 4671 2053 4734 αὐτοὺς

468 4764 678 4831 -λέγειν,
709 4761 792 4813 ὅτι
835 4758 1037 4829 μείζων
1066 4757 1206 4827 αῦτη
1252 4759 1286 4827 ἡ
1318 4757 1629 4825 δικαιοσύνη
1663 4758 1695 4827 ἡ
1723 4756 1810 4809 διὰ
1849 4760 2048 4823 πόνων,

472 4852 773 4906 δείκνυσιν·
792 4848 875 4900 ὅτι
922 4845 1190 4899 σκύϐαλον
1228 4844 1369 4915 α’ύτη
1399 4846 1517 4899 ἐστὶ
1546 4847 1680 4917 πρὸς
1708 4845 1940 4914 ἐκείνην.
1974 4846 2046 4898 Οὑ

480 4940 590 5007 γὰρ
630 4936 700 4991 ἄν
728 4950 876 4987 ¹ποτε
920 4930 1031 5001 ἐγὼ
1080 4931 1455 5004 κατορθώσας,
1488 4932 1657 5000 αὑτὴν
1691 4931 1851 5001 ῥίψας
1882 4931 2049 5003 ταύτῃ

482 5029 866 5098 προσέτρεχον.
900 5021 1036 5074 Ποία
1065 5020 1123 5075 δέ
1151 5022 1299 5075 ἐστιν
1329 5020 1502 5091 αὑτη’;
1542 5021 1602 5075 Ἠ
1631 5020 1749 5075 ἀπὸ
1794 5021 2053 5085 πίστεως

480 5114 586 5167 τοῦ
613 5110 790 5167 Θεοῦ·
822 5108 1085 5168 τουτέστι,
1123 5109 1215 5161 τρια)⁴
1260 5107 1399 5175 αῦτη
1439 5107 1588 5177 παρὰ
1629 5106 1764 5160 Θεοῦ
1807 5107 2051 5160 δέδοταιυ

481 5199 617 5251 Θεοῦ
658 5201 805 5251 ἐστιν
852 5194 990 5264 αῦτη
1037 5196 1069 5265 ὴ
1116 5191 1465 5261 δικαιοσύνηο
1494 5194 1671 5263 δῶρόν
1716 5197 1861 5248 ἐστιν
1915 5194 2053 5263 αῦτη

482 5284 793 5354 ὀλόκληρον.
818 5284 900 5337 Τὰ
942 5283 999 5335 δὲ
1032 5280 1126 5334 τοῦ
1152 5279 1287 5334 θεοῦ
1330 5280 1478 5350 δῶρα
1529 5281 1707 5351 πολλῷ
1746 5282 1821 5351 τῷ
1874 5282 2056 5353 μέτρῳ

485 5371 805 5441 ὑπερϐαίνει
843 5370 941 5440 τὴν
992 5367 1266 5422 εὐτέλειαν
1313 5367 1422 5420 τῶν
1459 5368 1898 5439 κατορθωμάτων
1949 5370 2056 5423 τῶν

485 5459 571 5515 διὰ
598 5460 695 5527 τῆς
720 5459 997 5530 ἡμετέρας
1024 5458 1261 5527 σπουδῆς
1289 5454 1610 5527 γινομένων.
1646 5457 1711 5509 Τί
1757 5457 1812 5511 δέ
1851 5461 1997 5511 ἐστιν
2026 5460 2057 5527 ἡ

488 5547 704 5611 «hanc;
744 5544 875 5599 Ἐπὶ
906 5542 978 5612 τῆ
1009 5546 1230 5609 πίστει,
1251 5545 1406 5614 φησὶ,
1446 5544 1553 5598 τοῦ
1584 5544 1805 5614 γνῶναι
1839 5547 2053 5599 αὐτόν.

494 5634 635 5700 ’Ἄρα
661 5630 747 5683 διὰ
787 5629 1023 5693 πίστεως
1057 5631 1090 5700 ἡ
1120 5630 1343 5697 γνῶσις,
1371 5632 1465 5686 καὶ
1495 5632 1729 5694 πίστεως
1763 5631 1890 5684 ἄνευ
1916 5632 2058 5700 γνῶ-

489 5733 575 5770 ναι
600 5714 758 5769 αὑτὸν
789 5716 886 5767 οὐκ
914 5712 1049 5766 ἔστι.
1073 5715 1194 5779 Πῶς
1218 5716 1274 5770 δέ
1296 5734 1310 5782 ;
1341 5718 1417 5771 Δι’
1443 5720 1610 5787 αὐτῆς
1633 5718 1713 5769 δεῖ
1738 5719 1937 5786 γνῶναι
1960 5720 2056 5790 τὴν

1124 355 1181 412 S.
1220 354 1506 412 JOANNIS
1540 347 2030 411 CIIBYSOSTOMI

2141 348 2389 405 lClllEP—.
2437 347 2987 406 CONSTANTINOP.

3593 356 3710 411 266

2132 465 2356 536 δύναμιν
2389 467 2485 536 τῆς
2517 468 2865 530 ἀναστάσεως
2894 468 3057 522 αὑτοῦ
3076 485 3089 499 ·
3115 471 3272 534 -ποῖος
3304 470 3410 539 γάρ
3440 470 3709 541 λογισμὸς

2132 554 2229 623 τὴν
2285 555 2578 608 ἀνάστασιν
2619 558 2752 625 ἡμῖν
2793 558 3166 627 παραστήσει;
3222 556 3357 610 Οὑδέ
3410 553 3511 621 εἷς,
3566 560 3714 613 ἀλλὰ

2133 642 2332 705 πίστις.
2376 643 2438 695 Εἰ
2478 642 2534 695 δέ
2562 644 2596 713 η
2622 643 2917 706 ἀνάστασις
2947 642 3041 697 τοῦ
3069 644 3210 697 κατὰ
3239 645 3419 715 σάρκα
3437 646 3712 715 Χριστοῦ,

2133 727 2314 780 πίστει
2339 727 2686 794 γινώσκεται,
2718 730 2837 791 πῶς
2879 732 2912 800 ἡ
2950 730 3204 801 γέννησις
3230 730 3327 785 τοῦ
3358 731 3493 785 Θεοῦ
3526 734 3716 801 Λόγου

2132 813 2409 882 λογισμοῖς
2434 815 2905 883 καταλαμϐάνεται
2926 832 2940 880 ;
2974 819 3069 885 τῆς
3095 816 3204 886 γάρ
3228 818 3531 887 γεννήσεως
3555 820 3719 871 ἐλάτ-

2132 917 2238 951 των
2288 901 2322 969 ή
2369 900 2686 965 ἀνάστασις.
2718 901 2816 953 Διά
2852 902 2936 966 τίς
2968 902 3092 956 Ὀτι
3125 904 3339 973 ἐκείνης
3387 905 3489 973 μὲν
3530 906 3717 958 πολλὰ

2131 987 2200 1039 τά
2218 987 2587 1057 ὑποδείγματα
2602 988 2817 1056 γέγονε,
2836 988 3038 1058 ταύτης
3048 989 3106 1042 δὲ
3131 990 3252 1043 οὑδέ
3276 990 3353 1044 ἐν.
3373 992 3577 1060 Νεκροὶ
3605 993 3719 1061 μὲν

2133 1075 2243 1145 γάρ
2285 1074 2588 1147 ἀνέστησαν
2616 1075 2802 1128 πολλοὶ
2833 1077 2939 1145 πρὸ
2970 1076 3062 1129 τοῦ
3089 1076 3349 1148 Χριστοῦ,
3383 1082 3430 1131 εί
3465 1082 3557 1131 καὶ
3585 1083 3721 1132 ἐτε-
3751 1071 3787 1105 ““

2132 1160 2400 1231 λεύτησαν
2420 1162 2749 1225 ἀναστάντες
2769 1180 2782 1192 ·
2809 1162 2915 1215 ἀπδ
2936 1164 2991 1215 δὲ
3020 1164 3292 1233 παρθένου
3314 1165 3486 1229 οὐδεὶς
3508 1166 3719 1235 ἐτέχθη

2135 1248 2284 1302 ποτέ.
2326 1251 2390 1302 El
2419 1250 2598 1302 τοίνυν
2626 1251 2654 1302 ὃ
2683 1252 2776 1305 καὶ
2806 1251 2904 1320 τῆς
2942 1250 3085 1305 κατὰ
3120 1251 3298 1320 σάρκα
3324 1250 3475 1323 [286]
3509 1256 3722 1324 γεννή-

2136 1353 2271 1398 σεως
2302 1335 2697 1405 εὐτελέστερον,
2723 1338 2880 1390 τοῦτο
2917 1338 3091 1390 πίστει
3123 1338 3203 1389 δεῖ
3234 1338 3722 1407 παραλαμϐάνειν,

2133 1422 2194 1476 :0
2222 1423 2400 1494 πολλῷ
2446 1424 2651 1494 μεῖζον,
2680 1426 2772 1477 καὶ
2813 1426 3053 1494 ἀπείρως
3083 1426 3267 1496 μεῖζον
3296 1426 3392 1478 καὶ
3435 1424 3719 1497 ἀσυγκρίο

2133 1527 2260 1575 τως,
2288 1511 2404 1574 πῶς
2426 1511 2668 1582 λογισμῷ
2687 1512 3193 1582 καταλαμϐάνεται;
3220 1513 3406 1565 Ταῦτα
3434 1517 3575 1566 ποιεῖ
3605 1513 3725 1584 τὴν

2134 1596 2496 1669 δικαιοσύνην.
2532 1598 2701 1651 Τοῦτο
2725 1599 2831 1669 γὰρ
2862 1598 2945 1651 δεῖ
2966 1600 3273 1661 πιστεῦσαι,
3306 1600 3388 1652 ὅτι
3431 1600 3665 1669 ἐδυνήθη
3700 1617 3718 1631 °

2134 1684 2195 1737 :0
2239 1684 2296 1737 δὲ
2346 1685 2462 1749 πῶς
2504 1685 2751 1756 ἐδυνήθη,
2778 1685 2961 1738 οὑκέτι
3014 1685 3128 1739 ἐστι
3177 1686 3526 1756 παραστῆσαι
3552 1703 3565 1714 ”
3599 1688 3727 1739 ἀπὸ

2136 1770 2243 1841 γὰρ
2278 1771 2516 1835 πίστεως
2550 1774 2580 1842 ἡ
2611 1772 2864 1826 κοινωνία
2905 1772 3013 1824 τῶν
3057 1772 3416 1842 παθημάτων.
3454 1772 3609 1839 Πῶς;
3641 1774 3723 1827 Εἰ

2136 1859 2245 1929 γὰρ
2288 1860 2362 1930 μὴ
2398 1860 2776 1930 ἐπιστεύομεν,
2807 1859 2919 1912 οὐδ’
2950 1859 3017 1913 ἂν
3052 1860 3329 1930 ἐπάθομεν
3350 1876 3363 1889 ο
3396 1860 3445 1912 εί
3478 1859 3554 1930 μὴ
3581 1863 3723 1912 ἐπι-

2138 1945 2436 2015 στεύομεν,
2486 1946 2567 1999 ὃτι
2623 1947 3086 2016 συνυπομένοντες
3158 1946 3674 2017 συμϐασιλεύσομεν
3705 1988 3728 2010 ,

2136 2033 2242 2084 οὐδ’
2277 2034 2342 2086 ἂν
2370 2032 2643 2102 ἐπάθομεν
2690 2033 2761 2086 τὰ
2812 2032 3282 2102 παθήματα.⁹Αρα
3320 2032 3501 2085 πίστει
3548 2033 3645 2085 καὶ
3683 2034 3727 2103 ἡ

2136 2122 2388 2191 γέννησις
2436 2122 2529 2174 καὶ
2579 2122 2611 2191 ή
2654 2122 2945 2184 ἀνάστασις
3007 2121 3506 2191 καταλαμϐάνεται.
3543 2122 3727 2191 Ὁρᾷς

2135 2208 2216 2260 ὅτι
2249 2207 2347 2277 οὑχ
2374 2206 2562 2270 ἁπλῶς
2587 2208 2668 2260 δεῖ
2693 2209 2791 2279 τὴν
2820 2208 3001 2261 πίστιν
3026 2204 3187 2272 εἶναι,
3227 2208 3364 2262 ἀλλὰ
3395 2209 3465 2261 δι’
3492 2209 3679 2279 ἔργων
3705 2226 3727 2274 ;

2137 2285 2306 2357 Οὗτος
2334 2294 2444 2365 γάρ
2477 2293 2708 2364 μάλιστα
2742 2294 3009 2357 πιστεύει,
3038 2295 3120 2348 ὃτι
3167 2295 3367 2363 ἀνέστη
3399 2296 3659 2366 Χριστὸς,
3691 2298 3730 2349 ὁ
3810 2347 3817 2352 .

2137 2380 2460 2449 παραϐόλως
2489 2380 2679 2435 ἐαυτὸν
2725 2382 2837 2443 τοῖς
2870 2380 3135 2444 κινδύνοις
3171 2380 3430 2445 ἐκδιδοὺς,
3459 2384 3488 2433 ό
3517 2398 3730 2433 acomn-

2136 2466 2243 2518 νῶν
2274 2468 2421 2537 αὑτῷ
2462 2470 2519 2521 ἐν
2547 2470 2660 2529 τοῖς
2698 2468 3010 2537 παθήμασι·
3041 2468 3118 2537 τῷ
3151 2468 3257 2536 γάρ
3287 2469 3577 2521 ἀναστάντι
3604 2485 3733 2519 κοι-

2136 2556 2312 2616 νωνεῖ,
2347 2553 2424 2623 τῷ
2456 2554 2637 2617 ζῶντι.
2671 2554 2769 2607 Διά
2800 2554 2959 2608 τοῦτο
2991 2553 3172 2622 ελεγεο
3221 2555 3326 2608 Καὶ
3380 2553 3599 2622 εὑρεθῶ
3638 2552 3733 2608 ἐι·

2134 2638 2294 2704 αὐτῷ
2314 2643 2399 2708 μὴ
2426 2640 2585 2709 ἔχων
2614 2639 2769 2709 ἐμὴν
2806 2640 3201 2710 δικαιοσύνην
3239 2641 3353 2709 τὴν
3384 2643 3450 2695 ἐκ
3476 2642 3584 2696 τοῦ
3613 2642 3734 2694 νό-

2131 2744 2272 2797 μου,
2295 2727 2453 2781 ἀλλὰ
2476 2727 2589 2795 τὴν
2616 2727 2713 2780 διὰ
2744 2728 3002 2793 πίστεως
3030 2729 3307 2796 Χριστοῦ,
3333 2729 3449 2797 τὴν
3468 2730 3536 2783 ἐκ
3561 2728 3731 2783 Θεοῦ

2134 2813 2534 2883 δικαιοσύνην
2568 2814 2667 2869 ἐπὶ
2716 2814 2789 2883 τῇ
2837 2817 3059 2881 πίστει,
3108 2815 3212 2870 τοῦ
3255 2815 3476 2885 γνῶναι
3525 2818 3734 2871 αὐτὸν

2136 2902 2232 2957 καί
2258 2902 2371 2971 τὴν
2399 2903 2656 2972 δύναμιν
2684 2901 2793 2972 τῆς
2821 2901 3214 2967 ἀναστάσεως
3239 2903 3445 2969 αὑτοῦ,
3472 2903 3568 2956 καί
3600 2905 3736 2969 τὴν

2137 2996 2457 3050 κοινωνίαν
2488 2995 2605 3049 τῶν
2627 2994 2989 3064 παθημάτων
3027 2994 3234 3058 αὑτοῦ,
3259 2996 3736 3063 συμμορφούμε-

2136 3101 2242 3148 νος
2270 3083 2348 3149 τῷ
2381 3083 2611 3149 θανάτῳ
2631 3085 2834 3146 αὑτοῦ,
2860 3086 2916 3137 εἴ
2936 3098 3066 3150 πως
3098 3083 3451 3148 καταντήσω
3479 3085 3565 3148 είς
3600 3081 3735 3149 τὴν

2137 3170 2549 3234 ἐξανάστασιν
2591 3170 2708 3224 τῶν
2750 3168 2997 3238 νεκρῶν.
3035 3199 3107 3209 —
3142 3171 3687 3237 Svppopyoéysroc
3711 3206 3732 3230 ,

2142 3260 2297 3327 φησι,
2310 3257 2390 3323 τῷ
2401 3259 2632 3324 θανάτῳ
2645 3258 2849 3312 αὐτοῦ’
2865 3257 3129 3321 τουτέστι,
3144 3257 3433 3310 κοινωνῶν.
3450 3256 3735 3327 Καθάπερ

2141 3344 2249 3415 γὰρ
2277 3347 2481 3409 ἐκεῖνος
2507 3346 2610 3399 ὑπὸ
2639 3346 2747 3399 τῶν
2776 3343 3076 3415 ἀνθρώπων
3107 3344 3327 3407 ἔπαθεν,
3351 3344 3493 3397 οὑτω
3523 3342 3688 3410 κάγώ
3710 3359 3731 3373 ο

2141 3434 2225 3486 διὰ
2256 3434 2413 3485 τοῦτο
2436 3430 2577 3496 εἷπε,
2603 3435 3176 3503 Συμμορφούμενος·
3210 3433 3303 3485 καὶ
3334 3430 3568 3502 ἀλλαχοῦ
3607 3431 3734 3483 πά-

2142 3521 2252 3574 λιν·
2300 3522 2764 3590 Ἀνταναπληρῶ
2796 3520 3278 3589 τὰύστερήματα
3298 3518 3426 3572 ’τῶν
3452 3520 3740 3587 θλίψεων

2144 3614 2249 3667 τοῦ
2265 3612 2520 3681 Χριστοῦ
2547 3613 2616 3667 ἐν
2635 3610 2710 3681 τῇ
2731 3614 2912 3682 σαρκί
2936 3613 3395 3682 μου.Τουτέστιν,
3418 3612 3739 3682 οἱδιωγμοὶ

2145 3707 2238 3759 καὶ
2270 3705 2338 3760 τά
2386 3706 2686 3776 παθήματα
2726 3703 2917 3770 ταῦτα,
2947 3704 3045 3774 τὴν
3077 3705 3258 3758 εἰκόνα
3295 3704 3738 3774 δημιουργοῦσιν

2146 3799 2359 3869 ἐκείνην
2387 3798 2480 3852 τοῦ
2512 3798 2762 3853 θανάτου.
2796 3799 2871 3851 Οὑ
2899 3796 3006 3869 γάρ
3038 3798 3098 3850 τὸ
3129 3795 3321 3850 ἐαυτοῦ
3352 3798 3553 3866 ἐζήτει,
3583 3796 3738 3851 ἀλλὰ

2144 3892 2205 3943 :0
2249 3890 2355 3943 τῶν
2404 3890 2801 3943 πολλῶν.Ὢστε
2831 3889 2925 3942 καὶ
2954 3890 3005 3941 οἱ
3031 3888 3259 3959 διωγμοὶ
3286 3888 3379 3941 καὶ
3402 3888 3476 3940 αἱ
3510 3886 3738 3956 θλίψεις

2148 3983 2240 4035 καὶ
2274 3984 2328 4035 αἱ
2357 3982 2793 4053 στενοχωρίαιοὺ
2829 3982 2988 4051 μόνον
3017 3981 3160 4051 ὑμᾶς
3192 3981 3296 4033 οὑκ
3323 3980 3596 4049 ὀφείλουσι
3630 3979 3738 4032 θο-

2154 4072 2355 4144 ρυϐεῖν,
2388 4073 2522 4127 ἀλλὰ
2545 4073 2639 4127 καὶ
2662 4072 2987 4143 εὐφραίνειν,
3020 4072 3101 4124 ὅτι
3130 4071 3219 4125 διὰ
3240 4070 3444 4123 τούτων
3476 4085 3739 4141 συμμορ-

2151 4164 2395 4235 φούμεθα
2424 4164 2500 4233 τῷ
2528 4164 2740 4234 θανάτῳ
2767 4162 2930 4216 αὑτοῦ
2953 4179 2965 4194 '
2993 4162 3068 4225 ὡς
3091 4164 3155 4216 ἂν
3178 4163 3226 4214 εί
3252 4162 3454 4225 ἔλεγεν,
3484 4159 3737 4223 Ἐξεικο-

2148 4254 2407 4325 νιζόμεθα
2427 4270 2439 4284 ⁸
2472 4255 2500 4307 ὃ
2530 4255 2621 4307 καὶ
2654 4253 2885 4323 ἀλλαχοῦ
2913 4253 3058 4321 λέγει
3086 4249 3478 4323 γράφων,.Τὴν
3496 4249 3736 4317 νέκρω-
3806 4304 3817 4315 ο

2148 4362 2251 4399 σιν
2282 4345 2388 4398 τοῦ
2418 4346 2638 4413 Κιζρίου
2675 4344 2869 4414 Ἰησοῦ
2898 4344 2966 4397 ὲν
3001 4342 3081 4409 τῷ
3109 4342 3337 4412 σώματι
3365 4341 3730 4409 περιφέρον-

2150 4453 2265 4500 τες.
2301 4436 2404 4488 Καὶ
2454 4435 2611 4489 τοῦτο
2654 4436 2710 4489 δὲ
2755 4434 2861 4489 ἀπὸ
2905 4435 3139 4497 πίστεως
3165 4433 3363 4505 πολλῆς
3389 4433 3612 4500 γίνεται.
3642 4433 3733 4486 Οὐ

2151 4529 2295 4599 γάρ,
2351 4529 2429 4580 ὅτι
2482 4528 2677 4598 ἀνέστη
2732 4527 2913 4597 μόνον,
2962 4524 3312 4595 πιστεύομεν,
3357 4522 3576 4576 ἀλλ’ὅτι
3627 4525 3734 4574 καὶ

2154 4620 2287 4690 μετὰ
2314 4620 2607 4673 ἀνάστασιν
2634 4618 2831 4688 πολλὴν
2858 4618 2971 4687 ἔχει
2994 4616 3093 4687 τὴν
3126 4615 3298 4686 ίσχύν.
3321 4615 3418 4668 Διά
3441 4613 3599 4667 τοῦτο
3624 4613 3734 4682 τὴν

2151 4712 2315 4781 αὑτὴν
2343 4710 2459 4763 ὁδὸν
2484 4710 2758 4781 όδεύομεν,
2796 4710 2971 4779 ἤνπερ
3000 4709 3222 4773 ὥδευσε,
3248 4709 3537 4768 τουτέστιν,
3571 4704 3737 4757 ἀδελ-

2152 4802 2238 4864 φοὶ
2271 4800 2530 4870 γινόμεθα
2553 4800 2700 4870 αὑτῷ
2728 4801 2820 4853 καὶ
2850 4801 2988 4853 κατά
3014 4798 3172 4852 τοῦτο
3191 4816 3203 4828 ·
3238 4799 3314 4861 ὡς
3355 4797 3420 4851 ἂν
3449 4798 3498 4849 εί
3528 4796 3681 4865 ἔλεγε
3712 4812 3730 4827 ⁸

2152 4893 2374 4962 Χριστοὶ
2395 4891 2654 4961 γινόμεθα
2683 4890 2823 4944 κατὰ
2850 4889 3027 4943 τοῦτο.
3059 4889 3252 4951 Βαϐαὶ,
3286 4888 3448 4940 πόσον
3474 4885 3581 4938 τῶν
3613 4902 3733 4938 παι

2153 4985 2261 5039 θῶν
2289 4985 2348 5039 :0
2373 4986 2621 5055 ἀξίωμαῑ
2658 4984 2984 5053 πιστεύομεν
3016 4984 3095 5037 ὅτι
3134 4980 3603 5053 συμμορφούμεθα
3646 4980 3735 5050 τῷ

2154 5075 2365 5145 θανάτῳ
2396 5075 2558 5129 αὑτοῦ
2582 5075 2670 5128 διὰ
2697 5074 2805 5128 τῶν
2834 5075 3414 5145 παθημάτων.⁸Ὠσπερ
3440 5072 3548 5143 γὰρ
3570 5074 3629 5124 ἐν
3647 5070 3736 5140 τῷ

2155 5168 2484 5237 βαπτίσματι
2512 5166 2936 5235 Συνετιίφημεν
2963 5165 3044 5231 τῷ
3072 5166 3385 5234 ὁμοιώματι
3419 5164 3524 5217 τοῦ
3548 5162 3736 5218 θανά-

2154 5276 2260 5314 του
2302 5260 2507 5324 αὑτοῦ,
2537 5260 2707 5323 οὕτως
2758 5258 2992 5313 ἐνταῦθα
3022 5259 3100 5329 τῷ
3126 5258 3339 5329 θανάτῳ
3370 5255 3731 5328 συμμορφού-

2158 5351 2293 5422 μεθα
2322 5351 2670 5406 αὑτοῦ.Ἐκεῖ
2712 5350 2935 5414 εἰκότως
2978 5345 3119 5412 εἷπε,
3156 5346 3245 5413 Τῷ
3276 5346 3592 5416 ὁμοιώματι
3622 5343 3733 5399 τοῦ

2154 5443 2413 5497 θανάτου
2461 5443 2681 5497 αὐτοῦ’
2718 5443 2777 5495 οὑ
2817 5442 2927 5512 γάρ
2957 5441 3076 5494 ὅλον
3114 5440 3206 5493 τὸν
3253 5440 3478 5494 θάνατον
3521 5436 3736 5490 ἀπεθά-

2155 5550 2317 5601 νομεν
2341 5548 2354 5562 ·
2405 5533 2466 5587 οὑ
2514 5533 2621 5603 γάρ
2661 5532 2872 5603 σώματι
2900 5536 2957 5586 ἐν
3007 5531 3173 5603 σαρκὶ
3206 5530 3570 5598 ἀπεθάνομεν,
3600 5526 3733 5580 ἀλλ’

2152 5624 2419 5694 ἁμαρτία.
2438 5624 2591 5676 Ἐπεὶ
2612 5620 2703 5678 οὖν
2725 5623 2949 5687 θάνατος
2973 5624 3065 5677 καὶ
3094 5623 3319 5686 θάνατος
3346 5622 3580 5691 λέγεται,
3601 5617 3735 5673 ἀλλ’

2157 5716 2359 5778 ἐκεῖνος
2390 5716 2497 5786 μὲν
2529 5716 2763 5770 ἀπέθανε
2794 5715 3032 5786 σώματι,
3068 5718 3226 5787 ἡμεῖς
3255 5715 3311 5767 δὲ
3342 5711 3606 5783 ἁμαρτίᾳ,
3631 5708 3729 5764 καὶ
