4044 6202
361 314 458 370 265

346 426 486 495 quit,
512 426 557 478 si
577 424 919 478 attendamus
941 440 955 476 :
981 423 1125 494 quod
1145 424 1189 477 si
1213 424 1431 479 minime
1446 423 1801 489 attendamus,
1822 440 1927 479 non

345 516 496 570 sinit.
538 514 890 568 Verumtamen
900 525 957 570 «et
976 516 1208 571 existimo
1231 516 1403 570 omnia
1427 517 1774 570 detrimentum
1799 534 1923 572 esse.

343 607 485 673 Quid
531 607 671 673 hoc,
705 608 920 677 inquit,
960 607 1028 661 de
1056 607 1172 675 lege
1209 607 1374 662 dico?
1410 623 1585 662 nonne
1623 608 1817 662 bonum
1845 618 1927 662 est

344 699 578 754 mundus
605 700 629 751 ?
655 715 832 754 nonne
862 700 1058 753 bonum
1090 708 1171 753 est
1201 713 1434 769 praesens
1464 700 1570 753 vita
1598 699 1620 751 ?
1645 698 1925 754 Verumta-

340 805 466 845 men
495 791 543 845 si
572 789 843 845 abducant
868 805 900 845 a
931 791 1161 853 Christo.
1192 805 1290 860 pro
1318 791 1515 845 damno
1558 791 1749 846 habeo.
1779 792 1925 846 Cur?

344 881 570 950 Propter
596 882 894 935 eminentem
919 882 1177 935 scientiam
1203 880 1328 936 .lesu
1357 881 1545 937 Christi
1574 881 1777 936 Domini
1803 883 1918 936 mei.

342 972 441 1027 Ubi
478 973 623 1027 enim
664 975 744 1027 sol
784 974 991 1037 illuxit,
1021 974 1212 1045 lychno
1240 974 1503 1031 inhaerere
1528 975 1778 1030 damnum
1817 984 1916 1031 est.

342 1065 522 1133 itaque
542 1078 607 1118 ex
630 1064 919 1120 collatione
943 1064 1196 1119 damnum
1225 1065 1304 1128 ﬁt,
1329 1066 1579 1120 nimirum
1607 1066 1676 1120 ob
1700 1066 1919 1120 alterius

341 1155 727 1222 prtcstautiam.
762 1154 926 1210 Vides
969 1155 1191 1209 Paulum
1230 1158 1686 1225 comparationem
1719 1156 1914 1211 facere.

337 1229 563 1312 Propter
588 1246 906 1310 eminentem,
933 1245 1123 1315 inquit,
1149 1261 1256 1300 non
1275 1246 1415 1315 quod
1433 1246 1658 1301 alterum
1686 1247 1915 1300 alienum

333 1336 404 1391 sit
433 1353 447 1388 :
472 1350 597 1389 nam
628 1334 769 1405 quod
800 1336 1001 1390 eminet
1023 1346 1077 1389 et
1102 1336 1337 1400 excellit,
1373 1337 1422 1390 in
1451 1352 1511 1392 re
1530 1353 1648 1407 qum
1675 1337 1914 1407 ejusdem

332 1426 403 1479 sit
434 1426 651 1495 generis
685 1425 919 1480 excellit.
957 1424 1106 1480 Unde
1138 1427 1297 1495 igitur
1342 1441 1436 1496 per
1463 1429 1914 1495 comparationem

332 1517 701 1588 prmstantiam
747 1517 969 1571 alterius
999 1518 1297 1580 constituit,
1341 1517 1463 1571 inde
1502 1517 1718 1572 alterius
1752 1518 1912 1572 etiam

331 1609 705 1677 cognationem
728 1614 782 1659 et
802 1606 1200 1661 similitudinem
1221 1607 1537 1677 cognitionis
1559 1608 1910 1665 demonstrat.

332 1698 555 1767 Propter
578 1714 724 1767 quem
752 1700 921 1751 omnia
946 1698 1298 1752 detrimentum
1318 1700 1432 1768 feci,
1462 1709 1509 1753 et
1533 1701 1752 1754 arbitror
1775 1702 1914 1771 quis-

329 1792 523 1860 quilias
546 1806 672 1856 esse,
704 1799 759 1844 ut
779 1790 1032 1844 Christum
1055 1789 1392 1860 lucri/ariam.
1422 1791 1668 1847 Nondum
1694 1793 1908 1859 quidem

331 1880 680 1934 manifestum
711 1889 791 1935 est
827 1881 1233 1950 quisquiliarum
1277 1897 1470 1936 nomen
1503 1884 1569 1938 de
1603 1884 1720 1953 lege
1754 1885 1858 1940 dici
1891 1904 1904 1938 :

336 1971 637 2027 verisimile
662 1972 797 2026 enim
827 1982 909 2026 est
938 1972 1159 2025 Paulum
1191 1971 1257 2027 de
1298 1973 1583 2028 mundanis
1629 1976 1789 2031 rebus
1823 1977 1907 2030 di-

336 2077 485 2117 cere.
512 2060 642 2116 Nam
667 2077 781 2117 cum
804 2062 1047 2126 dixisset,
1076 2061 1203 2127 ρυω
1224 2063 1348 2117 mihi
1375 2068 1582 2134 {uerunt
1609 2066 1773 2133 lucra,
1803 2068 1908 2121 haec

329 2152 608 2206 arbitratus
635 2168 747 2205 sum
781 2162 986 2222 propter
1014 2150 1271 2206 Christum
1299 2154 1653 2209 detrimentnnt
1672 2196 1688 2223 ,
1718 2156 1865 2212 addit
1888 2200 1903 2224 ,

337 2241 693 2296 Verumtamen
717 2253 764 2296 et
790 2244 1019 2297 existimo
1047 2245 1214 2297 omnia
1238 2244 1591 2299 detrimentum
1618 2264 1744 2302 esse.
1769 2249 1901 2302 Dum

324 2332 482 2397 dicit,
533 2331 737 2400 Omnia,
792 2334 1051 2405 signiﬁcat
1089 2344 1145 2389 et
1189 2337 1455 2403 praeterita
1505 2348 1558 2392 et
1596 2341 1900 2407 przesentia.

322 2424 477 2490 Quod
503 2425 549 2480 si
574 2426 704 2480 velis
720 2426 890 2497 legem
917 2426 1225 2497 signiﬁcari,
1244 2444 1416 2498 neque
1441 2429 1560 2487 ideo
1581 2438 1754 2485 tamen
1776 2447 1903 2486 con-

321 2516 541 2569 tumelia
569 2515 820 2571 afﬁcitur.
850 2517 1164 2587 Quisquilize
1196 2519 1340 2574 enim
1367 2535 1431 2574 ex
1463 2519 1731 2575 frumento
1760 2523 1901 2578 exsi-

317 2618 490 2674 stunt,
527 2615 585 2663 et
620 2610 765 2679 quod
807 2608 859 2661 in
907 2608 1173 2665 frumento
1213 2610 1364 2680 quasi
1410 2610 1678 2667 robustius
1722 2624 1821 2679 est,
1847 2615 1898 2669 id

316 2707 402 2753 est
447 2699 767 2769 quisquilia,
811 2699 1014 2768 paleam
1056 2699 1199 2756 dico.
1227 2700 1408 2772 itaque
1452 2712 1734 2773 antequam
1783 2704 1895 2759 fru-

317 2798 561 2843 mentum
591 2790 912 2855 exsisteret,
954 2790 1098 2846 utilis
1126 2800 1244 2847 erat
1282 2792 1371 2847 illa
1401 2794 1670 2862 palearum
1702 2810 1858 2866 seges
1878 2837 1894 2863 ,

317 2890 370 2931 et
399 2895 502 2932 una
539 2894 660 2933 cum
692 2878 957 2935 frumento
989 2882 1154 2950 ipsam
1183 2883 1526 2953 colligimus:
1554 2885 1695 2955 quod
1735 2887 1778 2940 si
1809 2886 1896 2945 illa

316 2986 423 3023 non
455 2969 660 3035 fuisset,
695 2984 869 3040 neque
896 2970 999 3027 hoc
1034 2983 1277 3028 exortum
1304 2984 1467 3031 esset.
1493 2975 1564 3030 Ita
1594 2987 1645 3031 et
1672 2979 1724 3032 in
1757 2979 1893 3050 lege.

385 3059 444 3112 2.
489 3059 649 3114 Vides
693 3062 888 3131 ubique
928 3078 1035 3118 non
1069 3080 1179 3119 rem
1210 3065 1379 3135 ipsam
1413 3069 1588 3122 vocari
1618 3068 1893 3139 damnum,

314 3150 408 3205 sed
426 3159 661 3220 propter
685 3151 997 3210 Christum?
1028 3153 1382 3235 Verumtamen
1403 3168 1448 3211 et
1478 3160 1646 3212 omnia
1666 3162 1895 3217 existimo

313 3244 675 3296 detrimentum
697 3260 821 3298 esse.
850 3244 1018 3313 Quam
1069 3247 1138 3301 ob
1178 3263 1392 3303 causam
1425 3249 1449 3302 ?
1476 3249 1680 3305 Rursus
1703 3293 1718 3318 ,
1755 3252 1890 3308 Pro-

314 3344 423 3402 pter
458 3336 756 3390 eminentem
795 3337 1072 3402 scientiam,
1118 3348 1324 3406 propter
1360 3356 1501 3408 quem
1540 3342 1709 3395 omnia
1735 3342 1894 3397 detri-

311 3436 535 3479 mentum
565 3426 681 3495 [αἱ.
727 3427 929 3482 Deinde
957 3428 1217 3499 adjungit,
1258 3429 1442 3484 Omnia
1471 3432 1705 3486 existimo
1732 3434 1891 3487 detri-

309 3526 530 3571 mentum
562 3535 697 3583 esse,
742 3530 798 3572 ut
837 3520 1090 3574 Christum
1132 3520 1469 3593 luerifaeiam.
1501 3523 1662 3580 Vides
1690 3527 1886 3595 ubique

306 3608 663 3681 inharrentem
717 3610 1049 3667 ﬁrmamento
1083 3610 1321 3668 Christi?
1348 3629 1446 3670 nec
1490 3631 1711 3685 usquam
1759 3618 1893 3687 pati-

307 3711 394 3753 tur
436 3700 629 3754 nudari
680 3702 852 3772 legem
886 3718 948 3757 ac
989 3705 1194 3774 plagam
1225 3708 1487 3775 accipere,
1529 3709 1621 3763 sed
1660 3708 1891 3779 undique

308 3793 477 3860 ipsnm
510 3791 815 3846 munitilft
859 3795 1086 3849 inveniar
1124 3796 1176 3849 in
1222 3797 1341 3861 illo,
1373 3813 1471 3851 non
1512 3798 1698 3853 habens
1731 3817 1888 3855 meant

300 3880 556 3951 justitiam
595 3898 711 3952 qua
734 3899 797 3936 ea
836 3888 944 3954 tege
972 3894 1061 3939 est.
1107 3884 1163 3940 Si
1195 3887 1260 3951 is,
1301 3887 1388 3954 qni
1416 3888 1674 3957 justitiam
1723 3889 1888 3947 liabe-

306 3973 416 4035 bat,
446 3972 592 4041 quod
634 3988 695 4028 ea
742 3988 849 4043 prce
895 3974 995 4029 hac
1016 3974 1218 4046 justitia
1263 3977 1397 4032 nihil
1440 3989 1604 4045 esset,
1645 3980 1709 4035 ad
1755 3980 1889 4038 hanc

308 4063 588 4127 accurrit;
635 4065 724 4133 qui
767 4066 965 4119 nullam
1012 4067 1243 4134 habent,
1288 4070 1561 4138 quomodo.
1586 4074 1887 4131 nonmulto

314 4158 486 4223 magis
513 4169 794 4211 accurrere
816 4156 1084 4212 debebunt
1111 4159 1133 4213 ?
1164 4160 1225 4213 Et
1265 4170 1420 4215 recte.
1438 4162 1594 4229 dixit,
1630 4162 1749 4217 Non
1790 4165 1886 4217 ha-

306 4246 424 4298 bens
455 4262 618 4300 meam
638 4249 894 4316 justitiam
916 4264 937 4312 ;
980 4249 1030 4304 id
1071 4260 1155 4306 est
1195 4266 1300 4305 non
1343 4252 1487 4306 illam
1513 4295 1527 4319 ,
1570 4270 1726 4324 quam
1758 4258 1884 4311 tnihi

308 4336 441 4388 meis
465 4335 736 4392 laboribus
757 4352 820 4392 ac
837 4339 1121 4397 sudoribus
1140 4356 1256 4395 com
1265 4357 1594 4411 paraverant,
1613 4345 1704 4399 sed
1727 4362 1885 4416 quam

306 4441 369 4479 ex
414 4426 587 4495 gratia
633 4426 830 4483 inveni.
871 4429 925 4483 Si
962 4431 1120 4501 igitur
1162 4432 1288 4496 ille,
1335 4434 1422 4501 qui
1470 4436 1679 4490 virtutis
1710 4437 1885 4493 oflicia

262 4584 275 4590 _
308 4516 572 4585 obiverat,
596 4534 661 4575 ex
687 4521 853 4589 gratia
883 4522 1106 4576 salutem
1138 4535 1220 4579 est
1251 4524 1496 4594 adeptus,
1525 4527 1690 4583 multo
1720 4531 1886 4600 magis

252 4598 267 4616 "
305 4622 420 4661 vos.
454 4607 715 4675 Quoniam
745 4612 885 4665 enim
919 4614 1207 4668 verisimile
1246 4626 1360 4669 erat
1389 4616 1511 4672 illos
1538 4617 1735 4684 dicere,
1769 4636 1882 4675 ma-

298 4697 475 4766 jorem
504 4714 626 4755 esse
644 4701 902 4769 justitiam
925 4720 1042 4775 qua:
1074 4721 1138 4759 ex
1158 4705 1460 4774 laboribus,
1488 4710 1719 4764 ostendit
1747 4711 1885 4769 hanc

305 4802 416 4859 prae
444 4789 534 4844 illa
564 4791 768 4859 paleam
792 4809 910 4848 esse
938 4812 949 4846 ε
983 4795 1181 4864 alioqui
1211 4797 1352 4851 enim
1380 4814 1485 4852 non
1507 4839 1523 4864 ,
1553 4816 1674 4854 cum
1706 4802 1769 4855 ad
1806 4804 1883 4872 ip-

303 4896 414 4933 sam
448 4884 848 4949 pervenissent,
892 4900 951 4940 ea
984 4886 1220 4956 projeeta
1263 4887 1327 4940 ad
1371 4888 1506 4944 hanc
1534 4890 1755 4946 alteram
1795 4909 1884 4947 ac-

301 4973 613 5027 currissem.
634 4973 901 5039 Quaenam
924 4990 1050 5030 vero
1071 4976 1200 5032 haec.
1216 4988 1299 5032 est
1329 4978 1351 5031 ?
1381 4979 1506 5047 Qua
1529 4997 1590 5035 ex
1618 4981 1720 5049 ﬁde
1746 4981 1841 5037 Dei
1862 4999 1883 5049 ;

302 5061 353 5115 id
380 5072 499 5125 est.
539 5065 656 5119 haec
687 5066 798 5135 ipsa
828 5068 987 5123 etiam
1014 5083 1045 5123 a
1089 5069 1200 5125 Deo
1230 5070 1353 5129 data
1375 5082 1496 5129 est:
1527 5073 1626 5129 Dei
1657 5082 1738 5129 est
1767 5075 1882 5131 lure

301 5153 410 5221 ipsa
432 5152 635 5220 justitia
661 5171 676 5219 ;
699 5158 896 5211 dolium
919 5159 1131 5228 penitus
1159 5160 1256 5219 Dei
1279 5171 1362 5217 est
1385 5181 1397 5215 :
1428 5162 1522 5218 Dei
1543 5173 1718 5218 autem
1741 5164 1879 5222 dona

307 5245 468 5314 longe
495 5245 776 5302 intervallo
805 5249 1128 5307 antecedunt
1157 5252 1435 5307 utilitatem
1464 5253 1722 5309 honorum
1752 5270 1880 5325 ope-

299 5351 435 5399 rum,
461 5353 581 5405 qme
607 5353 674 5393 ex
699 5348 880 5395 nostro
908 5341 1083 5398 studio
1111 5343 1351 5412 profecta
1376 5355 1519 5403 sunt.
1543 5346 1679 5411 Quid
1700 5354 1876 5401 autem

296 5436 378 5484 est
425 5428 563 5485 lich
589 5429 613 5482 ζ’
641 5428 709 5485 In
755 5433 858 5500 ﬁde
876 5474 889 5497 ,
918 5434 1120 5504 inquit,
1152 5438 1221 5490 ad
1260 5439 1655 5507 cognoscendum
1684 5440 1826 5495 illum
1853 5442 1878 5496 .9

298 5519 432 5589 Ergo
466 5535 563 5588 per
601 5521 758 5575 ﬁdem
794 5523 1025 5594 cognitio
1054 5541 1070 5589 ;
1100 5541 1198 5582 nec
1224 5528 1338 5585 sine
1365 5528 1468 5584 lide
1499 5530 1644 5584 illum
1674 5546 1879 5601 cogno-

289 5609 538 5664 secretas
564 5620 663 5666 est.
685 5612 1000 5679 Quomodo?
1025 5616 1125 5671 Per
1155 5619 1320 5687 ipsam
1348 5620 1488 5674 enim
1511 5622 1876 5691 cognoscenda

292 5712 372 5756 est
402 5704 574 5757 virtus
617 5707 1024 5767 resurrectionis
1058 5708 1191 5777 ejus.
1232 5712 1440 5769 Etenim
1472 5730 1588 5784 qua:
1625 5730 1870 5785 umquam

1229 310 1295 368 IN
1335 310 1552 368 EPIST.
1594 314 1688 369 AD
1729 311 2012 370 PHlLlPI’.
2054 316 2205 371 CA‘l’.
2251 317 2333 374 ΙΙΙ.
2379 318 2607 375 ιιυΜιι.
2650 321 2739 376 XI.

3504 332 3610 388 236

2038 427 2368 485 ratiocinatio
2382 433 2822 485 resurrectitmem
2845 436 2996 487 nobis
3012 435 3420 494 demonstrabit?
3433 443 3607 509 Nulla,

2034 515 2126 568 sed
2154 518 2267 571 sola
2299 518 2451 573 ﬁdes.
2472 521 2624 586 Quod
2651 523 2693 575 si
2722 521 2921 577 Christi
2950 528 3241 580 secundum
3270 545 3484 586 carnem
3518 550 3607 589 re-

2032 607 2293 660 surrectio
2335 607 2438 662 ﬁde
2483 612 2841 679 cognoscitur,
2892 618 3160 683 quomodo
3199 622 3473 688 generatio
3518 626 3605 679 llei

2035 694 2193 750 Verbi
2215 722 2222 730 -
2243 700 2727 769 comprehendetur
2781 708 3276 766 ratiocinationibus
3300 715 3349 767 ?-
3378 729 3601 783 genera-

2031 784 2175 839 tione
2218 789 2360 841 enim
2406 791 2579 846 minor
2616 802 2698 848 est
2749 800 3090 852 resurrectio.
3144 799 3300 855 Cur?
3342 804 3640 869 Quoniam.

2031 873 2170 928 illius
2197 878 2410 946 quidem
2444 883 2609 937 multa
2637 887 2877 955 exempla
2906 891 3225 946 exstiterunt
3251 935 3263 954 ,
3297 898 3568 962 generatio
3588 925 3600 937 -
3630 896 3638 917 ³

2027 967 2107 1019 nis
2137 972 2336 1024 nullum
2372 990 2384 1026 :
2419 976 2612 1029 mortui
2650 973 2792 1032 enim
2832 980 2979 1033 multi
3023 996 3434 1040 resurrexerunt
3477 997 3602 1043 ante

2024 1058 2316 1128 Christum,
2342 1067 2585 1134 quamvis
2624 1078 2744 1137 post
2783 1074 3231 1131 resurrectionem
3264 1094 3447 1134 rursus
3484 1083 3601 1136 ohi-
3651 1075 3655 1078 ’

2023 1152 2197 1206 verint
2226 1170 2240 1217 ;
2270 1171 2427 1210 nemo
2455 1170 2630 1213 autem
2664 1178 2912 1232 umquam
2944 1164 3059 1230 fuit,
3088 1183 3243 1237 quem
3274 1170 3422 1241 virgo
3448 1189 3599 1240 pare-

2022 1252 2122 1295 ret.
2148 1244 2285 1313 Ergo
2313 1244 2360 1300 si
2391 1247 2517 1301 illud
2540 1250 2722 1316 etiam,
2752 1253 2893 1322 quod
2914 1264 3033 1309 ortu
3064 1258 3356 1314 secundum
3381 1277 3594 1317 carnem

2020 1333 2176 1388 vilius
2220 1344 2335 1400 est,
2371 1337 2472 1392 ﬁde
2512 1344 3070 1409 comprehendendum
3099 1358 3219 1413 est;
3259 1351 3399 1420 quod
3431 1355 3596 1407 multo

2026 1427 2199 1492 majus
2214 1437 2318 1493 est,
2337 1437 2389 1482 et
2407 1429 2620 1485 inﬁnite
2640 1435 2810 1502 majus
2830 1450 2892 1490 ac
2913 1451 2979 1491 ne
3000 1439 3363 1508 comparabile
3378 1443 3591 1512 quidem

2016 1524 2100 1569 est
2122 1556 2137 1580 ,
2161 1514 2284 1572 Qtoc
2312 1522 2581 1589 quomodo
2606 1527 3006 1585 ratiocinatione
3031 1534 3545 1602 eomprebendemus
3571 1540 3596 1592 1

2019 1606 2142 1662 "me
2190 1610 2386 1665 faciunt
2428 1612 2707 1681 justitiam.
2746 1618 2857 1674 Hoc
2894 1622 3037 1677 enim
3088 1637 3300 1693 oportet
3332 1630 3589 1697 credere,

2016 1697 2129 1753 ﬁeri
2161 1701 2397 1768 potuisse
2424 1720 2439 1769 ;
2473 1707 2741 1775 quomodo
2770 1724 2896 1764 vero
2927 1718 3183 1784 potuerit,
3211 1734 3317 1773 non
3340 1721 3449 1790 jam
3493 1739 3589 1791 po-

2014 1796 2117 1842 test
2145 1791 2349 1846 ostendi
2378 1811 2393 1847 :
2424 1808 2493 1849 ex
2537 1796 2638 1850 ﬁde
2673 1799 2813 1853 enim
2847 1801 2904 1855 ﬁt
2944 1811 3003 1857 ut
3031 1820 3205 1860 rerum
3245 1810 3586 1867 molestanum

2010 1881 2156 1938 coire
2182 1885 2490 1943 societatem
2519 1890 2761 1945 velimus.
2796 1893 3112 1961 Quomodo?
3148 1899 3258 1957 Nisi
3300 1904 3443 1959 enim
3471 1920 3588 1959 c:-e-

2010 1970 2227 2040 damus,
2281 1992 2452 2048 neque
2505 1981 2662 2035 etiam
2716 1984 2853 2039 mala
2904 1990 3164 2056 patiemur
3190 2008 3217 2055 ςσ
3247 1995 3584 2052 ηἱβίιενρόει-

2009 2077 2127 2117 mus
2166 2064 2278 2121 fore
2305 2078 2361 2121 ut
2392 2085 2490 2122 una
2516 2072 2799 2140 patientes,
2832 2077 2991 2132 simul
3021 2080 3180 2136 eti-im
3212 2085 3578 2155 regnabimus,

2008 2154 2153 2209 nullo
2201 2167 2352 2225 pacto
2403 2160 2467 2214 ad
2523 2163 2794 2226 subeunda
2851 2170 3184 2227 incommoda
3230 2154 3576 2233 adducemur.

2007 2245 2144 2315 Ergo
2182 2248 2297 2303 ﬁde.
2322 2260 2375 2305 et
2401 2256 2674 2322 generatio
2714 2267 2765 2311 et
2814 2266 3136 2317 resurrectio
3166 2269 3580 2337 comprehendi

2004 2343 2110 2390 tur.
2139 2336 2299 2393 Vides
2328 2357 2431 2395 non
2460 2345 2652 2398 nudam
2685 2349 2879 2418 requiri
2910 2351 3063 2408 (idem
3086 2397 3098 2418 ,
3129 2357 3223 2411 sed
3251 2336 3369 2413 cum
3399 2364 3577 2429 operi-

2002 2425 2103 2482 bus
2133 2431 2516 2499 eoujuuctam?
2556 2437 2601 2490 ls
2638 2440 2780 2493 enim
2815 2444 3148 2511 potissimum
3196 2450 3366 2505 credit
3397 2467 3576 2506 resur-

2002 2519 2206 2603 rexisse
2234 2521 2505 2579 Christum
2525 2567 2538 2590 ,
2572 2529 2660 2596 qui
2693 2530 2945 2588 similiter
2970 2550 3027 2590 se
3054 2540 3306 2607 periculis
3333 2548 3572 2613 exponit,

2003 2609 2093 2676 qui
2148 2611 2195 2664 ei
2241 2626 2298 2667 se
2344 2613 2395 2668 in
2450 2619 2891 2687 perpessionibus
2946 2630 3149 2680 socium
3203 2609 3467 2698 pra-bet:
3522 2609 3574 2690 lit

1999 2699 2139 2754 enim
2170 2704 2350 2761 socius
2374 2707 2421 2762 ei
2450 2709 2536 2779 qui
2566 2713 2893 2780 resurrexit,
2926 2716 2975 2770 ei
2999 2718 3085 2786 qui
3112 2719 3261 2773 vivit.
3287 2722 3573 2792 Propterea

1997 2791 2209 2850 diccbat
2226 2839 2241 2864 ,
2270 2799 2324 2854 9.
2355 2800 2420 2854 Et
2446 2803 2672 2858 inveniar
2690 2807 2743 2859 in
2770 2804 2880 2875 illo,
2905 2823 3007 2862 non
3033 2810 3220 2865 habens
3244 2791 3403 2867 meam
3415 2817 3575 2886 justi-

1999 2884 2120 2939 tiam
2146 2905 2258 2959 qua:
2275 2907 2338 2945 ea:
2356 2892 2464 2963 lege
2482 2905 2575 2958 est,
2606 2897 2697 2951 sed
2723 2899 2866 2953 illam
2889 2915 3002 2971 ante
3024 2918 3086 2956 ea:
3119 2904 3223 2972 ﬁde
3247 2915 3320 2959 est
3350 2884 3570 2972 Christi,

1996 2995 2108 3047 quae
2136 2997 2198 3035 ea:
2225 2981 2329 3037 Deo
2360 2997 2449 3049 est,
2474 2988 2728 3056 justitiam
2748 2991 2801 3044 in
2822 2992 2942 3059 ﬁde,
2976 2994 3063 3049 l0.
3086 2996 3155 3049 ad
3174 3001 3572 3068 cognoscendtnn

1996 3070 2170 3136 illum,
2201 3084 2251 3127 et
2278 3076 2507 3131 virtutem
2535 3083 2939 3153 resurrectionis,
2978 3096 3025 3140 et
3060 3090 3346 3145 societatem
3372 3098 3572 3163 passio-

1995 3176 2113 3215 num
2141 3164 2300 3228 illius,
2331 3170 2676 3240 conﬁguratus
2696 3177 2845 3229 morti
2868 3178 2996 3246 ejus,
3024 3180 3109 3234 ll.
3136 3183 3180 3235 si
3198 3196 3296 3252 quo
3318 3189 3469 3242 modo
3487 3207 3572 3244 oc-

1993 3267 2195 3307 curram
2206 3256 2274 3309 ad
2301 3263 2711 3317 resurrectionem
2735 3283 2849 3336 quia
2875 3279 2949 3323 est
2974 3288 3040 3325 ea:
3063 3277 3289 3331 mortuis.
3327 3280 3570 3354 Conﬁgu-

1992 3353 2162 3413 ratus,
2208 3346 2406 3419 inquit,
2451 3356 2603 3408 morti
2642 3358 2784 3426 ejus;
2823 3360 2872 3414 id
2917 3368 3322 3440 cst,partieeps.
3360 3346 3568 3431 Etenim

1992 3436 2439 3502 quemadmodum
2470 3443 2557 3498 ille
2579 3446 2646 3500 ab
2667 3446 2970 3505 hominibus
2997 3456 3141 3511 male
3163 3436 3412 3531 acceptus
3441 3477 3522 3521 est
3547 3504 3560 3528 ,

1992 3524 2062 3579 ita
2084 3538 2137 3582 et
2159 3544 2258 3599 ego
2282 3548 2295 3584 :
2321 3543 2598 3604 propterea
2620 3537 2775 3606 dixit,
2796 3541 3154 3615 Conﬁguratus
3167 3566 3185 3614 ;
3204 3561 3254 3606 ct
3272 3524 3455 3612 rursus
3481 3524 3570 3613 ali-

1989 3615 2063 3680 bi,
2081 3615 2149 3670 Et
2169 3618 2422 3691 adimpleo
2436 3640 2496 3679 ea
2513 3643 2626 3695 qua;
2638 3629 2817 3685 desunt
2833 3635 3123 3704 passionum
3144 3638 3331 3698 Christi
3346 3646 3398 3699 in
3419 3663 3569 3704 carne

1991 3724 2101 3762 mea
2130 3709 2347 3779 (Coloss.
2381 3716 2431 3770 l.
2462 3715 2577 3789 2t).
2607 3720 2661 3774 ld
2691 3731 2794 3789 est,
2824 3728 3131 3785 vexationes
3157 3743 3207 3787 et
3229 3731 3568 3795 calamitates

1992 3797 2290 3868 hujosmotli
2317 3806 2542 3863 reddunt
2570 3811 2849 3882 imaginem
2875 3819 3156 3886 quamdam
3189 3824 3330 3883 illius
3355 3833 3563 3887 mortis.

1988 3888 2265 3949 Nonenim
2296 3898 2436 3967 quod
2458 3916 2611 3956 suum
2644 3914 2727 3959 est
2763 3910 3054 3978 quaerebat,
3077 3914 3171 3970 sed
3207 3919 3347 3988 quod
3385 3926 3568 3979 multis

1990 3983 2289 4051 prodesset.
2324 3988 2677 4056 Quamobrem
2712 4006 2764 4050 et
2802 4001 3111 4059 vexationes
3139 4017 3193 4061 et
3227 3983 3565 4071 incommoda

1988 4081 2042 4126 et
2063 4076 2321 4145 angustia:
2346 4088 2546 4136 tantum
2577 4084 2726 4140 abest
2758 4097 2813 4142 ttt
2841 4107 2936 4146 nos
2968 4097 3279 4162 perturbare
3305 4103 3562 4171 debeant,

1989 4174 2049 4218 ut
2069 4168 2242 4235 potius
2264 4170 2386 4225 inde
2415 4174 2700 4231 lmtandum
2722 4180 2811 4244 sit,
2848 4184 2989 4250 quod
3011 4201 3107 4254 per
3127 4188 3239 4243 haec
3264 4168 3566 4253 conformes

1987 4255 2259 4312 reddimur
2284 4262 2440 4315 morti
2464 4264 2580 4330 ejus
2611 4284 2620 4315 :
2656 4269 2874 4335 periodo
2901 4287 2960 4324 ac
2985 4275 3031 4327 si
3056 4274 3279 4344 dic-cret,
3314 4282 3392 4336 Ad
3423 4284 3567 4341 illius

1987 4347 2386 4403 similitudinem
2437 4354 2726 4422 ﬁngimur:
2773 4362 2923 4428 quod
2967 4372 3022 4416 et
3066 4365 3191 4420 alibi
3240 4369 3443 4441 inquit,
3493 4377 3565 4432 ita

1989 4439 2248 4506 scribens,
2280 4440 2721 4511 Morti/irationem
2752 4447 2962 4506 Domini
2987 4453 3111 4509 Jestt
3145 4458 3197 4511 in
3225 4439 3438 4531 corpore
3462 4468 3563 4519 cir-

1986 4534 2314 4600 cuutferentes
2358 4535 2444 4603 (2.
2477 4534 2595 4591 Cor.
2630 4542 2682 4593 4.
2720 4541 2831 4609 lO).
2865 4544 2916 4597 Id
2953 4561 3080 4602 vero
3126 4564 3190 4604 ex
3232 4568 3421 4626 magna
3465 4562 3565 4616 ﬁde

1988 4621 2203 4677 ﬁt.-Non
2227 4626 2367 4678 cuitu
2391 4628 2562 4681 solum
2588 4634 2944 4691 resorrexissc
2970 4638 3259 4709 credimus,
3284 4621 3376 4703 sed
3405 4652 3563 4708 etiam

1987 4722 2105 4782 post
2133 4718 2579 4774 resurrectionem
2608 4720 2803 4777 habere
2830 4742 3071 4798 magnam
3102 4738 3409 4801 potentiam.
3436 4742 3540 4798 Pro

1988 4813 2165 4871 pterea
2193 4806 2377 4861 eadem
2410 4810 2487 4862 ria
2519 4809 2621 4865 iter
2650 4811 2871 4869 facimus
2890 4859 2903 4882 ,
2936 4835 3037 4889 qua
3066 4823 3155 4881 ille
3184 4844 3199 4878 ε
3233 4828 3287 4883 id
3315 4840 3433 4899 est,
3464 4834 3566 4891 hac

1984 4894 2143 4948 etiam
2172 4911 2235 4951 ex
2270 4908 2419 4964 parte
2449 4898 2640 4955 fratres
2668 4903 2812 4960 illius
2839 4908 3103 4966 efﬁcimur
3128 4933 3141 4970 :
3170 4920 3393 4986 perinde
3418 4894 3482 4979 ac
3509 4926 3554 4981 si

1986 4984 2209 5052 diceret,
2240 4988 2316 5041 Ex
2363 4989 2463 5044 hac
2501 5007 2558 5045 re
2589 4992 2854 5051 efﬁcimur
2880 4998 3066 5056 christi
3097 4984 3331 5074 quidam.
3363 5012 3557 5085 Paper!

1983 5088 2175 5145 quanta
2199 5090 2279 5133 est
2300 5095 2657 5138 aerumnarum
2681 5085 2939 5156 dignitas!
2963 5092 3239 5151 Credimus
3259 5104 3559 5165 eonformes

1984 5183 2080 5223 nos
2098 5169 2383 5225 ﬁeri-morti
2412 5174 2527 5243 ejus
2548 5192 2643 5244 per
2662 5193 2945 5238 terumnas.
2962 5184 3094 5240 Nam
3117 5192 3559 5257 quemadmodum

1983 5259 2033 5313 iu
2059 5260 2345 5331 baptismo,
2361 5261 2651 5337 Consepulti
2670 5286 2846 5328 sumus
2864 5275 3185 5333 similitudini
3210 5286 3383 5340 mortis
3410 5290 3517 5357 eius
3543 5305 3561 5345 :

1982 5352 2052 5407 ita
2082 5353 2167 5408 hie
2194 5355 2367 5409 eidem
2409 5360 2567 5412 morti
2596 5362 2899 5419 eoul‘ormes
2938 5367 3228 5425 reddimur.
3264 5376 3336 5431 lhi
3369 5352 3561 5439 merito

1983 5444 2150 5509 dixit,
2182 5444 2521 5502 Similitudini
2551 5453 2725 5505 mortis
2752 5456 2899 5523 ejus;
2926 5472 3029 5511 non
3053 5460 3193 5515 enim
3219 5473 3381 5520 tutam
3411 5486 3560 5526 mor-

1985 5543 2088 5589 tem
2122 5536 2419 5603 obivimus;
2453 5554 2559 5594 non
2574 5543 2723 5596 enim
2751 5559 2975 5613 corpore
3001 5557 3054 5605 et
3078 5565 3237 5610 carne
3263 5562 3456 5616 mortui
3481 5580 3564 5619 su-

1983 5643 2123 5697 mus,
2153 5630 2245 5685 sed
2276 5639 2512 5700 peccato.
2544 5632 2802 5701 Quoniam
2833 5638 2991 5708 igitur
3017 5659 3160 5701 mors
3184 5652 3462 5723 utrobique
3485 5657 3559 5712 di-

1981 5719 2140 5802 citur,
2166 5719 2261 5775 sed
2278 5720 2371 5776 ille
2391 5721 2607 5792 quidem
2629 5737 2853 5796 corpore
2875 5741 3115 5789 mortuus
3137 5748 3235 5806 est,
3261 5755 3361 5799 nos
3377 5719 3558 5797 autem
