4044 6202
448 297 548 349 ﬁt}?

451 422 701 481 peccato;
736 423 788 467 ct
820 413 925 468 illic
953 412 1113 466 homo
1144 421 1387 466 mortuus
1419 420 1532 474 est,
1576 426 1734 479 quem
1783 411 1896 479 ipse
1942 424 2028 463 as-

453 512 777 573 sumpserat,
803 504 889 573 qui
916 505 966 556 in
989 517 1216 573 corpore
1238 512 1422 556 nostro
1451 501 1580 565 fuit;
1613 501 1696 556 hic
1722 516 1848 555 vero
1871 500 2030 554 homo

451 594 702 664 peccati:
749 601 1028 662 propterea
1078 593 1146 645 ibi
1186 591 1400 661 quidem
1448 591 1646 660 inquit.
1695 589 2030 645 Similitudini

451 685 627 738 mortis
651 686 795 753 ejus;
827 683 913 738 hic
934 697 1061 736 vero
1081 697 1184 736 non
1204 681 1313 751 jam
1342 680 1672 735 similitudini
1701 680 1907 745 mortis,
1936 679 2028 734 sed

452 777 666 845 ipsimet
694 777 872 829 morti.

527 869 579 922 3.
625 867 816 920 Paulus
851 866 992 920 enim
1035 866 1088 920 in
1119 865 1490 920 vexationibus
1531 881 1635 920 non
1669 867 1778 935 jam
1811 874 2031 936 peccato

454 969 693 1013 mortuus
721 969 825 1020 est,
857 957 952 1013 sed
983 958 1098 1027 ipso
1117 973 1342 1027 corpore
1370 973 1387 1012 :
1416 959 1760 1026 quamobrem
1788 957 2029 1012 eamdem

453 1051 616 1106 subiit
646 1061 894 1105 mortem.
925 1050 986 1104 Si
1013 1067 1112 1120 quo
1142 1050 1290 1103 modo
1320 1065 1603 1115 occurram,
1639 1049 1826 1118 inquit,
1856 1048 1924 1101 ad
1948 1064 2029 1101 re-

450 1144 830 1207 surrectionem,
859 1158 971 1212 qua:
1014 1151 1087 1195 est
1127 1157 1188 1195 ea:
1233 1141 1462 1199 mortuis.
1508 1139 1644 1205 Quid
1685 1139 1805 1193 ais?
1846 1153 2032 1194 omnes

451 1234 596 1289 enim
627 1234 692 1287 ad
722 1234 879 1288 istam
910 1232 1226 1301 perveniunt
1259 1248 1272 1284 ε
1305 1247 1449 1294 nam,
1486 1229 1605 1284 Non
1639 1247 1810 1284 omnes
1830 1230 2032 1298 quidem

449 1325 778 1387 dormiamus,
811 1322 1002 1392 inquit,
1040 1322 1130 1375 sed
1171 1336 1342 1375 omnes
1381 1321 1758 1375 immutabimur
1800 1320 1874 1391 (Ι.
1909 1317 2028 1374 Cor.

450 1417 538 1470 15.
577 1416 698 1484 5|);
731 1429 904 1484 neque
939 1413 1351 1468 resurrectionis
1379 1413 1552 1466 solum
1589 1427 1778 1468 omnes
1815 1412 2031 1481 partici-

450 1520 548 1575 pes
574 1505 797 1570 erimus,
829 1504 923 1560 sed
957 1505 1118 1560 etiam
1160 1505 1597 1572 immortalitatis,
1635 1506 1688 1558 hi
1715 1505 1929 1575 quidem
1963 1505 2033 1560 ad

453 1599 732 1658 honorem,
784 1596 835 1650 hi
880 1611 1006 1652 vero
1039 1595 1104 1650 ad
1137 1596 1467 1651 occasionem
1505 1597 1767 1667 supplicii.
1811 1597 1952 1667 Ergo
1987 1597 2030 1652 si

453 1701 641 1741 omnes
699 1687 766 1740 ad
824 1685 1270 1742 resurrectionem
1330 1687 1679 1756 perveniunt,
1738 1703 1909 1758 neque
1966 1687 2034 1742 ad

449 1776 899 1833 resurrectionem
953 1777 1124 1832 solum
1153 1820 1169 1844 ,
1223 1778 1317 1834 sed
1373 1778 1531 1834 etiam
1597 1778 1663 1833 ad
1716 1779 2033 1834 immortali.

452 1877 654 1932 tatem,
707 1868 978 1939 quomodo
1035 1879 1302 1938 tamquam
1357 1870 1446 1938 qui
1499 1869 1824 1939 praecipuum
1877 1869 2032 1938 quid-

451 1960 593 2030 piam
623 1959 916 2029 adepturus
948 1973 1118 2025 esses,
1163 1959 1401 2023 dicebas,
1441 1959 1502 2015 Si
1527 1976 1624 2029 quo
1673 1961 1822 2014 modo
1859 1977 2036 2014 occur-

451 2053 606 2106 rant?
645 2052 959 2122 Propterea,
999 2051 1191 2121 inquit.
1245 2052 1360 2104 haec
1411 2050 1598 2113 subeo.
1630 2051 1692 2106 Si
1743 2067 1842 2119 quo
1884 2051 2034 2106 modo

452 2158 711 2195 occurram
736 2141 804 2196 ad
832 2141 1267 2201 resurrectionem,
1295 2155 1408 2209 qua:
1437 2148 1507 2192 est
1548 2157 1610 2194 ex
1639 2141 1850 2195 mortuis
1883 2156 1902 2196 :
1931 2142 2032 2196 nisi

451 2233 594 2285 enim
623 2241 865 2286 mortuus
896 2229 1082 2293 fueris,
1114 2246 1219 2284 non
1255 2245 1525 2300 resurges.
1558 2231 1694 2298 Quid
1736 2231 1895 2302 igitur
1932 2231 2036 2287 hoc

453 2323 578 2378 est?
625 2321 844 2378 Videtur
887 2336 1138 2392 magnum
1181 2321 1434 2391 quiddam
1482 2322 1583 2377 hoc
1630 2324 1750 2378 loco
1791 2323 2034 2378 subindi-

454 2429 578 2469 care
611 2431 622 2464 :
657 2412 790 2466 adeo
816 2412 959 2467 enim
991 2427 1241 2482 magnum
1269 2425 1401 2476 erat,
1444 2423 1499 2466 ut
1529 2429 1702 2484 neque
1728 2429 2036 2470 asseverare

453 2519 614 2557 ausus
652 2502 832 2569 fuerit,
867 2502 959 2557 sed
993 2510 1197 2556 tantum
1238 2503 1446 2571 inquit:
1481 2503 1538 2556 Si
1578 2521 1674 2574 quo
1705 2506 1871 2559 modo.
1907 2506 2036 2561 Cre-

453 2593 562 2648 didi
617 2595 666 2648 in
713 2593 908 2662 ipsum,
939 2601 992 2648 et
1041 2592 1208 2662 ipsius
1254 2595 1740 2660 resurrectionem;
1781 2605 2035 2665 prmterca

453 2693 674 2754 propter
724 2685 895 2753 ipsum
950 2684 1170 2754 patior:
1205 2698 1305 2738 nec
1363 2693 1540 2739 tamen
1593 2685 1767 2741 adlmc
1820 2703 2034 2756 possum

453 2777 675 2831 omnino
719 2775 992 2831 conlidere
1042 2775 1174 2839 fore,
1221 2787 1280 2831 ut.
1329 2792 1690 2847 resurgamus.
1723 2781 1890 2845 Quam
1937 2779 2037 2834 hoc

454 2867 572 2922 loco
601 2868 1053 2922 resurrectionem
1085 2867 1253 2922 dicit?
1296 2868 1449 2934 Eam,
1477 2883 1595 2938 quae
1638 2869 1702 2922 ad
1741 2871 1911 2939 ipsum
1940 2869 2038 2924 du-

453 2958 527 3012 cit
551 2957 843 3013 CltriStum.
891 2957 1055 3023 Dixit,
1093 2957 1306 3012 Credidi
1347 2959 1398 3012 in
1447 2974 1568 3013 eum
1623 2967 1677 3013 et
1725 2960 1907 3014 virtuti
1952 2975 2038 3015 re-

454 3050 803 3106 surrectionis
859 3050 995 3120 ejus,
1045 3059 1100 3104 et
1153 3051 1356 3105 socium
1412 3066 1498 3105 me
1551 3065 1671 3106 esse
1729 3053 2036 3121 passionum

459 3155 680 3197 suarum
701 3183 716 3208 ,
760 3142 1258 3214 configuratumque
1298 3156 1384 3197 me
1421 3157 1541 3198 esse
1571 3145 1728 3198 morti
1762 3145 1910 3214 ejus;
1943 3160 2034 3200 ve-

457 3243 760 3288 rumtamen
806 3215 927 3302 post
973 3231 1088 3286 ha-c
1132 3233 1308 3286 omnia
1361 3234 1594 3288 nondum
1645 3235 1854 3304 penitus
1903 3249 2037 3290 con-

455 3324 566 3380 ﬁdo
596 3342 609 3378 :
639 3325 783 3395 quod
813 3325 940 3378 aiibi
985 3325 1136 3390 dixit,
1187 3325 1286 3392 Qui
1315 3342 1367 3379 se
1397 3327 1649 3380 existimat
1690 3336 1842 3393 stare,
1873 3328 2039 3382 videat

457 3430 521 3466 ne
540 3414 693 3468 cadat
724 3414 799 3485 (1.
827 3412 947 3468 Cor.
986 3414 1072 3469 10.
1106 3415 1233 3484 12);
1263 3424 1317 3470 et
1347 3429 1552 3478 rursus,
1585 3413 1758 3469 Timeo
1797 3433 1859 3470 ne
1883 3421 2036 3487 forte,

455 3522 570 3560 cum
603 3506 719 3561 aliis
766 3505 1166 3576 praedicauerim,
1199 3507 1308 3575 ipse
1334 3506 1575 3575 reprobus
1604 3507 1789 3576 eﬁiciar
1814 3507 1888 3579 (1.
1918 3507 2036 3562 Cor.

455 3598 512 3653 9.
535 3598 652 3669 27).
675 3597 760 3653 12.
798 3596 918 3652 Νοη
936 3599 1070 3667 quod
1087 3599 1201 3668 jam
1229 3600 1527 3668 occeperim,
1553 3608 1639 3651 aut
1655 3600 1769 3668 jam
1794 3599 2040 3668 perfectus

454 3689 551 3743 sim
580 3704 598 3742 :
625 3705 807 3758 sequor
839 3697 1029 3754 autent,
1065 3688 1110 3742 si
1151 3705 1251 3756 quo
1291 3690 1441 3742 modo
1485 3690 1910 3751 comprehendam
1931 3730 1945 3753 ,
1988 3691 2040 3743 in

455 3798 556 3854 quo
599 3789 644 3835 et
683 3781 1078 3850 comprehensus
1108 3797 1220 3834 sum
1257 3797 1288 3833 ιι
1329 3781 1528 3835 Christo
1562 3780 1710 3835 Jesu.
1747 3781 1866 3835 Non
1904 3783 2041 3852 quod

449 3873 567 3942 jam
604 3872 906 3940 acceperim.
938 3870 1075 3936 Quid
1109 3879 1208 3934 est,
1251 3870 1372 3924 Jam
1416 3873 1737 3937 acceperim?
1767 3873 2037 3940 Bravium,

460 3962 655 4032 inquit.
693 3961 868 4028 Quod,
906 3961 951 4015 si
982 3960 1072 4029 qui
1107 3969 1249 4015 tanta
1283 3976 1568 4031 perpessus
1603 3963 1796 4030 fuerat,
1825 3964 1913 4035 qui
1943 3979 2038 4020 ve-

457 4051 705 4119 xabatur,
743 4052 832 4122 qui
880 4051 1346 4107 mortificationem
1391 4051 1641 4121 habebat,
1685 4055 1920 4110 nondum
1972 4056 2040 4112 de

457 4143 852 4198 resurrecdone
892 4142 982 4197 illa
1035 4143 1256 4208 fidenti,
1305 4151 1360 4198 et
1405 4157 1600 4199 securo
1653 4144 1832 4199 animo
1877 4153 2036 4200 erat:

457 4233 584 4303 quid
614 4233 826 4288 tandem
864 4232 1106 4288 dicemus
1135 4234 1267 4288 nos?
1306 4233 1440 4302 Quid
1477 4242 1582 4302 est,
1619 4234 1680 4290 Si
1714 4238 2040 4308 comprehen-

458 4323 799 4391 dam?Quod
838 4334 991 4379 antea
1032 4324 1263 4389 dixerat,
1317 4325 1379 4380 Si
1415 4341 1677 4380 occurram
1714 4329 1767 4382 in
1813 4345 2037 4383 resurre-

459 4417 697 4481 ctionem,
727 4433 840 4484 quia
867 4426 938 4471 est
975 4433 1038 4471 ex
1075 4417 1304 4472 mortuis.
1343 4417 1399 4472 Si
1435 4419 1908 4489 comprehendam,
1953 4421 2038 4476 in-

456 4508 589 4577 quit,
640 4522 704 4562 ae
743 4516 951 4562 teneam
1009 4507 1176 4576 ipsius
1220 4509 1700 4571 resurrectionem;
1748 4510 1798 4565 id
1845 4520 1948 4579 cst,
1993 4515 2038 4568 si

458 4605 605 4650 tanta
649 4597 780 4667 pati,
816 4598 860 4652 si
902 4601 1072 4667 ipsum
1127 4598 1321 4652 imitari
1376 4607 1616 4667 potuero,
1665 4600 1706 4654 si
1748 4600 2039 4657 conformis

457 4687 565 4757 ipsi
601 4687 712 4756 fieri
761 4705 773 4740 :
817 4689 1265 4758 quemadmodum
1309 4690 1474 4744 multa
1518 4704 1706 4760 passus
1746 4701 1829 4746 est
1878 4693 2036 4748 Chri-

383 4791 385 4794 ‘
453 4789 590 4845 stus,
620 4779 792 4850 sputis
821 4779 1049 4836 ftedatus
1093 4789 1194 4846 est,
1236 4782 1405 4852 alapis
1449 4792 1500 4837 et
1543 4783 1703 4854 virgis
1741 4798 1934 4850 caesus,
1975 4798 2038 4839 ac

457 4871 672 4925 demum
716 4879 943 4926 mortem
976 4871 1156 4925 subiit.
1208 4873 1319 4927 [loc
1364 4872 1592 4928 stadium
1639 4881 1759 4928 est:
1791 4890 1888 4944 per
1923 4874 2038 4931 haec

457 4963 636 5017 omnia
673 4975 807 5033 Opus
856 4972 939 5017 est
982 4962 1048 5017 ad
1094 4963 1234 5017 illius
1275 4965 1727 5020 resurrectionem
1771 4981 1866 5022 vos
1909 4983 2036 5038 per-

453 5055 640 5109 venire
679 5053 856 5108 omnia
888 5054 1180 5108 certamina
1219 5055 1572 5124 perferentes.
1613 5057 1704 5112 Vel
1751 5058 1910 5129 igitur
1934 5059 2038 5117 hoc

454 5143 556 5198 sibi
598 5143 730 5210 vult,
773 5144 853 5198 vel
895 5143 1034 5198 istud
1067 5160 1080 5196 :
1113 5143 1169 5197 Si
1219 5145 1412 5214 dignus
1441 5146 1614 5212 fuero,
1652 5149 1742 5218 qui
1779 5163 2038 5220 assequar

456 5235 733 5302 probatam
770 5235 913 5290 illaut
943 5235 1392 5291 resurrectionem
1431 5252 1496 5292 ac
1535 5237 1769 5295 fidentia:
1799 5240 2032 5310 plenam,

459 5323 525 5379 ad
577 5325 743 5396 ipsius
785 5327 1236 5382 resurrectionem
1277 5329 1609 5398 perveniam.
1651 5329 1780 5385 Nam
1836 5331 1880 5386 si
1921 5347 2036 5388 cer-

459 5417 682 5480 tamina,
737 5420 780 5471 si
832 5419 1042 5475 labores
1082 5434 1268 5475 omnes
1319 5419 1553 5489 perferre
1599 5431 1842 5491 potuero,
1893 5423 2035 5479 illius

457 5522 669 5578 quoque
705 5510 1150 5563 resurrectionem
1187 5510 1398 5580 assequi
1439 5521 1646 5581 potero,
1680 5524 1731 5568 et
1764 5528 1884 5568 cum
1925 5514 2035 5585 glo-

456 5596 534 5651 ria
580 5612 880 5668 resurgere.
925 5598 1170 5654 Nondum
1213 5600 1374 5666 enim,
1417 5601 1608 5671 inquit,
1657 5602 1848 5673 dignus
1892 5620 2030 5670 sum,

454 5685 654 5753 Sequor
699 5697 885 5754 autem,
928 5689 970 5740 si
1014 5706 1110 5760 quo
1153 5690 1300 5745 modo
1343 5691 1786 5762 comprehendam.
1839 5693 2024 5750 Adhuc

1281 292 1337 348 S.
1366 291 1643 348 JOANNIS
1681 291 2149 347 CHRYSOSTOMI
2187 293 2498 350 ARCIIIEP.
2539 295 3065 359 CONSTANTINOP.

3613 306 3712 367 968

2139 410 2267 465 mihi
2317 412 2421 466 vita
2476 415 2528 467 in
2582 417 2876 472 certamine
2931 430 3197 485 versatur,
3253 421 3430 478 adhuc
3486 441 3513 478 a
3571 442 3708 484 meta

2138 503 2294 573 longe
2327 505 2536 571 absum,
2582 507 2759 562 adhuc
2794 524 2822 562 a
2865 511 3063 566 braviis
3101 512 3262 579 disto,
3309 516 3485 570 adhuc
3529 533 3708 586 curro,

2135 595 2310 650 adhuc
2347 610 2560 667 sequor.
2610 600 2676 653 Et
2725 615 2830 654 non
2872 602 3027 668 dixit,
3079 603 3269 670 Curro,
3308 606 3422 669 sed,
3469 608 3710 679 Sequor:

2137 699 2202 739 ac
2254 687 2463 740 merito.
2513 688 2642 743 Nam
2691 691 2778 759 qui
2836 695 3190 763 persequitur,
3246 698 3415 751 nostis
3460 711 3710 768 quantam

2138 777 2537 832 contentionem
2582 781 2633 832 in
2681 783 2938 834 sectanda
2982 783 3277 839 adhibeat:
3310 790 3576 843 neminem
3629 790 3710 844 in-

2140 873 2338 932 tuetur,
2371 882 2559 923 omnes
2601 871 2688 938 qui
2729 887 2941 926 cursum
2972 873 3113 928 illius
3156 876 3568 947 interrumpunt,
3603 897 3713 936 ma-

2137 973 2242 1028 gno
2280 957 2478 1028 impetu
2510 963 2785 1030 propellit;
2829 971 2885 1017 et
2917 973 3150 1018 mentem
3181 977 3234 1021 et
3262 968 3450 1022 oculos
3481 983 3534 1024 et
3565 972 3707 1027 vires

2137 1056 2194 1102 et
2247 1049 2478 1103 animam
2536 1062 2592 1105 et
2644 1067 2838 1120 corpus
2889 1055 3189 1119 contrahit,
3245 1060 3416 1114 solum
3471 1063 3712 1119 liravinm

2139 1149 2412 1207 spectans.
2445 1141 2595 1208 Quod
2634 1142 2677 1196 si
2722 1143 2917 1199 Paulus
2959 1155 3137 1202 tantus
3180 1159 3414 1204 sectator
3457 1167 3520 1205 ac
3569 1163 3713 1208 tanta

2139 1245 2348 1298 passus,
2381 1233 2554 1292 adhuc
2589 1235 2779 1304 inquit,
2829 1237 2889 1292 Si
2932 1255 3028 1308 quo
3077 1241 3225 1294 modo
3267 1245 3711 1313 comprehendam,

2137 1321 2263 1390 quid
2304 1322 2546 1378 dicemus
2586 1342 2684 1380 nos
2734 1329 2820 1395 qui
2867 1329 3232 1386 concidimns?
3279 1333 3481 1390 Deinde
3528 1348 3714 1390 osten-

2138 1413 2271 1470 dens
2323 1417 2560 1473 debitum
2610 1420 2709 1475 hoc
2751 1437 2892 1485 esse,
2943 1425 3132 1493 inquit,
3177 1427 3239 1478 In
3275 1445 3372 1497 quo
3413 1440 3457 1482 et
3496 1447 3715 1499 compre-

2070 1554 2083 1565 .
2139 1507 2324 1561 hensus
2367 1526 2478 1563 sum
2509 1528 2538 1563 a
2567 1510 2689 1565 Jesu
2717 1512 2938 1567 Christo.
2992 1517 3170 1580 Euam,
3207 1518 3394 1588 inquit,
3430 1537 3493 1575 ex
3542 1523 3717 1591 perdi-

2141 1606 2313 1652 torum
2347 1615 2592 1665 numero;
2624 1603 2949 1664 suﬂ‘oeabar,
2985 1608 3310 1674 pereundum
3340 1610 3470 1664 mihi
3501 1615 3718 1666 omnino

2139 1698 2289 1755 erat;
2340 1692 2748 1760 comprehendit
2806 1711 2890 1749 me
2944 1697 3083 1750 Deus
3125 1716 3137 1750 :
3183 1715 3301 1752 nam
3353 1711 3407 1756 et
3457 1703 3570 1771 ipse
3622 1721 3718 1757 nos

2139 1792 2376 1840 sectatus
2422 1797 2502 1841 est
2561 1786 2820 1856 fugientes
2881 1790 3053 1858 ipsum
3109 1807 3299 1860 magno
3353 1808 3472 1848 eum
3520 1797 3713 1850 studio.

2141 1874 2244 1930 Per
2279 1875 2382 1931 hoc
2413 1877 2590 1931 omnia
2625 1876 2740 1933 hmc
2767 1879 2964 1933 indicat
2999 1899 3009 1933 :
3044 1880 3127 1936 his
3157 1883 3299 1936 cnim
3339 1884 3537 1949 verbis,
3567 1887 3718 1939 Com-

2141 1966 2416 2036 prehensus
2459 1984 2590 2032 sum,
2640 1979 2694 2023 et
2748 1971 2982 2025 studium
3033 1973 3126 2027 Dei
3177 1974 3565 2030 demonstravit
3625 1995 3720 2033 nos

2139 2057 2598 2126 comprehendere
2649 2060 2908 2122 volentis.
2968 2072 3022 2117 et
3075 2073 3317 2120 no~trnm
3371 2066 3718 2137 long'nqnnm

2144 2163 2414 2202 recessum
2447 2160 2607 2220 atque
2648 2152 2996 2217 errationem,
3033 2170 3238 2226 nosque
3277 2159 3494 2212 omnino
3523 2161 3591 2213 ab
3633 2162 3722 2214 illo

2141 2239 2398 2308 refugisse
2441 2241 2696 2296 ostendit.

2309 2329 2666 2397 Quamobrem
2711 2349 2832 2388 cum
2880 2336 3010 2390 iilud
3062 2339 3313 2410 lacrymis
3358 2341 3572 2410 dignum
3606 2353 3720 2403 est.

2140 2437 2328 2477 omnes
2369 2423 2434 2477 ad
2481 2424 2765 2494 pristinum
2808 2437 3003 2483 statum
3051 2433 3252 2497 relabi;
3298 2443 3406 2487 tum
3451 2450 3581 2489 vero
3621 2436 3722 2490 hoc

2141 2513 2323 2577 etiam,
2352 2529 2472 2568 eum
2515 2529 2706 2585 magno
2749 2516 2916 2572 simus
2952 2520 3134 2574 debito
3177 2522 3417 2587 obnoxii,
3452 2526 3722 2579 neminem

2144 2613 2318 2660 tamen
2373 2605 2574 2676 lugere,
2625 2609 2890 2664 neminem
2939 2613 3242 2684 Iacrymari,
3300 2618 3570 2672 neminem
3631 2636 3722 2672 su-

2141 2697 2368 2766 spirare.
2408 2699 2486 2752 Ac
2517 2714 2584 2754 ne
2617 2711 2768 2769 putes
2801 2703 3000 2758 ironice
3030 2704 3215 2759 isthaec
3251 2721 3279 2759 a
3312 2722 3397 2760 me
3433 2708 3556 2762 dici.
3593 2710 3723 2762 Nam

2141 2788 2586 2859 quemadmodum
2620 2801 2742 2847 ante
2769 2793 2962 2848 Christi
3005 2795 3291 2850 adventum
3333 2813 3363 2851 a
3407 2799 3516 2853 Deo
3555 2800 3722 2869 fugie-

2145 2879 2356 2947 bamus,
2390 2882 2461 2936 ita
2511 2899 2653 2938 nunc
2699 2885 2766 2938 ab
2811 2887 2926 2955 ipso
2967 2887 3219 2957 fugimus.
3263 2890 3551 2946 Possumus
3579 2894 3724 2947 enim

2146 2971 2330 3042 fugere
2377 2989 2406 3027 a
2455 2975 2587 3041 Deo,
2639 2992 2744 3032 non
2777 2979 2989 3047 quidem
3033 2981 3173 3043 loco,
3228 2997 3349 3036 nam
3383 2983 3578 3054 ubique
3619 2995 3725 3050 est,

2143 3064 2237 3118 sed
2279 3065 2553 3134 operibus.
2595 3067 2660 3121 Et
2688 3067 2829 3136 quod
2873 3070 2941 3124 ab
2979 3085 3043 3126 eo
3081 3070 3262 3142 fugere
3291 3089 3398 3128 non
3437 3077 3725 3144 possimus,

2143 3156 2266 3211 audi
2299 3159 2613 3227 pr0phctam
2655 3159 2942 3226 dicentem,
2979 3161 3091 3228 Quo
3134 3164 3214 3219 ibo
3247 3182 3278 3218 a
3307 3167 3489 3234 spiritu
3521 3169 3652 3220 tuo?
3681 3181 3730 3221 ct

2141 3263 2242 3315 quo
2293 3265 2324 3301 a
2373 3250 2504 3318 facie
2551 3260 2638 3303 tuo
2692 3253 2885 3322 fugiam
2929 3252 3099 3323 (Psol.
3145 3256 3267 3311 158.
3321 3257 3416 3322 7)?
3446 3259 3728 3325 Quomodo

2144 3339 2301 3408 igitur
2348 3355 2631 3409 possumus
2674 3357 2704 3395 a
2758 3344 2865 3398 Deo
2910 3343 3136 3414 fugere?
3180 3348 3379 3404 Eodem
3410 3350 3591 3417 modo,
3621 3369 3732 3424 quo

2144 3442 2428 3498 possumus
2461 3431 2642 3500 procul
2673 3447 2703 3485 a
2735 3431 2845 3488 Deo
2876 3435 3164 3503 proficisci.
3212 3453 3272 3492 ac
3317 3439 3474 3510 longe
3514 3442 3728 3498 abesse.

2147 3518 2245 3584 Qui
2281 3536 2336 3573 se
2365 3518 2622 3590 clangunt,
2655 3523 2842 3592 inquit,
2875 3541 2904 3577 a
2934 3532 3001 3588 te,
3031 3527 3264 3596 peribunt
3289 3528 3459 3599 (Psal.
3491 3532 3578 3586 72.
3609 3533 3726 3602 27);

2143 3618 2199 3664 et
2238 3626 2447 3678 rursus,
2506 3611 2694 3668 Nonne
2737 3615 3024 3684 iniquitates
3062 3627 3238 3674 eestrte
3282 3620 3556 3675 diviserunt
3599 3625 3737 3677 inter

2144 3717 2222 3755 me
2265 3713 2310 3756 et
2359 3719 2446 3759 vos
2494 3703 2648 3776 (Isai.
2700 3706 2788 3762 59.
2844 3707 2943 3777 2)?
2989 3709 3266 3775 Quomodo
3316 3713 3473 3784 igitur
3518 3715 3577 3769 ﬁt
3628 3717 3735 3772 iste

2145 3792 2464 3864 longinquus
2501 3795 2796 3852 discessus?
2835 3809 2889 3854 et
2932 3801 3203 3870 quomodo
3243 3804 3523 3861 intercedit
3564 3807 3736 3862 inter»

2143 3884 2380 3938 vallum?
2408 3885 2704 3954 Electione,
2738 3898 2792 3943 et
2835 3891 3014 3946 animo
3043 3909 3055 3944 :
3083 3893 3204 3948 loco
3233 3895 3375 3949 enim
3404 3911 3509 3950 non
3540 3913 3734 3966 possu-

2147 3991 2263 4030 mus
2295 3992 2308 4029 :
2340 3977 2609 4043 quomodo
2635 3979 2776 4033 enim
2824 3981 2943 4050 quis
2972 3983 3040 4037 ab
3067 3999 3153 4047 eo,
3181 3987 3272 4054 qui
3302 3987 3496 4057 ubique.
3533 3988 3687 4042 adest
3713 4031 3727 4052 ,

2146 4066 2337 4137 fugiat?
2360 4068 2615 4123 Peecator
2637 4069 2798 4140 igitur
2825 4069 2976 4142 fugit.
3011 4073 3122 4128 lloc
3152 4085 3255 4141 est,
3282 4077 3423 4146 quod
3451 4078 3732 4147 Scriptura

2146 4159 2337 4229 inquit,
2386 4158 2541 4231 Fugit
2581 4161 2769 4231 impius
2805 4167 3001 4218 nemine
3050 4179 3371 4237 persequente
3410 4169 3588 4239 (Prov.
3631 4173 3730 4226 23.

2148 4249 2222 4320 l).
2259 4250 2424 4306 Valde
2453 4252 2682 4323 fugimus
2711 4256 2873 4309 Deum
2901 4272 2914 4320 ;
2946 4259 3156 4312 tametsi
3184 4273 3402 4329 semper
3431 4261 3521 4315 ille
3547 4273 3732 4316 secta-

2147 4350 2232 4394 tur
2268 4356 2385 4396 nos.
2426 4343 2718 4412 Apostolus
2747 4361 2962 4402 cursum
3004 4362 3161 4403 suum
3201 4366 3265 4404 eo
3301 4352 3641 4414 intendebat,
3671 4369 3731 4408 ut

2145 4445 2312 4501 prepe
2338 4431 2402 4486 ad
2426 4432 2572 4487 illum
2602 4435 2880 4491 accederet
2903 4454 2916 4491 :
2941 4453 3039 4493 nos
3060 4454 3125 4493 co
3156 4440 3497 4509 intendimus,
3523 4453 3578 4496 ut
3608 4461 3736 4512 prn—

2145 4522 2231 4577 cul
2257 4522 2594 4578 discedamus
2625 4541 2639 4579 :
2672 4541 2799 4596 ergo
2831 4543 2935 4582 non
2968 4529 3082 4585 haec
3118 4531 3275 4601 digna
3302 4532 3584 4589 lamentis?
3612 4539 3737 4601 Quo

2145 4618 2314 4688 fugis,
2343 4619 2525 4676 infelix
2564 4629 2619 4676 et
2659 4623 2864 4677 mis-cr?
2907 4639 3013 4693 quo
3055 4623 3192 4695 fugis
3229 4641 3259 4679 a
3307 4629 3412 4682 vita
3457 4637 3512 4684 et
3553 4629 3736 4683 salut:

2146 4711 2274 4765 tua?
2308 4710 2364 4766 Si
2399 4725 2429 4766 a
2471 4712 2579 4768 Deo
2609 4711 2797 4783 fugias,
2826 4715 2892 4769 ad
2932 4731 3090 4785 quem
3122 4718 3434 4790 confugies?
3463 4720 3508 4776 si
3538 4736 3565 4774 a
3609 4721 3732 4777 luce

2146 4799 2337 4872 fugias,
2371 4817 2477 4872 quo
2513 4804 2812 4874 respicies?
2841 4807 2884 4860 si
2915 4821 2943 4859 a
2975 4807 3077 4861 vita
3114 4807 3306 4878 fugias,
3334 4811 3475 4866 unde
3506 4811 3733 4881 posthac

2144 4893 2330 4948 vives?
2359 4892 2641 4964 Fugiamns
2673 4897 2881 4952 hostem
2911 4897 3099 4954 salutis
3131 4911 3348 4956 nosme.
3373 4903 3502 4956 Cum
3532 4917 3733 4971 pecea-

2144 4999 2285 5053 mus,
2318 5000 2349 5040 a
2380 4985 2488 5040 Deo
2517 4986 2770 5057 fugitiuus,
2803 4987 3144 5059 fugitivorum
3175 5006 3325 5046 more
3363 5007 3626 5054 erramus,
3661 4992 3743 5046 ad

2143 5073 2374 5130 alienam
2405 5075 2741 5132 abscedimus
2771 5088 2968 5134 terram
2997 5097 3011 5131 ε
3041 5081 3488 5151 quemadmodum
3521 5083 3609 5138 ille
3637 5085 3736 5151 Qui

2142 5166 2451 5222 comederat
2493 5179 2718 5238 paterna.
2743 5170 2910 5238 bona,
2935 5181 2990 5226 et
3021 5173 3223 5228 abierat
3266 5175 3316 5228 in
3348 5174 3578 5229 alienam
3617 5183 3736 5228 ter-

2143 5273 2279 5326 ram,
2307 5259 2395 5329 qui
2423 5267 2590 5315 totum
2625 5263 3006 5330 patrimnnium.
3029 5276 3456 5336 consumpserat,
3485 5277 3646 5337 atque.
3672 5268 3734 5320 in

2144 5352 2281 5406 fame
2309 5352 2520 5408 vivebat
2551 5353 2698 5427 (Luc.
2738 5356 2851 5425 15).
2888 5356 3157 5410 Habemus
3186 5372 3317 5413 vero
3343 5358 3735 5428 patrimonium

2140 5452 2194 5498 et
2235 5458 2351 5499 nos.
2392 5443 2700 5515 Cujusmodi
2739 5461 2866 5501 vero
2910 5447 3049 5502 hoc?
3078 5447 3355 5505 Liberavit
3395 5465 3492 5505 nos
3531 5466 3559 5504 a
3597 5467 3732 5518 pec-

2139 5535 2292 5599 catis,
2319 5534 2536 5592 donavit
2566 5538 2720 5592 nobis
2749 5539 2887 5592 vires
2909 5538 2973 5592 ad
3007 5540 3217 5595 virtutis
3241 5541 3412 5596 officia
3455 5543 3734 5606 obeunda,

2140 5625 2359 5681 donavit
2389 5627 2541 5683 nobis
2576 5628 2937 5695 alacritatem,
2971 5630 3314 5699 patientiam;
3365 5632 3415 5686 in
3459 5633 3741 5702 baptismo

2141 5719 2362 5773 donavit
2393 5719 2541 5774 nobis
2563 5718 2815 5787 Spiritum
2839 5729 3117 5778 sanctum:
3148 5723 3191 5777 si
3215 5721 3329 5778 haec
3356 5723 3730 5794 absumpseri~
