4014 6200
323 266 433 327 367

316 379 440 432 ἐκεῖ
483 377 513 428 6
543 372 830 445 ἄνθρωπος
878 370 1169 442 ἀπέθανεν,
1194 373 1253 429 δν
1279 375 1540 430 ἀνέλαδεν
1566 375 1749 441 αὐτὸς,
1778 375 1806 428 6
1837 375 1894 426 ὲν

310 466 537 538 σώματι
573 464 752 537 ἡμῶν,
795 457 896 519 ὦδε
923 466 951 519 6
982 465 1264 537 ἄνθρωπος
1309 466 1409 536 τῆς
1458 468 1758 539 ἁμαρτίας*
1810 466 1896 520 διὰ

307 558 479 612 τοῦτο
510 558 628 609 ἐκεῖ
668 555 767 626 μέν
814 573 967 627 φησι,
1004 556 1086 622 Τῷ
1126 557 1442 628 ὁμοιώματι
1487 559 1592 613 τοῦ
1636 557 1894 614 θανάτου

310 648 532 712 αὐτοῦ,
560 646 793 701 ἐνταῦθα
822 646 877 699 δὲ
903 646 1084 701 οὐκέτι
1130 649 1432 720 ὁμοιώματι
1471 647 1722 711 θανάτου,
1753 647 1892 714 ἀλλ’,

314 739 474 809 αῦτῷ
506 738 585 808 τῷ
615 738 853 807 θανάτῳ.

390 849 551 923 ί287]
589 847 662 917 γ’.
688 847 902 911 Παῦλος
935 848 1042 918 γὰρ
1066 847 1249 900 οὐκέτι
1275 847 1522 919 ἁμαρτίᾳ
1554 846 1819 901 ἀπέθανεν
1838 847 1895 899 ὲν

314 942 433 1008 τοῖς
461 943 739 1012 διωγμοῖς,
764 940 881 994 ἀλλ’
902 940 1049 1011 αὐτῷ
1076 939 1155 1011 τῷ
1184 938 1398 1011 σώματι
1421 956 1434 969 ⁸
1454 939 1595 993 ὥστε
1620 939 1710 993 τὸν
1734 937 1896 993 αὑτὸν

316 1035 583 1104 ὑπέμεινε
629 1031 873 1085 θάνατον.
907 1030 981 1085 Εἴ
1010 1045 1134 1096 πως
1173 1028 1547 1096 καταντήσω,
1579 1030 1763 1099 φησὶν,
1808 1031 1895 1095 εὶς

314 1120 437 1190 τὴν
461 1120 874 1185 ἐξανάστασιν
905 1119 1020 1186 τὴν
1059 1121 1129 1174 ἐκ
1180 1119 1431 1188 νεκρῶν.
1468 1119 1532 1174 Τί
1551 1120 1769 1189 1λέγειςς
1802 1119 1893 1173 καὶ

318 1215 432 1286 μὴν
462 1215 667 1274 πάντες
688 1211 861 1280 αὐτῆς
891 1210 1246 1281 τυγχάνουσι’
1275 1210 1504 1276 Πάντες
1544 1208 1664 1278 μὲν
1690 1209 1798 1279 γὰρ
1820 1210 1891 1263 οὐ

309 1303 823 1373 κοιμηθησόμεθα,
851 1302 1005 1370 φησὶ,
1030 1299 1253 1367 πάντες
1286 1300 1355 1354 δὲ
1388 1299 1851 1369 ἀλλαγησόμεθα
1872 1315 1886 1330 ’

316 1397 413 1450 καὶ
458 1395 562 1449 οὐκ
607 1382 986 1456 ἀναστάσεως’
1010 1392 1211 1464 μόνης,
1260 1390 1397 1446 ἀλλά
1443 1390 1536 1444 καὶ
1586 1389 1890 1460 ἀφθαρσίας

286 1484 289 1487 ’
316 1485 545 1548 πάντες,
574 1485 624 1536 οί
655 1481 755 1552 μὲν
779 1482 860 1544 είς
887 1479 1072 1551 τιμὴν,
1102 1481 1151 1532 οί
1175 1479 1231 1532 δὲ
1260 1481 1340 1541 είς
1362 1477 1569 1547 ἐφόδιον
1594 1476 1886 1537 κολάσεως.

311 1576 381 1629 El
419 1575 600 1628 τοίνυν
634 1573 829 1635 πάντες
880 1571 981 1637 τῆς
1027 1571 1374 1633 ἀναστάσεως
1413 1568 1759 1639 τυγχάνουσι,
1797 1567 1889 1622 καὶ

311 1665 375 1719 οὐ
405 1666 506 1735 τῆς
538 1661 889 1725 ἀναστάσεως
919 1661 1107 1731 μόνης,
1136 1658 1271 1713 ἀλλά
1298 1659 1392 1712 καὶ
1421 1656 1750 1729 ἀφθαρσίας,
1774 1656 1889 1717 πῶς

313 1753 392 1816 ὡς
423 1752 632 1821 μέλλων
655 1750 931 1819 ὲξαιρέτου
956 1749 1098 1812 τινὸς
1126 1749 1413 1818 τυγχάνειν
1441 1747 1643 1815 ἔλεγες,
1664 1748 1735 1798 ει
1765 1762 1889 1811 πως

316 1841 710 1913 natantium;
757 1841 857 1895 Διά
903 1840 1063 1894 τοῦτο
1109 1838 1279 1893 ταῦτα
1322 1839 1536 1907 πάσχω,
1580 1837 1763 1907 φησὶν,
1820 1837 1891 1888 ΕΖ

318 1947 452 1998 κως
473 1930 823 1994 καταντήσω
858 1932 949 1994 είς
976 1928 1091 1996 τὴν
1118 1928 1528 1993 ἐξανάστασιν
1555 1925 1670 1994 τὴν
1700 1925 1767 1978 ἐκ
1792 1942 1887 1978 νε-

316 2016 484 2085 κρῶν
510 2034 522 2046 ’
554 2019 603 2070 εί
648 2016 758 2088 γάρ
809 2015 884 2088 μὴ
934 2015 1223 2078 ἀπέθανες,
1255 2015 1371 2067 οὐκν
1397 2014 1673 2070 ἀνίστασο.
1705 2013 1769 2066 Τί
1796 2010 1889 2068 οῦν

313 2110 474 2171 tan;
508 2111 667 2161 Δοκεῖ
699 2108 841 2178 μέγα
878 2125 932 2159 τι
957 2105 1193 2160 ἐνταῦθα
1220 2106 1549 2160 αίνίττεσθαι
1572 2123 1586 2136 ·
1619 2105 1760 2159 οὕτω
1782 2103 1890 2174 γὰρ

314 2201 463 2271 μέγα
481 2195 570 2271 ἦν.
597 2201 679 2252 ὅτι
712 2199 831 2252 οὐδὲ
861 2198 1167 2269 ἐθάρρησεν
1196 2197 1595 2267 ἀποφήνασθαι,
1622 2197 1756 2251 ἀλλά
1786 2214 1889 2267 φη-

317 2309 405 2345 σιν
439 2291 649 2353 ἁπλῶς,
675 2290 749 2342 El
780 2303 925 2353 πως.
945 2288 1268 2340 Ἐπίστευσα
1318 2289 1395 2351 είς
1439 2286 1601 2340 αὑτὸν
1653 2288 1747 2340 καὶ
1790 2288 1889 2357 τὴν

310 2381 484 2438 αὐτοῦ
524 2381 849 2442 ἀνάστασιν,
885 2376 1021 2431 ἀλλὰ
1065 2378 1159 2431 καὶ
1207 2377 1398 2448 πάσχω
1438 2377 1505 2430 δι’
1533 2378 1715 2440 αὑτὸν,
1765 2377 1890 2431 ἀλλ’

310 2473 469 2528 οῦπω
496 2472 732 2541 δύναμαι
753 2467 1022 2540 θαρρἦαι
1051 2468 1180 2539 περὶ
1204 2469 1299 2538 τῆς
1328 2469 1694 2533 ἀναστάσεως.
1722 2470 1888 2523 Ποίαν

312 2563 551 2619 ἐνταῦθα
599 2559 892 2615 ἀνάστασιν
924 2572 1089 2630 φησι;
1118 2558 1229 2627 Τὴν
1275 2557 1410 2627 πρὸς
1453 2555 1616 2611 αὐτὸν
1647 2557 1887 2626 ἄγουσαν

308 2658 407 2712 τὸν
447 2654 704 2726 Χριστόν.
746 2649 910 2705 Εἶπον
939 2652 1018 2703 ὅτι
1062 2649 1353 2702 ἐπίστευσα
1394 2648 1542 2718 αύτῷ
1572 2651 1664 2703 καὶ
1690 2651 1753 2720 τῇ
1787 2650 1887 2720 τῆς

307 2743 669 2803 ἀναστάσεως
707 2738 877 2815 μύτοῦ
931 2736 1182 2807 δυνάμει,
1219 2738 1310 2790 καὶ
1353 2738 1432 2790 ὅτι
1484 2739 1734 2801 κοινωνός
1772 2741 1887 2809 είμι

307 2834 427 2887 τῶν
465 2830 808 2901 παθημάτων
852 2827 1036 2890 αὐτοῦ,
1068 2828 1161 2881 καὶ
1210 2829 1291 2881 ὅτι
1341 2828 1768 2900 συμμορφοῦμαι
1808 2828 1886 2901 τῷ

311 2923 537 2994 θανάτῳ
572 2918 767 2975 αὐτοῦ·
803 2919 915 2973 ἀλλ’
946 2920 1094 2990 ὅμως
1145 2918 1281 2989 μετά
1327 2917 1499 2972 ταῦτα
1535 2918 1711 2971 πάντα
1738 2919 1887 2973 οῦπω

311 3013 544 3084 θαρρῶ·
601 3013 738 3083 ὅπερ
786 3008 1017 3080 ἀλλαχοῦ
1067 3007 1239 3075 λέγει,
1276 3008 1337 3060 '0
1383 3006 1580 3061 δοκῶν
1618 3007 1884 3075 ἑστάναι,

303 3103 589 3171 βλεπέτω
624 3102 710 3172 μὴ
758 3101 917 3168 πέσῃ
937 3115 951 3132 ’
983 3100 1079 3153 καὶ
1125 3100 1305 3163 πάλιν,
1329 3100 1621 3170 Φοϐοῦμαι
1645 3100 1730 3171 μή
1762 3115 1886 3170 πως

308 3198 531 3261 ἄλλοις
574 3194 864 3263 κηρύξας,
907 3191 1088 3257 αὐτὸς
1124 3190 1407 3260 ἀδόκιμος
1453 3191 1727 3262 γένωμαι.
1762 3196 1885 3262 Οὐχ

311 3288 406 3342 ὅτι
444 3287 564 3353 ἤδη
607 3285 847 3347 ἔλαϐον,
882 3281 919 3350 ἢ
949 3281 1065 3350 ἤδη
1102 3283 1488 3351 τετελείωμαι,
1514 3280 1700 3336 διώκω
1738 3283 1805 3337 δὲ
1832 3286 1883 3338 ει

310 3376 419 3432 καὶ
438 3375 775 3433 καταλάϐω,
790 3373 881 3442 ἐφ’
897 3367 945 3440 ᾧ
966 3372 1061 3426 καὶ
1084 3373 1466 3441 κατελήφθην
1488 3373 1602 3427 ὑπὸ
1628 3375 1884 3442 Χριστοῦ

322 3466 557 3535 Ἰησοῦ.
575 3496 646 3507 --
668 3468 752 3520 οὐ
756 3485 793 3534 χ
820 3465 909 3519 ὅτι
930 3463 1043 3533 ἤδη
1060 3464 1298 3519 ελασον.
1318 3463 1383 3516 τι
1402 3463 1725 3532 ἐστιν,¹Ήδη
1743 3464 1881 3519 ἕλα-

309 3560 461 3623 σον;
507 3557 580 3611 Τὸ
610 3555 859 3627 βραδεῖόν
886 3570 1069 3625 φησιν.
1101 3553 1167 3610 El
1188 3554 1245 3607 δὲ
1272 3555 1300 3607 6
1331 3553 1565 3608 τοσαῦτα
1594 3553 1799 3619 παθὼν,
1835 3555 1882 3608 εί

309 3653 375 3707 δὲ
418 3654 448 3705 6
483 3650 829 3718 διωκόμενος,
856 3648 905 3700 εί
952 3647 1009 3700 δὲ
1039 3647 1067 3699 6
1096 3646 1190 3718 τὴν
1234 3645 1498 3715 νέκρωσιν
1547 3644 1705 3714 ἔχων,
1731 3643 1885 3700 οὔπω

311 3745 541 3816 ἐθάρρει
565 3741 692 3813 περὶ
719 3740 815 3810 τῆς
839 3738 1183 3800 ἀναστάσεως
1210 3735 1443 3807 ἐκείνης,
1470 3736 1523 3789 τί
1546 3735 1611 3790 ἂν
1635 3738 1883 3807 εἴποιμεν

310 3837 511 3906 ἡμεῖς;
540 3832 607 3884 Τί
637 3833 802 3891 ἔστιν,
828 3831 896 3882 El
917 3825 1256 3891 καταλάϐω;
1287 3826 1462 3897 Ὅπερ
1488 3827 1745 3895 πρότερον
1768 3827 1883 3879 ἐλε-

310 3943 432 3995 γον,
465 3926 537 3977 Εἰ
569 3921 926 3989 καταντήσω
960 3920 1048 3985 εις
1086 3918 1201 3987 τὴν
1227 3916 1636 3982 ἐξανάστασιν
1672 3918 1781 3987 τὴν
1812 3921 1880 3974 ἐκ

309 4015 575 4085 γεκρῶνί
599 4014 709 4085 Τὴν
746 4012 929 4076 αὑτοῦ,
962 4010 1145 4080 φησὶν,
1171 4009 1465 4064 ἀνάστασιν
1496 4012 1543 4063 εἰ
1568 4011 1875 4066 καταλάϐω.

304 4107 628 4169 Τουτέστιν,
658 4103 786 4158 Ἐὰν
812 4100 1022 4169 δυνηθῶ
1050 4101 1283 4154 τοσαῦτα
1313 4102 1525 4166 παθεῖν,
1549 4100 1647 4156 ἐὰν
1671 4101 1880 4172 δυνηθῶ

309 4195 665 4268 μιμήσασθαι
715 4192 896 4259 αὐτὸν,
926 4191 992 4245 ἂν
1020 4190 1232 4262 δυνηθῶ
1262 4191 1577 4263 σύμμορφος
1606 4192 1754 4264 αὐτῷ
1786 4210 1878 4261 γε-

305 4283 520 4337 νέσθαι.
557 4275 704 4345 υίον,
734 4279 903 4333 πολλὰ
935 4278 1133 4333 ἔπαθεν
1178 4281 1208 4333 6
1252 4281 1503 4351 Χριστὸς,
1554 4282 1875 4354 ἐνεπτύσθη,

191 4413 202 4423 .
305 4371 661 4446 ἑρραπίσθη,
709 4368 1097 4441 ἐμαστιγώθη,
1141 4368 1363 4441 ὕστερον
1413 4371 1668 4428 ἀπέθανε.
1711 4372 1879 4428 Τοῦτο

308 4461 526 4516 στάδιόν
572 4462 688 4513 ἐστι
708 4476 720 4489 ·
752 4459 841 4514 διά
871 4460 1085 4514 πάντων
1109 4459 1313 4514 τούτων
1338 4460 1418 4513 δεῖ
1446 4462 1579 4532 πρὸς
1617 4463 1713 4534 τὴν
1749 4465 1880 4519 ἀνά-

306 4570 501 4608 στασιν
515 4550 679 4605 αὑτοῦ
703 4550 927 4619 φθάσαι,
950 4550 1155 4614 πάντας
1182 4552 1305 4614 τοὺς
1324 4549 1518 4615 ἀθλους
1539 4554 1875 4621 ἐνεγκόντας.

310 4647 381 4699 Ἤ
396 4645 579 4698 τοίνυν
600 4641 758 4697 τοῦτό
784 4659 968 4711 φησιν,
986 4642 1020 4714 ἡ
1038 4643 1122 4696 ὅτι
1146 4642 1273 4696 Ἐάν
1299 4642 1616 4709 καταξιωθῶ
1636 4645 1733 4714 τῆς
1752 4647 1853 4698 ἀνα
1866 4674 1879 4683 ~

310 4738 555 4798 στάσεως
588 4736 768 4805 τυχεῖν
799 4732 1107 4805 εὐδοκίμου,
1151 4732 1460 4805 παρρησίαν
1506 4732 1754 4805 ἐχούσης,
1798 4735 1879 4799 είς

307 4826 405 4897 τὴν
451 4825 812 4891 ἐξανάστασιν
859 4823 1044 4893 φθάνω
1076 4822 1173 4895 τὴν
1210 4822 1499 4877 αὑτοῦ.“Αν
1525 4823 1637 4893 γὰρ
1669 4822 1879 4892 δυνηθῶ

308 4917 431 4980 τοὺς
489 4914 709 4983 ἀγῶνας
759 4915 966 4975 πάντας
1010 4916 1273 4981 ἐνεγκεῖν,
1300 4914 1394 4967 καὶ
1435 4914 1534 4982 τὴν
1585 4913 1879 4967 ἀνάστασιν

309 5006 474 5061 αθτοῦ
519 5007 823 5077 δυνήσομαι
870 5007 1038 5076 σχεῖν,
1064 5005 1157 5058 καὶ⁵
1205 5004 1342 5074 μετά
1374 5003 1530 5073 δόξης
1560 5005 1875 5073 ἀναστῆναι.

309 5097 532 5151 Οὐδέπω
574 5097 704 5167 γὰρ,
742 5095 925 5166 φησὶν,
960 5094 1108 5161 ἄξιός
1139 5095 1287 5163 είμιο
1329 5093 1522 5148 Διώκω
1565 5093 1651 5159 δὲ,
1681 5095 1733 5147 εί
1780 5095 1877 5148 καὶ

309 5188 772 5242 καταλάϐω.⁹Ετι
797 5185 1085 5255 ἐναγώνιός
1117 5202 1207 5256 μοι
1238 5186 1266 5239 6
1295 5185 1438 5255 βίος,
1468 5185 1548 5240 ἔτι
1575 5186 1667 5239 τοῦ
1693 5186 1879 5249 τέλους

307 5281 421 5351 εἰμὶ
454 5279 670 5348 πόρρω,
697 5277 779 5331 ἔτι
806 5277 916 5330 τῶν
949 5276 1216 5348 βραδείων
1240 5277 1543 5347 ἀφέστηκα,
1575 5276 1654 5330 ἔτι
1679 5276 1875 5348 τρέχω,

304 5370 383 5423 ἔτι
408 5368 613 5423 διιέικω.
639 5367 747 5422 Καὶ
767 5367 866 5420 οὐκ
885 5362 1003 5420 εἷπε
1021 5406 1036 5425 .
1054 5366 1264 5439 Τρέχω,
1296 5367 1450 5431 ἀλλὰ,
1477 5366 1670 5421 Διώκω
1693 5382 1708 5396 ·
1735 5367 1874 5420 εικό-

304 5479 426 5525 τως.
446 5462 505 5513 ’0
524 5460 634 5530 γάρ
658 5458 812 5531 [288]
825 5458 1054 5525 διώκων,
1074 5459 1186 5513 ῖστε
1219 5459 1337 5529 μεθ’
1354 5461 1478 5513 ὅσου
1498 5460 1647 5513 τόνου
1666 5459 1869 5513 διώκειο

303 5552 492 5607 οὐδένα
527 5553 654 5624 ὁρᾷ,
695 5552 901 5614 πάντας
956 5550 1093 5620 μετά
1145 5549 1344 5620 πολλῆς
1392 5551 1488 5621 τῆς
1548 5548 1725 5621 ῥύμης
1753 5550 1878 5613 τοὺς

303 5641 698 5704 διακόπτοντας
725 5640 1045 5708 ἀπωθεῖται,
1080 5641 1174 5695 καὶ
1202 5640 1438 5695 διάνοιαν
1463 5639 1557 5694 καλ
1594 5640 1745 5711 ὄμμα
1779 5642 1873 5695 καὶ

1244 261 1307 318 IN
1348 259 1569 320 EPIST.
1598 259 1690 315 AD
1726 256 2014 315 PHILIPP.
2045 257 2197 314 CAP.
2236 256 2326 317 111.
2363 259 2596 319 HOﬂlL.
2633 254 2729 315 XI.

3462 265 3581 322 268‘

2004 373 2157 442 ίσχὺν
2204 374 2298 426 καὶ
2339 375 2515 445 ψυχὴν
2559 375 2651 430 καὶ
2691 375 2850 447 σῶμα
2882 374 3189 446 συστρέφει,
3219 378 3353 449 πρὸς
3384 380 3567 449 ἕτερον

2000 465 2097 533 μὲν
2133 466 2283 519 οὐδὲν
2312 466 2469 536 δρῶν,
2500 465 2638 537 πρὸς
2660 468 2716 520 δὲ
2763 466 2824 521 τὸ
2868 466 3116 538 βραϐεῖον
3146 466 3322 537 μόνον.
3355 472 3415 523 El
3446 472 3502 525 δὲ
3532 474 3560 524 6

1995 556 2205 610 διώκων
2236 558 2463 622 Παῦλος,
2491 559 2519 612 δ
2547 556 2784 611 τοσαῦτα
2820 556 3028 622 παθὼν,
3061 558 3142 611 ἔτι
3180 559 3366 630 φησὶν,
3387 563 3567 617 Είκαί

1997 646 2326 701 καταλάϐω
2358 647 2410 700 τί
2439 648 2504 703 ἂν
2530 648 2777 718 εἴποιμεν
2811 650 2971 719 ἡμεῖς
3000 649 3049 702 οί
3077 649 3526 718 ἀναπεπτωκότες
3551 668 3565 718 ;

1997 734 2127 792 Εἶτα
2173 740 2405 804 δεικνὺς,
2429 740 2511 793 ὅτι
2554 739 2775 810 δφειλῆς
2822 740 2880 793 τὸ
2930 742 3161 812 πρᾶγμά
3212 745 3347 805 ἐστι,
3382 747 3564 816 φησὶν,

2008 828 2126 898 Ἐφ’
2150 823 2199 896 ᾧ
2226 830 2339 883 κατ’
2356 829 2737 899 κατελήφθην
2762 828 2880 885 ὑπὸ
2913 830 3114 898 Ἰησοῦ
3140 835 3416 901 Χριστοῦ.
3446 838 3566 891 Τῶν

1996 919 2378 991 ἀπολλυμένων
2404 923 2571 992 ἡμην,
2602 921 2787 993 φησὶν,
2812 918 3131 994 ἐπνιγόμην,
3158 924 3380 995 ἔμελλον
3403 930 3576 982 ἀπόλ-

1995 1008 2185 1064 λυσθαι
2207 1027 2223 1040 ⁶
2262 1010 2527 1065 κατέλαϐέ
2559 1029 2627 1082 με
2661 1014 2690 1064 6
2716 1012 2879 1077 Θεός·
2925 1014 3017 1067 καὶ
3053 1015 3163 1087 γάρ
3211 1017 3371 1081 αὐτὸς
3419 1021 3565 1089 ἡμᾶς

1994 1098 2181 1152 ἐδίωκε
2218 1100 2517 1169 φεύγοντας
2566 1101 2728 1154 αὑτὸν
2764 1103 2901 1170 μετά
2936 1103 3134 1175 πολλῆς
3180 1106 3279 1176 τῆς
3308 1110 3565 1178 σπουδῆς,

1993 1188 2091 1242 Διά
2120 1190 2308 1243 τούτου
2347 1190 2519 1244 ταῦτα
2552 1191 2727 1245 πάντα
2760 1192 3055 1264 παρίστησι
3077 1209 3091 1224 ο
3126 1195 3203 1265 τῷ
3227 1197 3335 1268 γάρ
3365 1201 3560 1261 εἰπεῖν,

1990 1279 2070 1332 ὅτι
2097 1282 2513 1350 Κατελήφθην,
2546 1281 2713 1348 ἔδειξε
2742 1284 2834 1336 καὶ
2853 1282 2943 1336 τοῦ
2971 1283 3292 1355 βουλομένου
3322 1291 3561 1342 καταλα-

1992 1370 2105 1423 ϐεῖν
2148 1372 2247 1441 τὴν
2288 1372 2539 1444 σπουδὴν,
2574 1375 2666 1426 καὶ
2713 1374 2871 1445 ἡμῶν
2919 1374 3017 1446 τὴν
3065 1376 3415 1450 ἀποστροφὴν
3463 1381 3562 1450 τὴν

1993 1462 2193 1534 πολλὴν
2225 1464 2316 1516 καὶ
2347 1464 2444 1535 τὴν
2480 1465 2711 1536 πλάνην,
2738 1471 2832 1520 καὶ
2865 1467 2945 1520 ὄτι
2974 1468 3134 1522 αὑτὸν
3162 1470 3488 1541 ἐφεύγομεν.

2061 1555 2122 1608 δ’.
2148 1555 2238 1608 Διὸ
2264 1557 2356 1608 καὶ
2381 1556 2637 1627 δακρύειν
2659 1557 2825 1622 ἀξιον,
2845 1560 2924 1613 ὅτι
2952 1560 3167 1615 πάντων
3195 1563 3273 1624 είς
3300 1563 3399 1632 τὴν
3428 1581 3563 1635 προ-

1989 1642 2150 1715 τέραν
2195 1644 2526 1698 κατάστασιν
2578 1644 2740 1699 πάλιν
2790 1645 3072 1711 ἐλθόντων,
3102 1650 3195 1702 καὶ
3234 1651 3316 1703 ὃτι
3364 1652 3562 1724 πολλῆς

1989 1735 2211 1806 δφειλῆς
2232 1735 2399 1790 όντων
2430 1735 2584 1807 ἡμῶν
2610 1736 2946 1803 ὑπευθύνων,
2963 1739 3135 1803 οὐδεὶς
3162 1742 3367 1806 πενθεῖ,
3389 1745 3562 1808 οὐδεὶς

1988 1826 2233 1897 δακρύει.
2272 1826 2447 1890 οὐδεὶς
2493 1826 2757 1891 στενάζει.
2785 1829 2897 1881 Καὶ
2952 1831 3025 1902 μὴ
3077 1833 3364 1903 καταγνῷς
3403 1836 3562 1906 είρω-

1989 1918 2137 1970 νείαν
2168 1915 2260 1970 τοῦ
2287 1916 2445 1985 λόγου
2465 1933 2479 1947 ·
2510 1917 2698 1989 ὥσπερ
2725 1918 2833 1991 γὰρ
2868 1920 2973 1990 πρὸ
3002 1921 3099 1990 τῆς
3139 1924 3438 1993 παρουσίας
3466 1928 3561 1980 τοῦ

1989 2005 2223 2075 Χριστοῦ
2267 2008 2356 2060 τὸν
2403 2008 2534 2061 Θεὸν
2579 2008 2901 2080 ἐφεύγομεν,
2933 2008 3075 2063 οῦτω
3102 2011 3372 2084 φεύγομεν
3401 2017 3563 2071 αὑτὸν

1991 2097 2084 2149 καὶ
2110 2096 2234 2149 νῦνο
2269 2096 2492 2166 φεύγειν
2521 2098 2628 2169 γὰρ
2669 2097 2784 2151 ἐστι
2814 2098 2904 2151 τὸν
2934 2097 3087 2162 Θεὸν,
3121 2101 3182 2153 ού
3209 2102 3358 2173 τόπῳ
3396 2105 3561 2176 (πανο

1989 2186 2155 2256 ταχοῦ
2184 2186 2295 2258 γάρ
2320 2188 2480 2257 ἐστι),
2516 2187 2652 2242 ἀλλά
2690 2190 2803 2253 τοῖς
2835 2188 3035 2260 ἔργοις.
3064 2190 3174 2245 Καὶ
3204 2192 3283 2245 ὅτι
3322 2194 3420 2247 ούκ
3446 2195 3563 2249 ἔστι

1990 2278 2233 2349 φεύγειν.
2250 2278 2411 2333 ἀκουε
2436 2279 2529 2355 τοῦ
2553 2283 2832 2351 προφήτου
2855 2280 3126 2350 λέγοντος,
3150 2283 3271 2336 Ποῦ
3293 2285 3563 2353 πορευθῶ

1988 2368 2105 2424 άπὸ
2135 2368 2240 2423 τοῦ
2273 2370 2611 2437 πνεύματός
2634 2384 2771 2435 σου,
2798 2370 2897 2425 καί
2932 2371 3051 2427 άπὸ
3098 2373 3204 2427 τοῦ
3237 2373 3561 2442 προσώπου

1989 2473 2105 2514 σου
2138 2460 2257 2514 ποῦ
2283 2460 2485 2529 φύγω;
2514 2459 2638 2523 Πῶς
2668 2457 2761 2514 οῦν
2788 2460 2901 2514 ἐστι
2936 2466 3127 2531 φυγεῖν
3155 2464 3245 2517 τὸν
3272 2465 3436 2531 Θεόνς
3472 2467 3563 2531 Ὧς

1990 2550 2102 2604 ἐστι
2142 2553 2329 2622 πόρρω
2354 2551 2615 2620 γενέσθαι
2637 2551 2728 2605 τοῦ
2757 2551 2912 2617 Θεοῦ,
2930 2554 3006 2617 ὡς
3026 2554 3139 2608 ἐστι
3163 2557 3560 2627 μακρυνθῆναι⁹

1993 2644 2057 2696 Ol
2105 2642 2215 2711 γὰρ
2264 2642 2673 2711 μακρύνοντες
2714 2642 2988 2707 ἑαυτοὺς,
3027 2646 3212 2715 φησὶν,
3251 2647 3370 2699 ἀπὸ
3419 2647 3556 2715 σοῦ,

1988 2731 2386 2785 ἀπολοῦνται·
2437 2730 2530 2785 καὶ
2580 2731 2778 2795 πάλιν,
2837 2733 2981 2801 Οὐχί
3036 2735 3109 2787 τὰ
3173 2735 3559 2805 ἁμαρτήματα

1988 2823 2155 2893 ὑμῶν
2196 2822 2507 2878 διιστῶσιν
2554 2824 2670 2879 ἀνὰ
2693 2826 2886 2895 μέσον
2913 2825 3059 2895 ἐμοῦ
3086 2827 3184 2879 καὶ
3206 2827 3372 2896 ὑμῶν
3386 2846 3408 2893 ;
3436 2830 3560 2896 Πῶς

1988 2908 2080 2968 οὖν
2113 2913 2321 2984 γίνεται
2343 2915 2404 2968 τὸ
2430 2916 2838 2987 μακρυνθῆναι;
2866 2915 2983 2981 πῶς
3009 2915 3215 2986 γίνεται
3244 2916 3554 2986 διάστασιςς

1988 3005 2314 3076 Προαιρέσει
2362 3007 2456 3060 καὶ
2499 3006 2676 3078 ψυχῇ·
2714 3007 2862 3077 τόπῳ
2895 3007 3003 3079 γάρ
3027 3009 3125 3063 οὐκ
3157 3009 3233 3063 ἔνι
3259 3026 3273 3039 ο
3304 3011 3419 3074 πῶς
3449 3012 3556 3085 γάρ

1986 3094 2052 3149 ἄν
2098 3112 2181 3159 τις
2230 3096 2320 3149 τὸν
2366 3097 2641 3167 πανταχοῦ
2692 3099 2932 3169 παρόντα
2985 3098 3206 3167 φεύγοι;
3273 3101 3332 3154 '0
3379 3103 3556 3158 τοίνυν

1988 3188 2308 3260 ἁμαρτωλὸς
2353 3189 2563 3257 φεύγει.
2602 3189 2772 3241 Τοῦτό
2813 3190 2957 3241 ἐστιν
3004 3190 3032 3242 ὅ
3080 3207 3242 3260 φησιν
3280 3194 3552 3267 ﬁrmam,

1986 3281 2191 3352 Φεύγει
2223 3285 2256 3336 ό
2278 3280 2523 3349 ἀσεϐὴς,
2545 3280 2804 3352 μηδενὸς
2830 3278 3165 3348 διώκοντος.
3197 3285 3405 3355 Σφόδρα
3429 3286 3557 3355 φεύ-

1984 3388 2153 3444 γομεν
2193 3372 2285 3425 τὸν
2332 3372 2484 3436 Θεὸν,
2510 3371 2688 3425 καίτοι
2721 3370 2807 3424 ἀεὶ
2835 3369 3098 3427 διώκοντα
3127 3374 3271 3445 ἡμᾶς
3297 3376 3477 3432 αὐτόν.
3496 3378 3556 3430 ὐ

1986 3462 2306 3527 ’Δπόστολος
2334 3463 2575 3526 ἐδίωκεν,
2607 3463 2691 3517 ῖνα
2727 3463 2892 3533 ἐγγὺς
2912 3464 3074 3519 αὐτοῦ
3100 3464 3323 3537 γένηται
3343 3484 3356 3497 ο
3390 3469 3553 3538 ἡμεῖς

1983 3554 2270 3623 διώκομεν,
2301 3553 2389 3606 ῖνα
2417 3554 2603 3625 πόρρω
2632 3552 2915 3624 γενώμεθα
2934 3569 2947 3582 ·
2976 3550 3084 3626 ἆρα
3113 3556 3211 3609 οὐκ
3240 3556 3363 3622 ἄξια
3386 3557 3552 3610 ταῦτα

1985 3645 2228 3715 θρὴνωνς
2268 3639 2379 3715 ἄρα
2403 3643 2502 3696 οὐκ
2528 3642 2651 3710 ἀξια
2675 3643 2957 3715 δακρύων;
2987 3645 3096 3699 Ποῦ
3126 3646 3367 3715 φεύγεις,
3402 3647 3550 3700 ἄθλιε

1984 3737 2078 3791 καὶ
2106 3734 2448 3807 ταλαίπωρε;
2479 3733 2582 3788 ποῦ
2615 3735 2833 3805 φεύγεις
2877 3736 2974 3805 τὴν
3017 3736 3159 3808 ζωὴν
3190 3739 3282 3791 καὶ
3314 3741 3413 3811 τὴν
3444 3757 3548 3793 σω-

1982 3827 2177 3898 τηρίαν
2202 3827 2299 3897 την
2334 3827 2474 3895 σὴν;
2508 3827 2605 3879 Ἂν
2641 3824 2730 3878 τὸν
2756 3825 2885 3878 Θεὸν
2917 3826 3114 3899 φύγῃς,
3148 3827 3283 3899 πρὸς
3312 3829 3428 3882 τίνα
3454 3849 3552 3884 κα-

1980 3917 2255 3990 ταφεύεῃς
2292 3917 2357 3972 ἃν
2383 3916 2445 3970 τὸ
2475 3914 2591 3987 φῶς
2622 3916 2819 3990 φύγῃς,
2856 3916 2955 3970 ποῦ
2982 3919 3316 3990 διαϐλέψεις
3353 3925 3417 3977 ἂν
3454 3926 3549 3996 τὴν

1982 4010 2127 4080 ζωὴν
2153 4008 2350 4080 φύγῃς,
2374 4007 2535 4061 πόθεν
2561 4007 2698 4079 ζήσῃ
2724 4007 2937 4076 λοιπόν;
2964 4010 3226 4081 Φύγωμεν
3249 4014 3338 4065 τὸν
3360 4015 3549 4086 ἐχθρὸν

1979 4101 2077 4169 τῆς
2127 4101 2397 4169 σωτηρίας
2447 4100 2547 4168 τῆς
2590 4099 2884 4171 ἡμετέρας.
2914 4101 3078 4154 Ὅταν
3123 4102 3544 4173 ἀμαρτάνωμεν,

1982 4191 2255 4262 φεύγομεν
2279 4191 2386 4244 ἀπὸ
2407 4190 2497 4244 τοῦ
2526 4191 2682 4254 Θεοῦ,
2706 4192 3126 4262 δραπετεύομεν,
3158 4195 3234 4256 είς
3264 4194 3547 4265 ἀλλοτρίαν

1979 4279 2331 4353 ἀπερχόμεθα
2375 4281 2497 4350 γῆν,
2526 4280 2774 4350 καθάπερ
2802 4284 3007 4346 ἐκεῖνος
3045 4286 3073 4336 6
3116 4285 3450 4353 καταφαγὼν
3478 4287 3548 4340 τά

1982 4372 2291 4442 ὑπάρχοντα
2332 4370 2400 4423 τά
2442 4369 2688 4440 πατρῷα,
2722 4372 2817 4425 καὶ
2863 4372 3113 4426 ἀπελθὼν
3150 4378 3229 4439 είς
3262 4376 3547 4448 ἀλλοτρίαν

1979 4463 2102 4532 γῆν,
2129 4463 2157 4515 6
2182 4459 2566 4523 καταναλώσας
2590 4462 2768 4515 πᾶσαν
2797 4461 2894 4534 τὴν
2924 4465 3194 4533 πατρικὴν
3221 4466 3427 4532 οὐσίαν,
3453 4470 3545 4522 καὶ

1979 4556 2037 4608 ἐν
2059 4553 2200 4624 λιμῷ
2226 4551 2599 4621 ζῶν.“Εχομεν
2626 4547 2718 4605 οῦν
2746 4554 3017 4623 πατρικὴν
3036 4555 3220 4608 οὐσίαν
3248 4558 3340 4610 καὶ
3360 4560 3541 4627 ἡμεῖς.

1979 4646 2145 4699 Ποίαν
2174 4645 2237 4716 δὴ
2273 4643 2512 4714 ταύτην;
2560 4642 2890 4715 Ἀπὴλλαξεν
2916 4646 3064 4717 ἡμᾶς
3095 4646 3201 4700 τῶν
3226 4647 3547 4721 ἁμαρτημά-

1978 4755 2105 4800 των,
2154 4736 2442 4806 ἐχαρίσατο
2475 4736 2604 4806 ἡμῖν
2651 4735 2876 4806 δύναμιν
2899 4776 2915 4801 ,
2952 4736 3103 4806 ἰσχὺν
3148 4738 3284 4808 πρὸς
3315 4740 3413 4810 τὴν
3447 4741 3546 4812 τῆς

1979 4827 2178 4897 ἀρετῆς
2226 4824 2505 4896 ἐργασίαν,
2539 4824 2829 4896 ἐχαρίσατο
2877 4826 3009 4896 ἡμῖν
3061 4826 3384 4898 ττε›‹)θν,)μ,ίιιν⁹
3416 4831 3545 4883 ὑπο,

1982 4918 2169 4987 μονὴν,
2201 4919 2258 4971 ἐν
2302 4916 2381 4986 τῷ
2427 4916 2761 4988 βαπτίσματι
2803 4918 3093 4989 ἐχαρίσατο
3144 4920 3275 4989 ἡμῖν
3321 4920 3547 4991 Πνεῦμα

1978 5007 2131 5074 ἆγιον
2150 5022 2164 5037 ’
2194 5005 2259 5059 ἂν
2287 5003 2461 5059 ταῦτα
2494 5003 2642 5079 [289]
2671 5005 3155 5077 καταναλώσωμεν,
3187 5008 3245 5061 ἐν
3270 5007 3411 5078 λιμῷ
3432 5007 3545 5061 λοι-

1979 5096 2079 5150 πὸν
2127 5094 2378 5166 ἐσόμεθα.
2406 5095 2670 5168 Καθάπερ
2715 5096 2824 5169 γάρ
2872 5098 2922 5152 οί
2966 5099 3265 5165 νοσοῦντες,
3304 5100 3407 5163 ἕως
3446 5099 3545 5169 μὲν

1979 5186 2046 5240 ἂν
2088 5188 2342 5257 πυρετοῖς
2392 5185 2717 5258 ὲνοχλῶνται
2754 5187 2848 5241 καὶ
2879 5187 3067 5258 χυμῶν
3097 5188 3284 5257 κακίᾳ,
3312 5188 3433 5241 οὐδὲ
3464 5188 3545 5243 δι-

1978 5280 2293 5347 αναστῆναι,
2324 5277 2442 5330 οὐδὲ
2487 5279 2843 5349 ἐργάσασθαι,
2871 5278 2991 5331 ούδὲ
3036 5278 3236 5347 πρᾶξαί
3272 5294 3321 5331 τι
3352 5279 3544 5332 δύναν-

1977 5385 2067 5421 ται
2087 5382 2101 5396 °
2139 5367 2204 5420 ἂν
2230 5367 2287 5421 δέ
2312 5384 2395 5431 τις
2421 5368 2617 5431 αύτούς
2640 5367 2917 5439 ἀπαλλάξῃ
2948 5368 3043 5421 καὶ
3078 5370 3157 5432 είς
3187 5368 3374 5435 ὑγείαν
3404 5369 3543 5436 ἀγά-
3595 5381 3601 5415 :

1977 5475 2071 5529 γη,
2098 5454 2215 5512 εἶτα
2264 5458 2339 5530 μὴ
2381 5460 2736 5532 ἐργάζωνται,
2772 5461 2922 5531 παρὰ
2971 5460 3068 5530 τὴν
3112 5461 3317 5514 οἰκείαν
3365 5460 3544 5514 αὐτῶν

1977 5545 2138 5600 τοῦτο
2159 5546 2368 5615 γίνεται
2404 5547 2674 5619 ρᾳθυμίαν
2694 5565 2707 5578 ⁸
2733 5547 2876 5603 οῦτω
2901 5547 2965 5621 δὴ
2994 5549 3086 5602 καὶ
3113 5550 3198 5619 ἐφ’
3221 5548 3397 5620 ἡμῶν.
3417 5550 3544 5603 Ἐπ-

1982 5637 2157 5693 έκειτο
2183 5638 2315 5709 ἡμῖν
2354 5637 2506 5703 νόσος
2538 5639 2746 5710 χαλεπὴ
2779 5638 2868 5693 καὶ
2897 5640 3128 5710 πυρετὸς
3154 5641 3376 5711 σφοδρός
3400 5656 3413 5671 ³
3451 5642 3543 5695 καὶ
