4014 6200
459 300 564 358 269

459 415 714 487 ἐκείμεθα
739 415 837 467 οὐκ
873 414 965 465 ἐπὶ
995 414 1202 484 κλίνης,
1235 415 1348 468 ἀλλ’
1371 417 1463 468 ἐπὶ
1490 417 1589 487 τῆς
1613 417 1812 479 κακίας
1835 415 2026 486 αὐτῆς,

457 509 710 577 καθάπερ
743 507 801 559 ἐν
832 505 1054 574 κοπρίᾳ,
1079 508 1145 576 τῇ
1195 507 1432 576 πονηρία
1461 508 1802 578 ἐρριμμένοι,
1852 507 2031 576 ἡλκω-

459 597 631 668 μένοι,
661 594 920 662 δυσωδίας
953 593 1228 664 ἀνάπλεῳ,
1257 595 1594 664 αὐχμῶντες,
1626 595 2033 667 κατατρυχόμε-

457 705 556 750 νοι,
590 685 781 741 εἴδωλα
815 684 1013 756 μᾶλλον
1057 685 1227 750 ὄντες,
1260 685 1292 755 ἢ
1323 685 1615 756 ἄνθρωποι.
1650 687 2032 756 Περιειστήκε-

457 798 552 832 σαν
597 781 747 849 ἡμᾶς
792 777 1044 848 δαίμονες
1094 779 1358 850 πονηροὶ,
1396 781 1423 831 6
1460 780 1643 848 ἄρχων
1679 778 1773 831 τοῦ
1823 780 2028 848 κόσμου

452 872 641 925 τούτου
683 870 876 939 γελῶν,
901 867 1483 942 ἐπεμϐαίνωνῘΗλθεν
1519 872 1548 922 6
1577 870 1670 923 τοῦ
1699 870 1832 923 Θεοῦ
1861 873 2026 924 Μονο-

453 964 633 1032 γενὴς,
662 962 843 1031 ἀφῆκε
889 960 988 1024 τὰς
1013 962 1236 1023 ἀκτῖνας
1267 964 1364 1031 τῆς
1394 963 1694 1031 παρουσίας
1714 961 1900 1019 αὐτοῦ.
1937 960 2029 1013 καὶ

452 1053 541 1105 τὸν
573 1051 733 1118 ζόφον
761 1051 960 1114 εὐθέως
989 1052 1291 1120 ἀπήλασεν·
1323 1047 1451 1120 ἦλθε
1487 1049 1620 1120 πρὸς
1645 1051 1793 1121 ἡμᾶς
1823 1051 1850 1102 6
1878 1050 2028 1118 βασι-

453 1143 578 1204 λεὺς
611 1145 640 1194 6
679 1140 754 1194 ὢν
802 1142 859 1194 ἐν
910 1141 987 1210 τῷ
1036 1141 1210 1212 θρόνῳ
1241 1140 1511 1210 πατρικῷ,
1539 1141 1629 1193 τὸν
1657 1140 1844 1210 θρόνον
1867 1140 2027 1209 ἀφεὶς

452 1235 544 1288 τὸν
573 1233 834 1304 πατρικὸν
865 1233 1014 1306 (ὅταν
1035 1234 1112 1297 δὲ,
1140 1233 1318 1302 ἀφεὶς,
1349 1234 1487 1286 εἴπω
1507 1273 1520 1296 ,
1559 1233 1633 1303 μὴ
1672 1231 1830 1285 πάλιν
1859 1233 2026 1301 μετά-

455 1342 642 1378 στασιν
676 1323 932 1396 νομίσῃς·
972 1324 1063 1384 τὸν
1090 1325 1198 1394 γὰρ
1225 1323 1453 1394 οὐρανὸν
1484 1324 1576 1376 καὶ
1605 1324 1703 1392 τὴν
1735 1325 1836 1392 γῆν
1867 1323 2026 1386 αὐτὸς

453 1416 686 1486 πληροῖ·
719 1415 855 1468 ἀλλὰ
879 1415 969 1468 διὰ
995 1416 1094 1487 τὴν
1128 1416 1440 1486 οἰκονομίαν
1464 1415 1623 1469 τοῦτό
1657 1431 1796 1488 φημι
1819 1416 1865 1483 )·
1893 1410 2024 1484 ἦλθε

451 1507 590 1576 πρὸς
636 1505 828 1577 ἐχθρὸν
857 1505 947 1559 τὸν
981 1489 1240 1576 μισοῦντα
1270 1505 1456 1568 αὐτὸν,
1481 1505 1572 1558 τὸν
1613 1503 2026 1574 ἀποστρεφόμε-

450 1615 557 1661 νον,
575 1597 664 1649 τὸν
678 1581 810 1650 ὀὐδέ
840 1597 967 1650 ἰδεῖν
987 1597 1148 1649 αὐτὸν
1172 1597 1514 1666 ἀνεχόμενον,
1533 1595 1624 1648 τὸν
1646 1595 1765 1648 καθ’
1787 1595 2024 1664 ἑκάστην

449 1688 610 1740 αὐτὸν
667 1686 1089 1756 βλασφημοῦντα
1133 1687 1231 1756 τὴν
1278 1687 1508 1757 ἡμέραν.
1544 1683 1696 1740 Εἶδεν
1729 1687 1786 1739 ἐν
1823 1687 2024 1757 κοπρίᾳ

448 1779 722 1847 κείμενον,
751 1776 1019 1846 σκώληξιν
1046 1777 1378 1848 ἡλκωμένον,
1412 1782 1682 1848 πυρετοῖς,
1713 1780 1858 1850 λιμῷ
1892 1798 2024 1834 κατ-

447 1869 728 1939 εχόμενον,
762 1871 869 1922 πᾶν
898 1863 1036 1933 εἶδος
1080 1869 1272 1940 ἔχοντα
1299 1871 1477 1927 νόσου.
1509 1871 1618 1924 Καὶ
1655 1870 1763 1940 γάρ
1798 1871 1889 1924 καὶ
1920 1889 2025 1924 πυ-

451 1962 602 2023 ρετός
655 1958 905 2030 ἠνώχλει,
955 1960 1112 2013 τοῦτο
1167 1959 1276 2032 γὰρ
1327 1961 1586 2032 ἐπιθυμία
1635 1962 1877 2033 πονηρὰ,
1930 1963 2026 2024 καὶ

447 2053 750 2128 φλεγμοναὶ
794 2053 1097 2114 ἐπέκειντο,
1127 2052 1282 2106 τοῦτο
1333 2055 1440 2122 γὰρ
1489 2055 1522 2123 ἡ
1572 2053 1820 2118 ἀπόνοια,
1855 2055 1949 2107 καὶ
1990 2056 2021 2124 ή

449 2144 704 2214 βουλιμία
730 2161 813 2206 τις
842 2145 874 2213 ἡ
910 2144 1174 2214 λεγομένη
1205 2147 1447 2214 κατεῖχε,
1470 2145 1626 2198 τοῦτο
1647 2145 1754 2215 γάρ
1778 2145 1810 2215 ἡ
1835 2144 2024 2198 πλεον-

447 2234 588 2300 εξία,
618 2235 712 2289 καὶ
747 2235 1039 2304 σηπεδόνες
1070 2234 1352 2300 πάντοθεν,
1385 2235 1539 2288 τοῦτο
1569 2236 1676 2307 γάρ
1708 2239 1741 2306 ἠ
1773 2237 2020 2307 πορνεία,

447 2326 542 2380 καὶ
584 2327 831 2397 πήρωσις
874 2325 1189 2395 ὀφθαλμῶν,
1227 2326 1386 2379 τοῦτο
1433 2327 1540 2398 γὰρ
1587 2327 2019 2397 είδωλολατρεία,

447 2418 541 2471 καὶ
566 2416 820 2486 κώφωσις
856 2417 946 2470 καὶ
993 2417 1368 2487 παραπληξία,
1399 2417 1555 2470 τοῦτο
1600 2417 1708 2488 γάρ
1752 2417 1814 2469 τὸ
1851 2434 2020 2487 προσ-

444 2511 628 2561 κυνεῖν
651 2508 816 2571 λίθοις
839 2508 934 2561 καὶ
963 2507 1139 2574 ξύλοις
1162 2509 1253 2560 καὶ
1274 2508 1500 2571 ἐκείνοις
1522 2507 2018 2578 προσφθέγγεσθαι,

444 2600 540 2656 καὶ
572 2598 837 2652 δυσείδεια
874 2596 1066 2668 πολλὴ,
1097 2597 1258 2651 τοῦτο
1283 2598 1390 2671 γὰρ
1417 2598 1584 2650 κακία
1601 2613 1614 2626 ·
1642 2598 1804 2667 ἀηδές
1829 2616 1903 2660 τι,
1929 2600 2021 2652 καὶ

445 2689 597 2753 νόσος
615 2689 994 2759 χαλεπωτάτη.
1015 2684 1136 2743 Εῐδε
1163 2692 1345 2760 χεῖρον
1369 2689 1529 2743 πάλιν
1551 2689 1658 2743 τῶν
1682 2691 2020 2760 μαινομένων

445 2779 849 2850 φθεγγομένους
897 2781 1060 2850 ἡμᾶς,
1097 2781 1191 2834 καὶ
1235 2781 1295 2833 τὸ
1341 2780 1496 2844 ξύλον
1534 2780 1654 2833 θεὸν
1697 2779 2016 2843 καλοῦντας,

447 2871 538 2924 καὶ
581 2872 674 2924 τὸν
717 2871 861 2923 λίθον
903 2871 1136 2941 ὁμοίως·
1183 2867 1321 2924 εἶδεν
1348 2873 1406 2923 ἐν
1438 2870 1672 2944 τοσαύτῃ
1695 2871 1882 2942 κακίᾳ,
1925 2872 2019 2924 καὶ

441 2965 544 3017 οὐκ
583 2963 924 3027 ἐϐδελύξατο,
955 2962 1054 3015 οὐκ
1105 2962 1485 3033 ἐδυσχέρανεν,
1517 2962 1618 3014 οὐκ
1669 2961 2018 3031 ἀπεστράφη,

442 3057 544 3109 οὐκ
577 3056 806 3125 ἐμίσησε
830 3072 842 3085 ·
876 3053 1152 3124 Δεσπότης
1189 3054 1296 3124 γὰρ
1321 3049 1412 3123 ἦν,
1443 3053 1536 3105 καὶ
1556 3053 1616 3104 τὸ
1637 3053 1768 3105 ἴδιον
1799 3051 2022 3120 πλάσμα

442 3145 544 3197 οὐκ
592 3145 659 3197 ἂν
706 3143 986 3213 ἐμίσησεν.
1006 3142 1166 3195 Ἀλλά
1193 3143 1245 3195 τί
1275 3144 1450 3206 ποιεῖς
1497 3140 1765 3210 Καθάπερ
1804 3140 2021 3210 ἀριστος

448 3234 631 3304 ἰατρὸς
688 3231 1084 3297 κατασκευάζει
1135 3233 1400 3303 φάρμακα
1451 3231 1646 3285 πολλοῦ
1704 3230 1828 3295 ἀξια
1857 3271 1870 3296 ,
1927 3230 2023 3283 καὶ

446 3313 658 3397 πρῶτος
711 3326 888 3381 αὐτῶν
944 3327 1302 3395 ἀπογεύεται·
1352 3326 1448 3399 την
1496 3324 1602 3392 γάρ
1633 3324 1832 3394 ἀρετὴν
1861 3323 2020 3384 αὐτὸς

446 3418 663 3490 πρῶτος
695 3419 948 3489 μετῆλθε,
969 3419 1063 3472 καὶ
1091 3419 1262 3481 οὕτως
1291 3419 1421 3489 ἡμῖν
1455 3416 1642 3472 ἔδωκε.
1664 3416 1771 3467 Καὶ
1806 3413 2020 3484 πρῶτον

445 3509 696 3582 καθάπερ
739 3509 1009 3562 ἀντίδοτόν
1040 3527 1092 3561 τι
1123 3509 1409 3583 φάρμακον
1460 3505 1628 3566 ἔδωκε
1675 3504 1732 3556 τὸ
1775 3504 2017 3574 λουτρὸν,

446 3601 540 3658 καὶ
563 3601 706 3654 οὕτω
731 3603 910 3654 πᾶσαν
939 3601 1226 3670 ὴμέσαμεν
1249 3599 1466 3659 κακίαν,
1493 3597 1587 3650 καὶ
1615 3595 1790 3650 πάντα
1816 3595 2020 3662 ἐφυγα-

443 3691 608 3761 δεύθη
636 3691 852 3761 ἀθρόον,
887 3690 980 3742 καὶ
1002 3692 1035 3759 ή
1060 3689 1336 3758 φλεγμονὴ
1361 3686 1658 3751 ἐπαύσατο,
1686 3685 1778 3738 καὶ
1799 3686 1826 3736 6
1849 3701 2017 3755 πυρε-

446 3783 537 3844 τδς
555 3781 810 3850 ἐσϐέσθη,
833 3781 927 3832 καὶ
955 3782 1008 3831 αί
1035 3779 1324 3848 σηπεδόνες
1347 3778 1676 3846 ἐκαύθησαν.
1699 3775 1882 3828 Πάντα
1909 3775 2018 3853 γάρ

447 3870 542 3921 καὶ
585 3868 653 3918 τά
687 3868 796 3918 ἀπὸ
826 3867 1159 3930 πλεονεξίας,
1191 3867 1284 3917 κα)⁵
1327 3866 1393 3916 τὰ
1427 3865 1535 3917 ἀπὸ
1580 3863 1777 3932 θυμοῦ,
1807 3863 1899 3914 καὶ
1950 3863 2018 3914 τα

449 3957 583 4010 ἀλλα
616 3955 762 4008 κακὰ
789 3952 1028 4023 ἐκενώθη
1053 3954 1138 4007 διὰ
1166 3953 1258 4006 τοῦ
1297 3953 1604 4022 πνεύματος
1629 3970 1642 3982 ·
1671 3950 2018 4022 ἀνεῴχθησαν

1175 283 1557 354 ϊιόΑΝΝίε
1595 294 2021 354 ϐΗΒΥὸΟΞΤΟ]

2125 296 2444 353 ARCHIEP.
2481 295 3034 357 CONSTANTINOP.

3598 307 3710 360 270

2133 414 2182 468 οί
2209 414 2498 484 ὀφθαλμοὶ,
2531 415 2744 486 ἀνεῲγη
2774 417 2840 470 τὰ
2865 411 3000 480 ὦτα,
3032 417 3292 488 ἐλάλησεν
3320 418 3562 490 εὔφημον
3589 439 3708 488 φω-

2132 505 2292 575 νὴνή
2333 504 2570 573 γλῶσσα,
2607 506 2796 560 ἐλαϐεν
2829 507 2979 575 ίσχύν
3023 509 3054 576 ὴ
3103 507 3270 578 ψυχὴ,
3304 508 3460 560 ἔλαϐε
3508 510 3710 574 κάλλος

2133 594 2226 647 καὶ
2258 592 2416 658 ἄνθος
2442 595 2502 647 τὸ
2543 596 2704 666 σῶμα
2753 597 3012 662 τοιοῦτον,
3041 593 3152 650 οἷον
3183 598 3330 662 είκδς
3380 599 3504 652 Υίὸν
3555 601 3699 654 Θεοῦ

2129 683 2389 754 τεχθέντα
2423 685 2618 750 κάλλος
2647 688 2790 756 ἔχειν
2815 689 2921 742 ἀπὸ
2948 692 3048 758 τῆς
3072 691 3164 742 τοῦ
3195 691 3511 760 Πνεύματος
3547 693 3711 764 χάρι-

2129 793 2240 840 τος,
2259 777 2376 830 οἵαν
2407 778 2551 842 είκδς
2583 778 2740 842 δόξαν
2791 779 2934 849 ἔχειν
2971 781 3084 833 υἱὸν
3109 782 3230 851 ἄρτι
3265 780 3412 853 [290]
3443 785 3709 854 τεχθέντα

2132 863 2357 933 βασιλεῖ,
2384 867 2476 920 καὶ
2520 868 2577 919 ἐν
2618 869 2891 938 ἁλουργίδι
2933 871 3282 939 τρεφόμενον.
3321 873 3498 941 Οίμοι,
3527 874 3708 942 πόσην

2129 957 2405 1025 εὐγένειαν
2438 959 2568 1028 ἡμῖν
2600 958 2920 1030 ἐχαρίσατοί
2973 962 3133 1031 ἡμεῖς
3156 961 3213 1014 δὲ
3243 963 3370 1032 περὶ
3411 963 3500 1016 τὸν
3527 963 3707 1026 οὕτως

2129 1047 2276 1116 ἡμᾶς
2339 1045 2638 1115 φιλήσαντα
2699 1047 2980 1118 ἀχάριστοι
3042 1050 3297 1120 μένομεν.
3350 1052 3704 1122 Ἐτέχθημεν,

2129 1135 2469 1205 ἐτράφημεν,
2503 1137 2943 1208 εὐεργετήθημεν
2971 1154 2982 1165 °
3015 1139 3068 1190 τί
3106 1140 3267 1192 πάλιν
3298 1140 3568 1208 φεύγομεν
3608 1143 3707 1194 τὸν

2128 1224 2456 1295 εὐεργέτην;
2503 1225 2562 1279 '0
2610 1225 2788 1279 τοίνυν
2835 1225 3006 1280 ταῦτα
3057 1228 3234 1282 πάντα
3285 1231 3551 1300 ποιήσας.
3603 1232 3706 1284 καὶ

2130 1315 2282 1384 ἰσχὺν
2327 1315 2572 1368 δίδωσιν·
2603 1317 2664 1368 οὐ
2695 1316 2801 1387 γάρ
2844 1317 2970 1387 ἐνῆν
3025 1319 3421 1389 κατεχομένους
3445 1321 3518 1391 τῷ
3543 1322 3708 1390 νοσή-

2131 1423 2257 1475 ματι
2303 1408 2565 1475 ἐνεγκεῖν,
2594 1410 2642 1461 εί
2693 1410 2766 1478 μὴ
2814 1409 2974 1473 αὐτὸς
3022 1412 3154 1480 ἡμῖν
3200 1411 3366 1465 ἔδωκε
3393 1411 3490 1482 τὴν
3523 1413 3703 1482 ίσχύν.

2131 1495 2337 1549 Ἔδωκε
2390 1498 2497 1550 τῶν
2548 1499 2957 1569 ἁμαρτημάτων
2984 1501 3082 1570 τὴν
3107 1502 3320 1570 ἄφεσιν,
3359 1503 3707 1572 ἡθετὴσαμεν

2125 1587 2222 1656 τὴν
2270 1587 2514 1657 δωρεάν·
2562 1588 2760 1642 ἔδωκεν
2808 1592 2940 1660 ἡμῖν
2984 1591 3246 1655 πλοῦτον,
3295 1595 3708 1664 ἐσκορπίσαμεν

2129 1676 2330 1740 αὐτὸν,
2381 1678 2761 1748 κατεφάγομεν
2810 1678 3056 1732 ἅπαντα·
3102 1679 3302 1732 ἔδωκεν
3344 1682 3472 1750 ημῖν
3520 1681 3706 1749 ίσχύν,

2125 1765 2481 1837 ἀνηλώσαμεν
2511 1768 2679 1838 αὐτήν
2699 1785 2711 1797 ·
2737 1768 2936 1822 ἔδωκεν
2960 1771 3090 1839 ἡμῖν
3114 1769 3378 1840 χάρισμα,
3399 1769 3710 1838 ἐσϐέσαμεν

2125 1857 2274 1913 αὐτό.
2307 1859 2458 1923 Πῶς;
2491 1858 2868 1930 Ἀνηλὼσαμεν
2897 1860 2978 1922 είς
3004 1860 3154 1912 οὐδὲν
3182 1859 3321 1920 δέον,
3347 1860 3708 1928 ἐχρησάμεθα

2123 1951 2180 2002 ἐν
2227 1949 2398 2004 οὐδενὶ
2440 1951 2718 2022 χρησίμῳ.
2760 1950 2947 2004 Ταῦτα
2996 1953 3142 2021 ἡμᾶς
3193 1950 3466 2012 ἀπώλεσε,
3496 1951 3590 2002 καὶ
3636 1951 3711 2002 τὸ

2125 2042 2341 2094 πάντων
2364 2041 2680 2112 δεινότερον,
2705 2043 2786 2094 ὅτι
2807 2044 2862 2094 ἐν
2890 2042 3142 2113 ἀλλοτρίᾳ
3166 2043 3337 2105 ὄντες,
3359 2042 3453 2094 καὶ
3474 2042 3715 2110 κεράτια

2123 2130 2414 2196 ἐσθίοντες,
2428 2133 2488 2184 οὐ
2502 2131 2752 2199 λέγομεν·
2769 2132 2954 2184 Ἐπιστ
2963 2130 3216 2201 ρέψωμεν
3233 2131 3366 2200 πρὸς
3381 2129 3472 2182 τδν
3487 2129 3715 2200 Πατέρα

2127 2223 2222 2275 καὶ
2246 2224 2489 2293 εἴπωμεν
2513 2240 2526 2253 ·
2560 2224 2908 2294 Ἠμάρτομεν
2929 2225 3006 2285 εἰς
3020 2222 3113 2275 τὸν
3135 2222 3362 2293 οὐρανὸν
3391 2222 3486 2275 καὶ
3512 2222 3592 2284 είς
3620 2222 3713 2287 σὲ,

2129 2316 2222 2368 καὶ
2267 2316 2484 2386 Πατέρα
2527 2315 2700 2378 οὕτως
2730 2315 2944 2386 ἔχοντες
2971 2314 3340 2385 φιλόστοργον,
3370 2313 3576 2384 σφόδρα
3605 2329 3714 2366 πο·

2125 2405 2319 2458 θοῦντα
2351 2406 2506 2476 ἡμῶν
2539 2406 2636 2476 τὴν
2665 2405 2948 2460 ἐπάνοδον·
2975 2405 3050 2467 ὡς
3086 2405 3152 2458 ἂν
3193 2405 3352 2473 μόνον
3375 2402 3714 2470 ἀποστῶμεν

2121 2496 2218 2565 τῆς
2247 2495 2462 2559 κακίας,
2498 2495 2565 2548 ἂν
2599 2495 2732 2564 πρὸς
2770 2494 2932 2548 αὐτὸν
2957 2493 3342 2562 ἐπανέλθωμεν
3374 2492 3551 2562 μόνον,
3579 2490 3714 2542 οὐδὲ

2122 2585 2414 2654 ἐγκαλέσαι
2433 2584 2618 2638 λοιπὸν
2640 2585 2780 2655 ὑπὲρ
2801 2584 2908 2637 τῶν
2932 2584 3213 2654 προτέρων
3233 2583 3517 2653 ἀνέχεται·
3540 2581 3713 2651 μόνον

2120 2675 2474 2744 ἀπυστῶμεν·
2509 2675 2667 2745 ἱκανὴ
2711 2675 2820 2746 γάρ
2865 2675 3128 2744 ἀπολογία
3176 2675 3236 2727 τὸ
3273 2674 3609 2728 ἐπανελθεῖν.
3636 2675 3713 2725 Tt

2121 2768 2282 2834 λέγώ,
2318 2765 2611 2834 ἐγκαλέσαι
2645 2766 2744 2819 οὐκ
2777 2765 3060 2836 ἀνέχεται;
3102 2765 3162 2818 οὐ
3212 2766 3372 2836 μόνον
3406 2765 3568 2828 αὐτὸς
3599 2766 3710 2818 οὐκ

2123 2857 2366 2926 ἐγκαλεῖ,
2401 2857 2560 2922 ἀλλά,
2608 2857 2710 2910 κᾶν
2759 2858 2944 2928 ἔτερος
2996 2856 3222 2927 ἐγκαλῇ,
3273 2855 3709 2925 ἐπιστομίζεται,

2123 2948 2228 3003 κᾶν
2255 2947 2628 3018 εὐδοκιμηκὼς
2699 2949 2724 2999 6
2746 2947 3012 3015 ἐγκαλῶν.
3044 2947 3255 3000 Οὐκοῦν
3284 2945 3673 3015 ἐπανέλθωμεν
3692 2963 3705 2972 ·

2127 3039 2288 3110 μέχρι
2317 3039 2462 3102 τίνος
2489 3038 2866 3110 ἀφιστάμεθα;
2895 3037 3150 3108 λάϐωμεν
3183 3037 3433 3107 αίσθησιν
3461 3037 3559 3107 τῆς
3580 3039 3711 3090 ἅτις-

2129 3130 2277 3199 μίας,
2308 3128 2560 3197 λάϐωμεν
2594 3127 2843 3198 αἴσθησιν
2869 3128 2969 3197 τῆς
2997 3127 3302 3190 εὐτελείας·
3338 3131 3371 3197 ἡ
3401 3128 3564 3180 κακία
3585 3129 3712 3196 χοίν-

2129 3235 2253 3288 ρους
2305 3214 2442 3271 εἶναι
2492 3220 2654 3281 ποιεῖ,
2683 3220 2716 3288 ἠ
2765 3219 2932 3271 κακία
2975 3218 3174 3286 λιμὸνει
3209 3217 3366 3288 φέρει
3413 3220 3476 3286 τῇ
3524 3217 3703 3287 ψυχῇ.

2139 3309 2598 3380 Ἀνακτησώμεθα
2623 3310 2847 3372 ἑαυτοὺς
2868 3309 2959 3363 καὶ
2991 3309 3374 3380 ἀναλήψωμεν,
3409 3309 3502 3362 καὶ
3530 3310 3713 3361 ἐπανο

2126 3399 2364 3469 έλθωμεν
2413 3399 2504 3450 ἐπὶ
2550 3398 2649 3468 τὴν
2695 3397 2964 3468 προτέραν
3001 3397 3301 3466 εὐγένειαν,
3333 3397 3420 3450 ⁶ίνα
3451 3396 3710 3466 τύχωμεν

2127 3491 2232 3543 τῶν
2266 3489 2566 3561 μελλόντων
2587 3488 2826 3558 ἀγαθῶν,
2858 3489 3040 3560 χάριτι
3075 3489 3168 3542 καὶ
3197 3489 3575 3560 φιλανθρωπίᾳ
3604 3488 3709 3541 τοῦ

2126 3581 2328 3651 Κυρίου
2357 3579 2513 3650 ήμῶν
2545 3579 2719 3650 Ἰησοῦ
2751 3580 2984 3651 Χριστοῦ
3005 3620 3019 3646 ,
3051 3579 3168 3651 μεθ’
3189 3574 3249 3634 οῦ
3275 3580 3354 3650 τῷ
3384 3579 3558 3649 Πατρὶ
3585 3580 3709 3649 ἃμα

2124 3673 2201 3742 τῷ
2226 3673 2364 3743 ἀγίῳ
2394 3671 2670 3741 Πνεύματι
2701 3668 2848 3736 δόξα,
2881 3671 3100 3740 κράτος,
3129 3672 3284 3742 τιμὴ,
3315 3671 3411 3726 νῦν
3449 3671 3542 3725 καὶ
3587 3671 3708 3734 ἀεὶ,

2125 3765 2218 3818 καὶ
2246 3767 2326 3828 είς
2351 3764 2476 3828 τούς
2506 3764 2708 3828 αἰῶνας
2731 3764 2839 3816 τῶν
2868 3763 3097 3819 αἰώνων.
3117 3763 3310 3835 Ἀμήν.

2193 3963 2215 3988 ⁸
2246 3961 2531 4022 chendum
2561 3962 2755 4012 videtur
2789 3964 2975 4025 λοιμόν.

1872 4349 2113 4404 ΟΜΙΛΙΑ
2163 4349 2260 4401 IB'~.

465 4489 744 4556 Ἀδελφοί,
785 4487 1199 4557 ἐγὼγρμαυτὸν
1221 4490 1294 4541 οὐ
1333 4488 1631 4557 λογίζομαι
1664 4489 2016 4557 κατειληφέ-

514 4575 614 4610 ναι
633 4557 742 4626 ’,ἐν
761 4557 848 4621 δὲ,
871 4556 942 4610 τὰ
970 4556 1080 4623 μὲν
1104 4558 1294 4610 ὀπίσω
1313 4556 1875 4626 ἐπιλανθανόμενος,
1892 4556 2017 4623 τοῖς

515 4628 585 4684 δὲ
637 4625 975 4694 ἔμπροσθεν
1018 4626 1501 4695 ἐπεκτεινόμενος
1523 4666 1537 4687 ,
1587 4625 1736 4681 κατὰ
1783 4626 2018 4681 σκοπὸν

517 4695 717 4764 διώκω
741 4695 838 4747 ἐπὶ
885 4695 953 4748 τὸ
989 4695 1273 4762 βραϐεῖον
1314 4696 1423 4764 τῆς
1452 4697 1573 4748 ἅνω
1611 4696 1882 4763 κλήσεως
1909 4695 2016 4762 τοῦ

520 4763 668 4820 Θεοῦ
696 4763 764 4818 ἐν
793 4764 1021 4830 Χριστῷ
1059 4765 1278 4831 Ἰησοῦ.

517 4945 584 4990 α’.
603 4936 766 4990 Οὐδὲν
791 4934 930 4987 οὓτω
948 4938 1094 4986 κενοῖ
1110 4935 1506 5007 κατορθώματα
1529 4939 1622 4990 καὶ
1651 4940 1925 5008 ἀποφυσᾷ,
1939 4940 2016 5000 ὡς

449 5029 635 5101 μνήμη
656 5025 762 5080 τῶν
785 5026 1157 5096 εἰργασμένων
1182 5029 1312 5097 ἡμῖν
1332 5027 1571 5095 ἀγαθῶν.
1595 5029 1697 5081 Δύο
1717 5029 1825 5100 γὰρ
1843 5030 2016 5082 τίκτει

447 5120 592 5173 κακά
615 5160 628 5183 ,
662 5116 1064 5189 ρᾳθυμοτέρους
1090 5133 1148 5166 τε
1183 5105 1494 5185 ἐργάζεται,
1530 5121 1626 5171 καὶ
1654 5121 1732 5182 εἰς
1757 5121 2015 5173 ἀπόνοιαν

447 5211 614 5281 αἴρει.
635 5209 832 5279 Διόπερ
851 5207 880 5260 6
903 5206 1134 5270 Παῦλος,
1159 5207 1344 5278 ἐπειδὴ
1368 5205 1504 5261 οἶδεν
1530 5209 1826 5280 ὀξύρροπον
1850 5207 2015 5266 οὖσαν

447 5303 547 5372 τὴν
591 5302 866 5370 ἡμετέραν
919 5299 1079 5368 φύσιν
1131 5297 1264 5369 πρὸς
1315 5297 1606 5370 ρᾳθυμίαν,
1645 5303 1739 5354 καὶ
1769 5301 2015 5354 πολλὰδὲ

448 5394 574 5455 τοὺς
617 5392 1006 5461 Φιλιππησίους
1036 5391 1296 5461 ἐπῄνεσεν
1315 5430 1330 5454 ,
1364 5391 1465 5460 ὅρα
1499 5392 1616 5455 πῶς
1645 5393 1824 5446 αὐτῶν
1853 5411 2018 5447 κατα-

454 5485 656 5538 στέλλει
704 5484 764 5536 τὸ
809 5485 1090 5554 φρόνημα,
1135 5484 1222 5536 διά
1271 5482 1479 5535 πολλῶν
1530 5486 1628 5554 μὲν
1675 5486 1767 5538 καὶ
1817 5486 2017 5554 ἐτέρων

451 5578 724 5645 ἀνωτέρω,
761 5575 989 5643 μάλιστα
1042 5575 1096 5627 6‘:
1143 5576 1227 5627 διὰ
1278 5574 1370 5628 τοῦ
1397 5576 1680 5646 παρόντος.
1711 5575 1774 5626 Τί
1803 5575 2014 5641 λέγωνς

464 5665 755 5735 Ἀδελφοί,
802 5663 948 5736 [29]]
987 5663 1098 5732 ἐγὼ
1123 5667 1377 5733 ἐμαυτὸν
1403 5667 1472 5720 οὺ
1499 5664 1800 5735 λογίζομαι
1831 5683 2018 5718 κατει-

2120 4487 2397 4554 ληφέναι.
2433 4489 2493 4540 Εἰ
2523 4486 2579 4538 δὲ
2611 4485 2819 4550 Παῦλος
2839 4487 3048 4540 οὐδέπω
3079 4489 3393 4557 κατέλαϐεν,
3419 4494 3538 4547 οὐδέ
3565 4495 3704 4571 θαρο

2121 4577 2206 4645 ῥεῖ
2227 4575 2354 4652 περὶ
2379 4575 2479 4645 τῆς
2509 4575 2876 4639 ἀναστάσεως,
2912 4577 3032 4628 οὐδὲ
3059 4579 3186 4648 περὶ
3217 4579 3324 4631 τῶν
3360 4583 3694 4650 μελλόντων·

2121 4663 2282 4734 σχολῇ
2326 4663 2457 4732 γοῦν
2500 4666 2696 4717 ἐκεῖνοι
2747 4664 2880 4734 μηδὲ
2910 4665 2971 4717 τὸ
3007 4665 3289 4720 πολλοστὸν
3320 4671 3484 4724 αὐτοῦ
3529 4675 3700 4745 μέρος

2119 4754 2540 4824 κατωρθωκότες
2565 4755 2722 4808 τοῦτο
2749 4755 2814 4808 ἃν
2863 4755 3126 4826 ἔπραξαν.
3159 4761 3223 4813 Ὅ
3256 4761 3313 4813 δὲ
3341 4761 3504 4831 λέγει,
3538 4767 3702 4820 τοῦτό

2117 4848 2298 4898 ἐστιν·
2351 4847 2575 4900 Οὐδέπω
2619 4849 3003 4919 κατειληφέναι
3067 4851 3165 4920 τὴν
3213 4853 3412 4924 ἀρετὴν
3475 4858 3698 4912 ἃπασαν

2117 4935 2356 5005 ἡγοῦμαι
2376 4955 2388 4966 ·
2417 4935 2590 5000 οὕτως
2616 4937 2805 5005 εἰπὼν,
2831 4939 2906 5002 ὡς
2933 4939 2998 4992 ἂν
3027 4942 3073 4992 εί
3117 4941 3244 5011 περὶ
3271 4943 3515 5013 δρομέως
3548 4949 3698 5001 εῐποι

2117 5045 2219 5091 τις,
2253 5026 2421 5081 Οὐπω
2452 5028 2773 5082 κατέλαϐεν.
2806 5030 3030 5083 Οὐδέπω
3055 5031 3114 5084 τὸ
3145 5035 3252 5086 πᾶν
3285 5034 3477 5103 ἤνυσα,
3507 5040 3695 5108 φησίν.

2119 5116 2182 5170 Εί
2214 5117 2269 5169 δὲ
2301 5117 2447 5185 λέγει
2473 5119 2726 5188 ἀλλαχοῦ,
2761 5118 2875 5173 Τὸν
2897 5120 3099 5189 ἀγῶνα
3139 5125 3246 5177 τὸν
3270 5127 3461 5180 καλὸν
3482 5128 3699 5197 ἠγώνι-

2121 5224 2283 5274 σμαι,
2317 5209 2407 5260 καὶ
2442 5209 2696 5274 ἐνταῦθα,
2728 5207 2971 5262 Οὐδέπω
3010 5211 3312 5280 λογίζομαι
3349 5218 3700 5285 κατειληφέ-

2119 5313 2236 5356 ναι,
2267 5296 2533 5386 ἀναγνούς
2577 5314 2660 5360 τις
2692 5297 2996 5367 ἀμφότερα,
3029 5300 3234 5354 εῐσεται
3271 5303 3452 5367 καλῶς
3476 5307 3579 5376 τὴν
3611 5311 3698 5360 ai-

2118 5389 2238 5440 τίαν
2270 5388 2360 5439 καὶ
2387 5387 2609 5441 ἐκείνων
2651 5389 2743 5440 καὶ
2775 5389 2980 5442 τούτων
3018 5390 3124 5443 τῶν
3164 5394 3443 5463 ῥημάτων.
3472 5398 3546 5449 Οὐ
3583 5401 3695 5470 γὰρ

2117 5479 2198 5532 δεῖ
2232 5478 2468 5548 συνεχῶς
2493 5479 2561 5531 τά
2593 5478 2732 5532 αὐτά
2760 5480 3030 5549 στρέφειν,
3067 5484 3161 5534 καὶ
3194 5485 3341 5554 ἡμᾶς
3392 5487 3569 5540 πάντα
3615 5489 3695 5541 δι-

2117 5570 2355 5631 δάσκειν,
2392 5571 2481 5622 καὶ
2509 5570 2590 5622 ὃτι
2621 5570 2791 5623 ταῦτα
2814 5572 2946 5624 πολύ
2979 5573 3246 5644 πρότερον
3277 5577 3478 5645 ἔλεγεν,
3507 5579 3695 5635 ἐκεῖνα

2119 5663 2171 5715 δὲ
2210 5665 2343 5733 πρὸς
2371 5664 2446 5734 τῷ
2475 5665 2637 5720 τέλει.
2681 5665 2855 5718 Οὔπω
2902 5665 3198 5734 λογίζομαι
3245 5673 3690 5740 κατειληφέναι,
