4044 6202
310 378 422 442 269

301 512 453 561 ιιιω,
501 492 641 547 fame
684 483 904 558 posthac
942 475 1323 536 laborabimus.
1366 468 1500 526 Nam
1540 462 1891 536 quemadmo-

304 556 450 645 dum
483 556 699 653 mgroti,
721 572 973 647 quamdiu
1012 566 1228 640 quidem
1274 559 1513 617 febribus
1550 556 1817 625 agitantur
1842 558 1897 605 et

304 687 603 735 succorum
636 667 931 723 vitiositate
958 660 1223 722 laborant,
1255 665 1427 722 neque
1457 643 1764 715 exsurgere,
1798 656 1894 696 ne-

304 783 419 841 que
464 764 579 819 suis
622 756 936 815 muneribus
976 749 1142 820 fungi,
1191 759 1365 814 neque
1409 754 1568 810 agere
1608 734 1897 807 quidquam

306 822 548 929 possunt
575 870 589 906 :
618 847 761 921 quod
787 846 832 901 si
861 843 983 915 quis
1010 854 1104 895 eos
1129 854 1158 890 a
1189 834 1379 890 morbo
1409 831 1604 885 liberet
1632 833 1687 880 et
1715 822 1781 877 ad
1809 837 1896 876 sa-

304 922 547 1011 rtitatem
579 942 832 1004 adducat,
862 950 963 990 nec
990 942 1170 986 tamen
1199 927 1374 982 adhuc
1400 922 1687 994 quidquam
1719 925 1897 986 agant,

307 1042 425 1112 jam
454 1036 510 1092 id
541 1051 606 1090 ex
635 1028 848 1103 propria
877 1023 1122 1080 socordia
1150 1019 1207 1074 ﬁt
1241 1037 1254 1072 :
1287 1022 1358 1071 ita
1388 1027 1519 1069 sane
1553 1020 1605 1066 et
1635 1010 1687 1063 in
1723 1006 1899 1061 nobis.

312 1128 567 1186 Vesabat
607 1138 709 1178 nos
756 1117 977 1175 morbus
1011 1111 1209 1184 gravis,
1252 1124 1316 1162 ac
1362 1105 1527 1160 febris
1576 1100 1901 1161 vehemens;

314 1216 886 1281 decumbebamusqne
909 1223 1013 1262 non
1045 1206 1099 1259 in
1131 1204 1291 1267 lecto,
1320 1197 1413 1252 sed
1448 1196 1500 1249 in
1532 1193 1759 1264 ipsumet
1786 1203 1897 1243 ma-

317 1315 467 1376 litia;
505 1305 728 1380 perinde
762 1280 923 1370 atque
951 1299 1002 1352 in
1030 1305 1268 1350 stercore
1298 1291 1352 1344 in
1383 1285 1724 1356 improbitate
1750 1280 1905 1335 volu-

319 1407 593 1468 tabamnr,
640 1405 909 1454 scatentes
971 1389 1256 1450 ulceribus,
1306 1383 1548 1438 faetorem
1594 1377 1857 1446 spirantes
1886 1413 1902 1437 ,

319 1497 581 1569 squalidi,
626 1489 859 1555 incurvi,
898 1486 1037 1540 idola
1068 1481 1245 1552 potius
1285 1490 1442 1546 quam
1471 1470 1719 1526 homines
1753 1486 1765 1520 :
1798 1466 1908 1521 cir-

320 1586 669 1645 cumstabant
697 1595 796 1636 nos
830 1574 1057 1646 improbi
1100 1575 1407 1630 dzemones,
1438 1563 1685 1633 princeps
1726 1555 1911 1612 mttndi

325 1680 489 1750 hujus
517 1676 724 1737 ridens,
752 1668 1035 1724 insultans.
1066 1661 1223 1717 Venit
1249 1656 1345 1713 Dei
1366 1652 1703 1723 Uuigenitus,
1735 1646 1913 1702 emisit

324 1738 513 1825 radios
536 1762 836 1837 praesentia:
872 1774 1003 1823 suae,
1035 1764 1089 1810 et
1117 1749 1397 1820 caliginem
1428 1742 1712 1800 confestim
1742 1738 1913 1806 depu-

322 1865 395 1920 lit
426 1881 443 1916 :
474 1833 625 1914 venit
660 1855 727 1910 ad
756 1868 855 1908 nos
892 1851 1007 1918 ipse
1040 1846 1152 1901 Rex
1172 1885 1186 1909 ,
1217 1842 1306 1912 qui
1349 1845 1468 1894 erat
1500 1836 1552 1889 in
1585 1833 1780 1888 throno
1807 1841 1919 1898 pa-

336 1966 524 2017 terno,
554 1950 798 2004 thronum
824 1943 1134 2010 relinquens
1162 1944 1443 2004 paternum
1475 1923 1713 2007 (qu'ando
1738 1930 1917 1975 autem

342 2042 632 2113 reliquisse
658 2039 793 2101 dico,
831 2049 900 2087 ne
927 2030 981 2085 id
1009 2025 1310 2099 significare
1337 2032 1524 2075 rursus
1556 2024 1712 2087 putes
1740 2019 1919 2067 muta-

345 2137 551 2190 tionem
594 2146 656 2184 ac
698 2126 1017 2183 transitum;
1060 2118 1249 2173 caelum
1286 2111 1429 2165 enim
1464 2118 1769 2173 terramque
1806 2103 1921 2170 ipse

338 2226 561 2293 implet;
593 2218 689 2274 sed
730 2216 801 2271 ob
830 2209 1182 2269 oeconomiam
1214 2204 1266 2259 id
1301 2200 1446 2269 dico)
1481 2216 1497 2254 :
1546 2196 1692 2251 venit
1720 2193 1783 2247 ad
1819 2191 1922 2244 bo-

339 2331 500 2383 Stem,
533 2315 623 2385 qui
665 2313 840 2381 ipsum
879 2307 1004 2361 odio
1043 2297 1501 2373 prosequebatur,
1543 2289 1923 2352 aversabatur,

344 2425 520 2480 neque
547 2417 605 2461 ut
639 2404 704 2459 ad
731 2417 855 2457 eum
890 2398 1076 2454 oculos
1104 2396 1445 2449 converteret
1472 2383 1663 2439 adduci
1696 2388 1923 2450 poterat,

342 2472 693 2572 blasphemiis
717 2491 956 2566 quotidie
991 2486 1292 2559 appetebat.
1330 2480 1473 2536 Vidit
1500 2479 1552 2532 in
1579 2486 1817 2530 stercore
1839 2472 1929 2539 ja-

340 2603 580 2658 centem,
620 2604 652 2644 a
705 2583 978 2641 vermibus
1017 2579 1401 2638 exulceratum,
1439 2585 1467 2623 a
1515 2567 1648 2622 febri
1694 2573 1748 2619 et
1788 2562 1929 2616 fame

347 2698 706 2756 oppressum,
768 2677 914 2731 nullo
966 2689 1070 2727 non
1117 2666 1288 2725 morbi
1328 2676 1527 2734 genere
1580 2658 1929 2711 laborantem.

346 2746 477 2834 Nam
507 2775 677 2831 febris
712 2770 976 2832 vexabat;
1010 2767 1112 2820 hoc
1153 2762 1298 2816 enim
1335 2765 1417 2814 est
1461 2750 1702 2823 improba
1733 2746 1936 2817 cupidi-

348 2883 468 2933 tas;
498 2877 553 2924 et
581 2861 1031 2920 inﬂammationes
1064 2853 1357 2924 urgebant;
1389 2848 1491 2901 hoc
1517 2842 1658 2897 enim
1685 2852 1939 2908 arrogan-

351 2963 461 3025 tia;
504 2966 560 3013 et
603 2954 848 3026 quaedam
880 2945 1196 3005 insatiabilis
1243 2941 1412 2996 fames
1456 2931 1788 3003 occupabat;
1836 2927 1938 2981 hoc

350 3052 494 3108 enim
524 3047 784 3109 avaritia;
817 3050 872 3097 et
909 3039 1089 3094 sanies
1117 3034 1388 3102 undique;
1421 3029 1522 3081 hoc
1551 3023 1693 3077 enim
1734 3024 1940 3073 scorta-

355 3144 469 3204 tio;
509 3149 565 3195 et
604 3136 819 3192 caecitas
847 3130 1161 3189 oculorum;
1204 3124 1304 3176 hoc
1345 3119 1488 3174 enim
1521 3107 1856 3173 idololatria;
1889 3112 1943 3158 et

355 3232 593 3289 surditas
628 3237 683 3283 et
713 3235 938 3294 stupor;
979 3220 1080 3273 hoc
1119 3215 1260 3270 enim
1301 3217 1417 3266 erat
1460 3203 1666 3275 lapides
1705 3207 1760 3254 et
1802 3199 1941 3266 ligna

361 3324 608 3386 adorare,
641 3327 697 3374 et
721 3288 842 3372 cum
873 3314 977 3367 illis
1003 3306 1273 3369 colloqui;
1305 3311 1359 3355 et
1390 3297 1557 3353 multa
1584 3288 1939 3351 deformitas;

357 3417 461 3470 hoc
485 3412 631 3468 enim
651 3408 933 3465 vitiositas,
965 3401 1113 3454 triste
1145 3394 1394 3453 nimirum
1421 3384 1698 3459 quiddam,
1722 3390 1775 3435 et
1800 3392 1944 3431 mor-

359 3508 462 3560 bus
490 3499 868 3573 gravissimus.
902 3490 1046 3547 \iidit
1078 3483 1385 3543 absurdius,
1415 3490 1572 3547 quam
1618 3468 1946 3526 insanientes

360 3560 601 3659 soleant,
640 3591 948 3658 loquentes,
981 3590 1034 3635 et
1073 3578 1276 3648 lignum
1315 3579 1369 3625 et
1405 3565 1634 3637 lapidem
1664 3560 1824 3615 deum
1853 3570 1947 3610 vo-

362 3694 551 3743 cantes
585 3700 598 3735 :
625 3679 762 3734 vidit
789 3678 841 3731 in
871 3683 1014 3728 tanta
1045 3664 1317 3737 nequitia;
1343 3672 1443 3714 nec
1471 3666 1647 3709 tamen
1674 3648 1949 3703 abomina-

363 3792 450 3835 tus
476 3786 582 3842 est,
616 3790 720 3828 non
753 3768 988 3823 amarior
1017 3764 1209 3823 factus,
1255 3770 1360 3809 non
1387 3757 1665 3805 aversatus
1694 3751 1797 3803 est,
1844 3752 1948 3792 non

362 3875 492 3929 odio
517 3873 878 3942 prosequutus
903 3879 915 3914 :
940 3856 1193 3913 Dominus
1222 3848 1365 3904 enim
1392 3851 1529 3907 erat,
1557 3847 1770 3905 etopus
1794 3845 1949 3886 suum

360 3928 477 4021 non
507 3928 717 4016 oderat:
745 3952 851 4011 Sed
880 3948 1003 4022 quid
1036 3944 1193 4000 facit?
1218 3937 1415 4010 Optimi
1458 3928 1651 3988 medici
1681 3938 1830 4022 more
1859 3935 1951 3990 pa-

363 4067 444 4113 rat
477 4052 712 4124 pretiosa
753 4049 1055 4116 pharmaca,
1089 4047 1258 4104 eaque
1296 4028 1499 4099 primus
1532 4027 1705 4091 gustat
1734 4032 1747 4067 :
1778 4012 1945 4066 virtu-

365 4106 653 4204 tem‘enim
687 4106 801 4213 ipse
832 4136 1034 4207 primus
1074 4126 1258 4187 obivit,
1287 4135 1348 4175 ac
1376 4118 1627 4182 deinceps
1661 4106 1813 4162 nobis
1847 4111 1950 4155 tra-

367 4241 535 4298 didit.
597 4238 676 4291 Ac
710 4196 963 4303 .primum
1024 4223 1391 4293 pharmacum,
1451 4206 1602 4278 quasi
1658 4196 1955 4255 antidotum

368 4329 673 4404 quoddam,
714 4324 982 4378 lavacrum
1022 4310 1203 4375 dedit;
1252 4286 1324 4360 ita
1365 4312 1582 4358 omnem
1625 4286 1959 4347 evomuimus

1133 358 1199 415 IN
1237 352 1455 414 EPIST.
1499 348 1591 408 AD
1630 345 1917 404 PHILIPP.
1957 341 2112 400 CAP.
2154 340 2236 396 Ill.
2280 337 2510 394 HOMEL.
2554 334 2670 393 Xll.

3472 330 3578 386 270

2004 456 2323 527 nequitiam,
2364 455 2434 508 ita
2465 451 2645 507 omnia
2675 447 2831 504 simul
2863 446 2914 502 in
2960 446 3135 517 fugam
3180 460 3236 499 se
3271 443 3533 499 dederunt
3562 462 3576 496 :

2004 547 2350 602 inﬂammatio
2379 543 2563 604 cessit,
2594 539 2759 596 febris
2788 539 3051 594 exstincta
3078 544 3181 602 est,
3213 545 3266 590 et
3288 536 3463 589 sanies
3490 551 3582 589 ex-

2002 640 2218 695 siccata.
2262 636 2452 692 Omnia
2493 633 2634 689 enim
2674 642 2728 687 et
2767 647 2884 702 qua:
2923 631 2989 685 ab
3019 630 3237 684 avaritia
3275 641 3329 683 et
3364 645 3482 698 qua:
3515 630 3582 682 ab

2005 730 2105 793 ira,
2129 737 2179 781 et
2206 735 2398 782 caetera
2431 724 2609 779 omnia
2640 722 2777 775 mala
2810 734 2903 789 per
2931 720 3175 789 spiritum
3204 725 3537 772 evanuerunt
3567 733 3582 770 :

2004 820 2174 891 aperti
2204 827 2328 873 sunt
2353 818 2515 883 oculi,
2543 821 2743 885 aperta:
2774 829 2952 880 aures,
2983 812 3120 881 piam
3150 826 3335 866 vocem
3368 811 3584 879 loqtzuta

2011 925 2093 966 esr
2116 911 2293 980 lingua
2322 927 2336 961 :
2370 909 2509 962 vires
2539 905 2817 976 acquisivit
2849 904 3046 968 anima,
3080 902 3367 973 acquisivit
3392 915 3587 970 corpus

2012 999 2481 1071 pulchritudinem,
2503 1010 2554 1051 et
2578 996 2764 1051 ﬂorem
2795 993 3119 1063 huiusmodi,
3149 993 3360 1062 qualem
3389 1008 3483 1061 par
3508 1001 3590 1045 est

2012 1094 2209 1148 habere
2240 1090 2706 1161 pulchritudinem,
2738 1088 2827 1142 Dei
2861 1087 3024 1140 filium
3055 1101 3122 1139 ex
3152 1085 3382 1154 Spiritus
3419 1083 3587 1154 gratia

2012 1194 2385 1255 procreatum;
2419 1181 2628 1251 qualem
2668 1194 2762 1249 par
2805 1187 2888 1233 est
2929 1177 3127 1231 habere
3169 1176 3391 1245 gloriam
3425 1174 3589 1228 lilium

2013 1291 2183 1344 nuper
2204 1273 2334 1344 Regi
2367 1281 2576 1336 natmn,
2601 1271 2724 1324 etin
2748 1283 2981 1339 purpura
3009 1267 3279 1322 eductum.
3311 1265 3405 1319 Hei
3439 1264 3588 1330 mihi,

2014 1324 2171 1344 --—.~-
2204 1324 2332 1344 me
2367 1324 2397 1326 --
2448 1324 2489 1325 ρ
2565 1324 2575 1336 .
2749 1324 2765 1339 .
2851 1324 2867 1338 ,

2014 1373 2266 1436 quantam
2309 1363 2464 1418 nobis
2503 1361 2719 1415 donavit
2763 1359 3126 1413 nobilitatem!
3161 1372 3261 1411 nos
3295 1371 3423 1411 vero
3468 1324 3590 1424 erga

2016 1472 2161 1525 eum,
2194 1456 2282 1525 qui
2326 1454 2460 1508 adeo
2500 1468 2599 1507 nos
2643 1451 2861 1516 amarit,
2903 1450 3090 1519 ingrati
3128 1462 3250 1503 esse
3284 1460 3595 1516 persevera-

2017 1564 2160 1603 mus.
2201 1546 2417 1616 Pcpcrit
2457 1559 2588 1610 nos,
2621 1543 2869 1607 nutrivit,
2908 1540 3181 1595 beneﬁciis
3223 1538 3399 1593 affecit
3429 1556 3443 1593 :
3471 1537 3594 1606 quid

2019 1656 2207 1698 rursus
2253 1639 2485 1709 fugimus
2530 1638 2597 1692 ab
2639 1653 2726 1701 eo,
2768 1636 2859 1705 qui
2907 1644 3050 1689 tanta
3087 1633 3272 1688 tribuit
3307 1632 3601 1688 beneﬁcia?

2022 1735 2161 1804 Ergo
2185 1732 2274 1803 qui
2297 1732 2409 1785 haec
2433 1729 2609 1784 omnia
2634 1727 2775 1790 fecit,
2802 1726 2964 1780 robur
2988 1725 3147 1780 etiam
3176 1723 3269 1778 dat
3293 1741 3307 1776 :
3332 1738 3434 1776 non
3458 1722 3600 1777 enim

2023 1826 2151 1882 dum
2199 1822 2419 1878 morbus
2468 1834 2564 1874 nos
2608 1816 2928 1886 occupabat,
2976 1814 3199 1869 ferendo
3247 1814 3395 1867 oneri
3445 1827 3605 1881 pares

2022 1931 2260 1981 eramus,
2296 1914 2401 1970 nisi
2442 1913 2555 1981 ipse
2594 1910 2736 1965 vires
2774 1907 2929 1962 nobis
2970 1906 3229 1961 dedisset.
3270 1903 3477 1959 Tribuit
3515 1918 3596 1956 re-

2026 2010 2336 2065 missionem
2360 2014 2723 2077 peccatorum;
2739 2000 2945 2054 irritum
2965 1997 3184 2053 fecimus
3203 1996 3403 2051 donum
3423 2011 3436 2049 :
3459 1994 3606 2048 dedit

2028 2101 2182 2156 nobis
2202 2099 2431 2161 divitias;
2463 2110 2555 2150 eas
2582 2090 3009 2163 dilapidavimus,
3042 2087 3219 2142 omnia
3242 2084 3604 2141 comedimus:

2029 2192 2175 2248 dedit
2197 2190 2348 2244 nobis
2375 2189 2535 2252 vires;
2552 2201 2643 2241 eas
2669 2166 3096 2251 consumpsimus
3119 2195 3134 2233 :
3154 2177 3298 2233 dedit
3321 2175 3474 2231 nobis
3500 2190 3612 2245 graa

2032 2286 2191 2346 tiam;
2219 2282 2388 2351 ipsam
2426 2277 2798 2334 exstinximus.
2828 2269 3147 2340 Quomodo?
3172 2268 3613 2334 Consumpsitnus

2034 2375 2180 2428 nulla
2228 2373 2281 2425 in
2325 2386 2383 2425 re
2413 2384 2532 2438 qua:
2582 2366 2737 2420 nobis
2784 2352 3087 2434 prodesset,
3131 2369 3291 2428 atque
3333 2357 3612 2411 utilitatem

2035 2462 2271 2518 aﬂerret.
2307 2460 2431 2513 llaec
2461 2473 2557 2512 nos
2586 2455 2952 2526 perdiderunt,
2982 2461 3143 2523 atque
3170 2448 3300 2504 illud
3328 2455 3612 2518 praeterea,

2038 2554 2179 2627 quod
2209 2553 2445 2607 omnium
2476 2549 2851 2620 gravissimum
2892 2555 2999 2610 eat,
3032 2543 3174 2614 quod
3219 2543 3272 2596 in
3316 2541 3490 2595 aliena
3520 2537 3609 2593 de-

2040 2656 2227 2720 gentes
2255 2655 2421 2711 terra,
2455 2651 2509 2697 et
2541 2639 2887 2697 comedentes
2912 2637 3155 2705 siliquas,
3190 2648 3298 2687 non
3330 2641 3508 2686 tamen
3535 2629 3620 2682 di-

2040 2743 2233 2802 cimus,
2266 2736 2570 2791 Redeamus
2603 2730 2669 2785 ad
2709 2731 2941 2792 Patrem,
2970 2737 3025 2781 et
3063 2727 3322 2789 dicamus,
3375 2721 3623 2778 Peccavi-

2044 2849 2162 2891 mus
2206 2834 2258 2887 in
2298 2831 2491 2886 cmlum
2541 2834 2597 2880 et
2635 2827 2687 2879 in
2725 2833 2775 2877 te
2810 2820 2960 2894 (Luc.
3008 2820 3096 2874 15.
3146 2817 3239 2887 18)
3273 2836 3286 2870 :
3315 2815 3474 2885 idque
3502 2829 3621 2867 eum

2045 2928 2256 2982 Patrem
2280 2923 2416 2977 adeo
2445 2929 2735 2981 amantem,
2765 2915 3041 2982 nostrique
3070 2909 3272 2965 reditus
3294 2907 3446 2960 valde
3475 2905 3621 2975 cupi-

2046 3020 2170 3073 dum
2203 3015 2513 3070 habeamus.
2548 3006 2848 3065 Dummodo
2874 3020 2904 3059 a
2934 3004 3065 3058 vitio
3097 3000 3433 3063 recedamus,
3466 2998 3625 3050 dum-

2048 3107 2288 3165 modoad
2318 3106 2492 3175 ipsum
2523 3101 2825 3164 redeamus,
2852 3096 2992 3150 utde
3011 3092 3296 3166 praeteritis
3322 3105 3416 3145 nos
3444 3088 3627 3156 objur-

2047 3209 2157 3271 get,
2185 3196 2375 3252 adduci
2406 3210 2508 3249 non
2540 3198 2749 3262 potest:
2769 3188 2940 3243 solum
2966 3184 3282 3241 recedamus
3301 3199 3314 3245 ;
3334 3184 3462 3233 satis
3485 3178 3630 3233 enim

2049 3270 2190 3363 apud
2223 3289 2369 3342 illum
2400 3282 2757 3339 excusationis
2786 3287 2888 3342 est,
2902 3277 3151 3332 rediisse.
3176 3272 3378 3344 Ecquid
3408 3270 3546 3330 dico,
3575 3278 3633 3321 ut

2050 3383 2296 3451 obiurget
2320 3374 2510 3430 adduci
2538 3387 2644 3427 non
2674 3369 2887 3439 potest?
2922 3384 3027 3422 nun
3054 3366 3224 3421 solum
3257 3363 3371 3433 ipse
3402 3375 3507 3415 non
3535 3358 3631 3411 ob»

2049 3475 2247 3544 jurgat,
2266 3480 2449 3522 verum
2481 3463 2639 3517 etiam
2659 3461 2703 3514 si
2720 3460 2858 3513 alius
2879 3458 3144 3527 obiurget,
3160 3454 3429 3510 silentium
3459 3451 3635 3517 impo-
3730 3466 3736 3471 ~

2053 3543 2133 3619 nit
2161 3581 2175 3615 :
2203 3558 2412 3615 etiamsi
2443 3556 2532 3610 ille
2560 3553 2647 3624 qtti
2680 3550 2945 3620 obiurgat,
2978 3547 3219 3617 apprime
3248 3543 3351 3598 sibi
3384 3548 3636 3609 acceptus

2056 3656 2146 3711 sit.
2191 3649 2493 3706 Redeamus
2529 3658 2658 3715 ergo
2688 3663 2702 3698 :
2732 3653 3013 3710 quousque
3051 3632 3392 3691 recedimus?
3432 3628 3638 3684 sentia-

2057 3761 2176 3803 mus
2226 3741 2485 3805 dedecus,
2537 3736 2833 3792 sentiamus
2882 3730 3139 3785 vilitatem
3175 3745 3187 3780 :
3222 3724 3487 3779 vitiositas
3541 3735 3639 3774 nos

2059 3848 2251 3909 porcos
2276 3831 2423 3895 facit,
2456 3826 2723 3883 vitiositas
2752 3825 2946 3878 famem
2975 3820 3129 3875 all'ert
3153 3817 3371 3872 animm.
3398 3814 3641 3881 Reeupe~

2060 3940 2242 3985 remus
2271 3937 2369 3977 nos
2391 3922 2537 3990 ipsos
2567 3915 3054 3987 etgresipiscamus,
3081 3920 3136 3966 et
3167 3910 3218 3964 in
3250 3906 3529 3978 pristinam
3558 3917 3643 3956 re-

2062 4021 2283 4074 deamus
2322 4013 2680 4075 nobilitatem,
2716 4015 2771 4061 et
2804 4004 2985 4060 futura
3027 4012 3423 4070 consequamur
3469 3994 3642 4055 bona,

2063 4112 2233 4183 gratia
2254 4118 2311 4165 et
2332 4105 2661 4177 benignitate
2682 4098 2891 4154 Domini
2919 4093 3089 4151 nostri
3118 4093 3242 4147 Jesu
3275 4087 3497 4150 ΟΙιι-ἰθιὶ,
3522 4100 3644 4138 cum

2064 4220 2170 4277 quo
2190 4201 2333 4258 Patri
2350 4175 2616 4266 simulque
2637 4201 2822 4250 sancto
2842 4187 3059 4258 Spiritui
3081 4185 3267 4254 gloria,
3286 4186 3542 4250 potestas.
3563 4175 3651 4227 bo-

2066 4306 2356 4363 nor,.nunc
2378 4299 2433 4346 et
2457 4300 2699 4356 semper,
2726 4280 2845 4337 etin
2867 4276 3062 4335 saecula
3087 4271 3425 4328 saeculorum.
3453 4269 3647 4320 Amen.

1723 4561 2068 4638 HOMILIA
2117 4558 2262 4620 XII.
2826 4610 2827 4613 η

375 4793 508 4849 Car.
539 4790 597 4844 5.
626 4799 683 4840 v.
712 4784 799 4838 15.
828 4777 1060 4839 Fratres,
1089 4785 1179 4842 ego
1208 4781 1287 4821 me
1326 4777 1428 4816 non
1473 4751 1718 4810 arbritror
1741 4752 1969 4810 compreo

453 4880 691 4943 hendisse
715 4890 733 4930 :
757 4872 846 4929 14.
875 4882 1033 4924 unum
1059 4839 1229 4917 autem
1252 4900 1268 4927 ,
1298 4868 1410 4927 qua:
1436 4847 1639 4920 quidem
1668 4848 1800 4895 retro
1830 4839 1967 4897 sunt,

453 4970 776 5031 obliviscaris,
806 4961 872 5015 ad
898 4975 958 5015 ea
986 4970 1101 5011 vero
1125 4964 1239 5024 quae
1264 4952 1378 5002 sunt
1405 4943 1576 5014 priora
1601 4928 1872 4989 extendens
1894 4938 1974 4976 me

454 5065 647 5132 ipsum,
667 5056 735 5109 ad
758 5025 1063 5108 destinatum
1089 5053 1376 5116 persequor,
1399 5031 1468 5087 ad
1494 5025 1717 5084 brevium
1740 5028 1976 5087 superna:

459 5138 738 5209 uocationis
764 5146 859 5201 Dei
885 5145 938 5197 in
964 5140 1164 5196 Christo
1189 5133 1220 5187 J
1228 5147 1334 5187 esu.

728 5251 882 5308 teque
920 5231 1092 5288 inania
1130 5224 1307 5282 reddit
1340 5220 1479 5275 bona
1518 5224 1678 5282 opera
1699 5249 1715 5274 ,
1743 5202 1975 5311 nihilnita

395 5336 562 5400 inﬂat,
585 5343 645 5389 ut
666 5343 850 5388 eorum
876 5338 996 5395 qua:
1018 5334 1114 5375 nos
1137 5325 1283 5372 recte
1305 5309 1532 5376 fecimus
1552 5297 1829 5358 memoria.
1862 5292 1977 5345 Duo

395 5429 537 5484 enim
567 5425 705 5496 parit
729 5420 866 5476 mala
936 5408 1347 5484 negligentiores
1374 5399 1528 5461 facit,
1562 5403 1613 5448 et
1640 5393 1691 5447 in
1723 5397 1979 5454 arrogan-

398 5520 524 5574 tiam
550 5486 708 5570 tollit.
734 5506 1090 5579 Quamobrem
1117 5497 1333 5562 Paulus,
1358 5488 1609 5562 quoniam
1637 5486 1860 5537 noverat
1885 5490 1979 5528 na—

398 5620 573 5665 turam
608 5613 841 5659 nostram
885 5598 950 5652 ad
980 5592 1279 5653 socordiam
1321 5583 1479 5639 valde
1508 5592 1628 5634 esse
1656 5572 1941 5642 proclivem
1964 5608 1978 5631 ,

401 5656 802 5756 multisautem
844 5690 1089 5745 laudibus
1134 5682 1501 5749 Philippeuscs
1540 5668 1792 5725 affecerat
1820 5681 1832 5715 :
1856 5656 1983 5713 ‘vidc

404 5786 678 5861 quomtido
716 5798 898 5840 eorum
929 5777 1145 5858 spiritus
1185 5767 1530 5841 comprimat,
1565 5758 1748 5815 multis
1773 5750 1985 5829 quidem

2080 4728 2198 4783 aliis
2244 4733 2402 4781 antea
2445 4721 2638 4787 modis,
2666 4716 2933 4791 prmcipue
2973 4720 3152 4768 autem
3180 4709 3264 4764 his
3291 4719 3432 4764 nunc
3458 4699 3655 4757 verbis.

2078 4820 2217 4890 Quid
2241 4819 2382 4876 enim
2409 4815 2574 4873 dicit?
2605 4810 2833 4875 Fratres,
2852 4822 2943 4879 ego
2964 4821 3042 4860 me
3062 4819 3163 4857 non
3182 4800 3400 4854 arbitror
3422 4805 3655 4860 compre-

2082 4880 2329 4970 Iiendisse.
2375 4907 2527 4977 Quod
2572 4905 2617 4959 si
2658 4900 2854 4958 Paulus
2881 4897 3054 4953 adhuc
3084 4908 3188 4949 non
3215 4880 3621 4957 comprehcndit
3642 4917 3662 4945 ,

2084 5020 2257 5076 neque
2283 5001 2464 5057 fidenti
2488 4998 2667 5053 animo
2692 4994 2760 5049 de
2783 4987 3181 5048 resurrectione
3204 4998 3267 5038 ac
3290 4976 3480 5035 futuris
3500 4973 3661 5029 rebus

2086 5108 2202 5165 est;
2232 5096 2400 5151 multo
2425 5094 2584 5162 igitur
2611 5089 2788 5144 minus
2816 5086 2942 5150 illis,
2970 5082 3058 5153 qui
3092 5094 3190 5135 nec
3211 5074 3490 5132 minimam
3520 5067 3661 5121 illius

2086 5189 2483 5248 benefactorum
2509 5190 2715 5255 partem
2742 5176 3012 5247 assequuti
3037 5173 3267 5233 fuerant,
3292 5166 3343 5221 id
3368 5158 3665 5219 faciendum

2087 5289 2219 5338 erat.
2258 5277 2411 5347 Quod
2439 5286 2616 5330 autem
2652 5270 2819 5341 inquit
2844 5310 2858 5333 ,
2894 5267 2998 5321 hoc
3026 5273 3109 5318 est
3139 5280 3152 5316 :
3181 5257 3428 5315 Nondum
3453 5263 3666 5308 omnem

2089 5388 2174 5429 me
2201 5367 2619 5442 apprehendisse
2657 5363 2906 5417 virtutem
2939 5363 3068 5426 puto
3099 5370 3114 5407 :
3143 5353 3211 5406 ita
3242 5352 3487 5419 loquens,
3520 5351 3577 5398 ut
3604 5341 3670 5395 de

2090 5435 2311 5522 cursore
2338 5460 2439 5516 dici
2471 5458 2642 5522 solet,
2673 5450 2919 5507 Nondum
2970 5440 3340 5514 apprehendit.
3386 5435 3629 5493 Nondum
3652 5472 3668 5495 ,

2094 5556 2261 5626 inquit
2300 5553 2524 5616 Paulus,
2559 5554 2725 5600 totum
2774 5537 3001 5596 confeci.
3046 5532 3198 5602 Quod
3242 5531 3288 5587 si
3328 5527 3453 5584 alibi
3492 5525 3671 5587 dicat,

2095 5648 2289 5703 Bonum
2329 5652 2577 5699 certamen
2612 5633 2795 5689 ςενιαυὶ
2821 5630 2913 5701 (2.
2962 5626 3093 5681 Tim.
3138 5625 3190 5679 4.
3244 5622 3354 5692 7);
3389 5617 3476 5672 hic
3503 5629 3632 5669 vero
3655 5652 3672 5676 ,

2100 5739 2342 5797 Nondum
2387 5734 2599 5789 arbitror
2642 5744 2716 5783 mc
2759 5719 3233 5794 comprehendisse:
3261 5713 3351 5787 qui
3390 5718 3675 5777 utrumque
