4044 6202
425 267 525 325 271

428 380 602 435 locum
625 383 868 432 accurate
889 372 1048 443 leget,
1069 367 1231 437 probe
1250 376 1461 419 causam
1485 360 1715 421 illorum,
1736 363 1790 408 et
1811 354 1998 407 hormtt

427 471 711 524 verborum
751 468 1056 535 cognoscet.
1082 457 1197 512 Non
1234 454 1379 509 enim
1418 448 1629 504 assidue.
1672 452 1882 514 oportet
1909 456 2002 496 ea-

431 562 553 618 dem
597 574 848 624 versare;
882 566 1085 622 nosque
1128 546 1304 604 omnia
1349 544 1578 604 docere,
1610 538 2005 603 admonereque

435 653 547 706 lucc
570 651 732 705 multo
763 657 917 700 antea
944 644 1082 699 dicta
1113 653 1232 694 esse
1257 678 1270 701 ,
1302 636 1386 689 illa
1419 646 1548 687 vero
1578 642 1763 684 versus
1794 626 1951 679 tinem
1990 640 2002 675 :

437 743 683 798 Nondum
711 739 929 792 arbitror
949 776 965 802 ,
996 719 1186 803 inquit,
1219 744 1296 782 me
1323 721 1796 796 comprehendisse;
1826 715 1917 770 sed
1948 715 2000 767 in

436 836 536 889 hoc
564 849 668 887 uno
691 840 831 884 totus
853 843 991 887 sum,
1016 834 1072 878 ιιι
1092 822 1156 877 ad
1182 819 1442 875 anteriora
1470 831 1552 869 me
1574 810 1876 867 extendam.
1898 806 2011 860 IIoc

436 928 574 980 enim
608 924 703 978 sibi
735 922 843 973 vult
867 960 880 983 ,
910 919 1033 971 dum
1077 915 1241 985 inquit
1270 910 1485 973 :Unum
1530 917 1695 960 autem
1721 920 1738 957 :
1764 917 1875 972 qua:
1901 899 2014 970 qui-

436 1019 547 1071 dem
568 1025 700 1069 retro
720 1022 834 1067 sunt
862 1010 1176 1072 obliviscctts,
1208 1005 1274 1057 ad
1304 1020 1361 1057 ea
1388 1016 1499 1054 vero
1530 1013 1642 1069 qua:
1674 996 1845 1064 priora
1871 997 2007 1053 sunt,

434 1108 706 1166 extendens
737 1123 813 1158 me
842 1105 1031 1173 ipsum,
1053 1099 1119 1152 ad
1148 1097 1449 1150 destinatum
1477 1102 1745 1160 persequor
1766 1126 1781 1150 ,
1806 1083 1871 1135 ad
1901 1081 2017 1173 bru-

434 1203 568 1255 uiuut
615 1171 1161 1268 supernazvvocationis
1208 1188 1305 1240 Dei
1348 1188 1397 1239 in
1446 1183 1643 1237 Christo
1686 1177 1831 1231 Iesu.
1876 1171 2010 1226 Vide

437 1294 705 1363 quomodo
754 1292 835 1344 his
881 1287 1056 1345 verbis
1097 1282 1347 1343 ostendit,
1389 1277 1513 1348 quid
1561 1274 1687 1328 illud
1734 1272 1837 1363 sit,
1867 1268 2010 1363 quod

441 1358 609 1456 ipsam
653 1382 881 1437 faciebat
906 1379 971 1433 ad
1003 1376 1265 1431 anteriora
1298 1387 1355 1425 se
1386 1366 1693 1424 extendere.
1736 1362 1895 1456 Certe
1926 1358 2017 1456 qui

436 1451 544 1547 jam
576 1490 632 1529 se
660 1472 952 1543 perfecxum
983 1476 1165 1538 putat,
1200 1462 1437 1529 nihilque
1465 1459 1562 1512 sibi
1592 1458 1780 1509 deesse
1812 1452 1875 1504 ad
1907 1451 2013 1547 vir-

441 1540 569 1619 tutis
610 1540 1025 1633 perfectionem,
1068 1556 1114 1610 is
1162 1570 1191 1606 a
1231 1567 1388 1607 cursu
1435 1547 1699 1605 cessabit.
1735 1542 1881 1611 qua-i
1930 1540 2017 1611 qui

443 1665 609 1710 totum
629 1656 738 1721 jam
761 1657 940 1705 teneat
971 1667 983 1701 :
1018 1656 1071 1700 at
1095 1644 1181 1716 qui
1205 1659 1264 1698 se
1284 1640 1458 1695 adhuc
1489 1654 1517 1690 a
1548 1645 1687 1690 meta
1714 1634 1900 1687 abesse
1926 1645 2019 1721 co-

442 1747 594 1817 gitat,
625 1720 667 1797 is
698 1753 980 1809 numquam
1009 1753 1037 1791 a
1067 1749 1224 1789 cursu
1254 1737 1446 1786 cessat.
1469 1727 1581 1782 Hoc
1608 1726 1764 1795 igitur
1790 1736 1887 1817 nos
1911 1720 2025 1817 exi-

444 1810 664 1894 stimare
702 1847 914 1900 semper
938 1830 1218 1888 debemus,
1243 1822 1404 1876 etiam
1430 1819 1475 1875 si
1506 1823 1755 1872 sexcenta
1787 1810 2020 1866 obiveri-

446 1940 563 1977 inus
593 1925 800 1975 virtutis
828 1918 1021 1972 officia.
1061 1913 1270 1969 Etenim
1302 1911 1345 1965 si
1378 1908 1572 1963 Paulus
1599 1913 1716 1975 post
1742 1908 2020 1957 sexcentos

447 2026 669 2078 mortes,
699 2023 817 2082 post
845 2021 985 2065 tanta
1010 2005 1244 2077 pericula
1267 2003 1367 2056 hoc
1386 2015 1567 2055 secum
1594 1995 1826 2067 putabat,
1857 1992 2023 2046 multo

446 2107 616 2177 magis
643 2118 760 2159 nos.
790 2100 903 2154 Non
930 2097 1109 2152 animo
1134 2091 1375 2157 concidi,
1405 2089 1602 2158 inquit,
1635 2084 1875 2156 quamvis
1906 2090 2022 2151 post

451 2175 654 2251 tantum
676 2207 888 2248 cursum
917 2186 1151 2243 nondum
1177 2180 1534 2254 pervenerim,
1561 2194 1666 2231 non
1698 2175 1817 2229 ideo
1849 2182 2023 2227 tamen

449 2282 748 2354 desperati,
780 2279 873 2334 sed
900 2277 1075 2331 adhuc
1102 2287 1283 2336 curro,
1310 2269 1484 2325 adhuc
1508 2274 1658 2323 certo
1686 2283 1700 2321 :
1729 2263 1832 2318 hoc
1860 2276 2023 2315 unum

450 2384 655 2447 Specto,
677 2382 732 2428 ut
754 2370 966 2427 assidue
986 2367 1282 2439 proficiam.
1305 2363 1359 2418 Id
1381 2361 1532 2417 nobis
1546 2360 1705 2415 etiam
1727 2355 2024 2412 faciendum

450 2465 831 2524 estzoblivioni
873 2459 1167 2517 mandanda
1191 2465 1315 2512 sunt
1335 2453 1630 2517 benefacta,
1662 2448 2026 2506 etoniittenda

450 2575 569 2628 qua:
596 2568 742 2612 retro
768 2563 911 2609 sunt.
935 2552 1066 2607 Nam
1095 2558 1150 2604 et
1181 2562 1388 2613 cursor,
1414 2561 1519 2599 non
1551 2551 1679 2610 quot
1707 2541 1873 2610 spatia
1895 2554 2027 2593 con-

453 2646 637 2705 fecerit
670 2646 895 2715 eogitet,
925 2641 1018 2696 sed
1063 2649 1191 2708 quot
1230 2638 1404 2691 adhuc
1448 2642 1668 2689 restent.
1696 2633 1770 2686 Ita
1806 2641 1857 2685 et
1894 2646 1988 2683 nos
2010 2671 2026 2695 ,

454 2752 558 2793 non
587 2744 838 2805 quantum
872 2734 921 2785 in
953 2731 1147 2784 virtute
1178 2725 1445 2798 progressi
1484 2724 1673 2788 simus,
1709 2722 2026 2792 cogitemus,

453 2828 549 2884 sed
578 2834 831 2897 quantum
854 2824 1025 2877 adhuc
1049 2818 1495 2890 progrediendum
1518 2823 1703 2869 restet.
1728 2812 1861 2879 Quid
1886 2810 2029 2865 enim

457 2919 609 2973 nobis
629 2915 886 2988 proderit,
907 2911 1047 2983 quod
1074 2909 1335 2980 progressi
1358 2922 1565 2970 sumus,
1586 2904 1685 2959 nisi
1708 2903 1866 2957 etiam
1889 2898 2030 2970 quad

454 3019 617 3065 restat
658 3003 1084 3064 confecerimus?
1118 3002 1299 3071 Neque
1328 2999 1494 3063 dixit,
1524 2997 1638 3052 Non
1668 2996 1875 3066 cogito,
1904 3001 2029 3059 aut,

457 3100 572 3154 Non
591 3098 829 3164 utemini,
854 3094 968 3161 sed,
995 3092 1324 3155 Oblivisceris,
1352 3089 1422 3143 ita
1456 3104 1552 3142 nos
1576 3086 1889 3140 attentiorcs
1911 3082 2030 3137 red-

457 3191 610 3245 dens.
656 3188 806 3244 Tuuc
858 3188 999 3241 enim
1050 3184 1202 3238 valde
1250 3182 1596 3237 vehementes
1647 3192 1865 3242 sumus,
1910 3191 2031 3230 cum

458 3295 672 3334 onmem
698 3279 860 3334 animi
884 3278 1137 3347 impetum
1168 3276 1218 3329 in
1247 3274 1299 3328 td
1321 3270 1463 3344 quod
1489 3279 1653 3327 restat
1683 3270 2030 3336 coniecimus,

459 3387 578 3426 cum
608 3370 877 3443 pratterita
908 3366 1160 3421 oblivioni
1191 3364 1577 3419 mandavimus.
1625 3360 1992 3416 Extendeutes
2016 3400 2031 3424 ,

457 3462 651 3531 inquit.
673 3476 789 3524 nos,
819 3470 1102 3529 antequam
1124 3455 1458 3520 accedamus,
1478 3469 1669 3523 capere
1694 3453 1960 3507 volumus.
1987 3450 2035 3504 Is

459 3552 600 3606 enim
628 3550 917 3607 extendere
943 3565 1001 3604 se
1027 3547 1240 3612 dicitur,
1263 3546 1352 3616 qui
1381 3545 1564 3616 pedes,
1587 3544 1711 3599 licet
1735 3552 2032 3606 currentes,

459 3642 667 3710 reliquo
714 3655 941 3711 corpore
984 3645 1322 3693 autevertere
1365 3634 1576 3698 studet,
1609 3648 1773 3703 seque
1817 3632 2037 3685 inclinat

461 3732 515 3786 in
547 3733 822 3795 interiora,
855 3742 1152 3797 manusque
1181 3723 1467 3795 protendit,
1496 3733 1552 3775 ut
1579 3722 1850 3790 aliquanto
1876 3720 2034 3774 etiam

462 3820 579 3891 plus
604 3821 760 3889 Spatii
792 3819 965 3872 faciat.
995 3816 1051 3870 Id
1091 3829 1217 3870 vero
1256 3828 1319 3868 ex
1360 3812 1528 3866 multo
1564 3810 1726 3863 animi
1759 3810 1957 3879 impetu
1984 3817 2038 3864 et

463 3927 654 3983 magno
673 3910 865 3965 ardore
883 3909 956 3961 Iit.
982 3908 1078 3974 Qui
1100 3906 1286 3970 currit,
1309 3905 1407 3958 hoc
1426 3903 1585 3957 modo
1607 3910 1786 3957 currat
1802 3910 2034 3970 oportet,

463 4014 612 4060 tanto
636 4016 759 4059 cum
784 4001 1003 4064 studio,
1033 4006 1182 4053 tanto
1206 4011 1326 4050 cum
1360 3995 1581 4065 impetu,
1612 4009 1717 4049 non
1745 4004 1920 4048 autem
1948 4008 2035 4048 re-

463 4096 646 4151 misse.
669 4093 934 4160 Quautum
960 4098 1137 4143 autem
1168 4087 1304 4141 inter
1326 4085 1467 4140 hunc
1493 4086 1580 4155 qui
1609 4085 1709 4138 hoc
1735 4084 1891 4139 modo
1918 4100 2041 4139 cur-

464 4189 549 4253 rit,
580 4197 631 4241 et
663 4186 802 4239 inter
826 4199 946 4239 eum
973 4181 1060 4253 qui
1084 4181 1226 4251 jacet
1250 4179 1471 4247 supinus
1492 4218 1507 4238 .
1538 4179 1758 4232 interest
1783 4218 1797 4243 ,
1833 4186 2036 4230 tantum

463 4282 603 4335 inter
625 4278 840 4332 Paulum
872 4284 927 4330 et
955 4291 1071 4329 nos.
1095 4272 1342 4341 Quotidie
1373 4270 1463 4324 iIIe
1490 4270 1837 4335 moriebatur,
1866 4269 2039 4339 quoti-

462 4371 550 4424 die
577 4368 712 4423 bene
737 4365 1073 4426 mcrebatur;
1108 4362 1247 4415 nulla
1275 4370 1390 4415 erat
1413 4360 1643 4420 occasio,
1671 4358 1872 4412 nullum
1907 4368 2039 4412 tem-

469 4474 587 4529 pus,
619 4460 669 4512 in
694 4472 802 4527 quo
827 4472 932 4509 non
954 4456 1125 4521 aliqua
1155 4453 1227 4505 illi
1253 4451 1319 4505 ad
1345 4465 1558 4504 cursum
1587 4451 1825 4503 accessio
1857 4449 2036 4512 fieret;

471 4566 577 4605 non
608 4550 819 4605 volebat
868 4561 1057 4616 capere
1080 4586 1095 4609 ,
1125 4543 1220 4598 sed
1261 4557 1450 4612 rapere
1481 4560 1495 4596 :
1525 4542 1594 4595 ita
1637 4541 1778 4596 enim
1832 4540 1908 4596 fas
1961 4550 2042 4596 est

467 4655 678 4710 capere.
702 4640 800 4707 Qui
826 4638 917 4693 dat
945 4637 1183 4692 bravium
1210 4648 1421 4689 sursum
1449 4640 1552 4698 est,
1576 4647 1785 4686 sursum
1814 4633 2040 4701 positum

465 4740 548 4788 est
585 4732 675 4786 bra
685 4732 845 4784 vium.

536 4822 591 4876 2.
630 4820 757 4875 Vide
781 4830 1034 4890 quantum
1074 4817 1228 4887 Spatii
1256 4817 1325 4872 sit
1362 4816 1689 4885 propositum
1716 4815 1782 4869 ad
1822 4832 2040 4887 percur-

469 4911 695 4967 reudum
720 4926 736 4976 ;
765 4909 884 4964 vide
912 4923 1072 4978 quam
1098 4908 1274 4962 celsus
1299 4908 1368 4960 sit
1393 4909 1561 4968 locus,
1603 4920 1711 4974 quo
1754 4904 2039 4959 velandum

471 5013 556 5059 est
593 5004 691 5058 alis
722 5000 942 5072 spiritus
974 5017 986 5053 :
1034 4999 1191 5053 aliter
1234 4999 1376 5053 enim
1426 4995 1651 5051 altitudo
1694 4996 1782 5051 illa
1812 4996 2042 5052 obtineri

469 5094 672 5162 nequit.
715 5091 849 5147 Cum
893 5103 1119 5159 corpore
1159 5087 1285 5141 illuc
1325 5085 1717 5156 properandum
1745 5094 1866 5152 est;
1916 5086 2044 5142 licet

468 5188 611 5243 enim
645 5208 658 5242 :
694 5186 886 5243 Nostra
913 5186 1056 5242 enim
1080 5225 1096 5250 ,
1127 5183 1333 5254 inquit,
1364 5185 1675 5239 conuersatio
1700 5185 1754 5238 in
1803 5185 1940 5240 cretis
1966 5192 2039 5237 est

469 5286 486 5349 (
512 5279 747 5348 Philipp.
775 5280 828 5335 3.
868 5278 938 5334 20
957 5278 1020 5345 ),:
1068 5278 1138 5331 ibi
1172 5276 1342 5348 palma
1370 5284 1472 5329 est.
1502 5275 1665 5331 Vides
1688 5291 1780 5332 eos
1800 5279 1887 5347 qui
1916 5291 2042 5331 cur-

471 5381 616 5437 runt,
648 5386 805 5441 quam
834 5386 901 5426 ex
926 5373 1042 5442 lege
1069 5370 1295 5425 vivant?
1316 5385 1473 5441 quam
1501 5369 1629 5423 nihil
1657 5385 1844 5425 eorum
1872 5410 1887 5435 ,
1918 5385 2039 5439 qua:

470 5463 616 5520 vires
641 5473 918 5530 enervant,
961 5463 1266 5534 attingant?
1292 5478 1452 5533 quam
1480 5462 1722 5532 quotidie
1746 5470 1955 5517 certent
1982 5462 2034 5516 in

476 5556 719 5624 palaestra
746 5554 847 5610 sub
872 5556 1127 5625 magistro
1146 5564 1199 5611 et
1226 5555 1383 5626 lege?
1413 5554 1520 5609 llos
1563 5552 1644 5608 fac
1685 5553 1908 5608 imiteris
1933 5595 1947 5620 ,
1977 5569 2039 5609 ac

474 5651 649 5721 potius
689 5650 943 5720 majorem
970 5665 1154 5720 prome
1181 5652 1340 5705 animi
1372 5652 1626 5720 impetum
1660 5669 1672 5705 :
1705 5649 1862 5720 longe
1890 5648 2031 5703 cuitu

1128 247 1188 304 S.
1227 246 1506 307 JOANNIS
1541 236 2005 299 CHRYSOSTOMI
2049 235 2360 294 ειιιιιιιιειι.
2401 234 2933 296 CONSTANTINOP.

3569 233 3683 292 2ῗὲ

2120 350 2292 422 ροιίοι·
2317 359 2398 405 est
2422 351 2593 422 palma
2620 392 2634 415 ,
2664 361 2719 406 et
2746 352 2893 406 multi
2943 360 3069 406 sunt
3114 352 3201 421 qui
3235 351 3531 421 impediunt
3561 372 3574 402 :
3622 366 3687 405 ex

2112 439 2229 512 lege
2264 441 2381 496 vive
2414 458 2427 494 :
2452 442 2615 496 multa
2639 443 2781 497 enim
2808 452 2931 497 sunt
2951 484 2965 509 ,
2996 459 3114 513 quae
3141 444 3305 497 robur
3330 442 3638 499 dissolvunt
3673 462 3686 497 :

2113 532 2311 586 bonum
2341 548 2466 588 crus
2506 533 2587 588 fac
2613 534 2736 605 pedi
2770 544 2897 600 tuo;
2932 545 3085 603 potes
3112 535 3254 589 enim
3289 556 3302 591 :
3337 551 3442 589 non
3480 545 3690 589 natura:

2115 639 2201 680 res
2225 634 2325 691 est,
2371 626 2465 681 sed
2494 627 2801 680 voluntatis.
2850 626 3044 681 chent
3090 625 3227 681 hanc
3264 626 3550 681 reddamus
3573 668 3588 684 .
3630 643 3692 681 ne

2115 720 2377 775 celeritati
2408 720 2599 789 pedum
2630 720 2893 790 reliquum
2919 718 3127 789 pondus
3155 718 3358 773 officiat
3384 737 3396 772 :
3427 718 3563 774 doce
3592 734 3685 788 ped

2115 809 2211 865 des
2233 826 2351 865 esse
2372 811 2554 866 firmos
2575 828 2590 867 :
2613 812 2787 866 solum
2812 812 2953 866 enim
2984 811 3163 865 multis
3188 811 3239 864 in
3260 810 3395 865 Iocis
3410 820 3492 864 est
3515 810 3661 889 lubri

2117 916 2273 966 cum;
2305 917 2368 957 ac
2407 903 2449 956 si
2480 903 2640 957 cadas
2663 944 2681 969 ,
2713 904 2878 958 multa
2910 903 3205 973 perdidisti.
3238 905 3488 957 Attamen
3510 943 3524 965 ,
3556 913 3612 957 et
3639 902 3682 954 si

2117 992 2401 1059 cecideris,
2434 1008 2663 1063 exsurge
2694 1012 2706 1046 :
2743 995 2867 1049 licet
2892 996 3034 1048 enim
3062 1004 3117 1048 et
3145 994 3246 1049 hoc
3270 1002 3425 1063 pacto
3454 994 3691 1047 vincere.

2118 1081 2417 1153 Numquam
2438 1084 2657 1139 lubricis
2676 1084 2837 1140 rebus
2867 1095 2917 1139 te
2939 1087 3242 1139 committas
3261 1101 3276 1149 ;
3296 1095 3350 1139 et
3375 1099 3478 1139 non
3502 1083 3692 1138 cades:

2121 1188 2283 1242 super
2299 1174 2497 1229 solidas
2522 1183 2576 1230 et
2601 1176 2819 1230 stabiles
2846 1191 3035 1231 curre:
3061 1191 3272 1232 sursum
3295 1185 3455 1246 caput
3476 1175 3693 1237 habeas,
3722 1205 3734 1213 -

2121 1280 2331 1320 sursum
2354 1268 2558 1321 oculos.
2576 1266 2631 1321 Id
2649 1278 2704 1323 et
2722 1270 3064 1323 currentibus
3085 1270 3324 1339 magistri
3346 1266 3694 1338 praecipiunt:

2123 1355 2191 1409 ita
2213 1357 2612 1412 consolidantur
2633 1358 2793 1413 vires.
2810 1359 2901 1414 Siti
2933 1357 3184 1413 deorsum
3216 1374 3429 1413 versum
3460 1358 3696 1419 nutabis,

2123 1447 2393 1514 concides,
2423 1464 2482 1503 ac
2512 1448 2746 1505 fatisces.
2782 1451 3006 1505 Sursum
3037 1460 3239 1521 specta,
3260 1451 3351 1505 ubi
3379 1451 3549 1520 palma
3579 1457 3697 1503 est:

2126 1538 2211 1593 hic
2253 1539 2444 1608 palma:
2475 1550 2723 1612 aspectus
2750 1553 2906 1613 auget
2952 1543 3184 1597 studium
3232 1544 3551 1609 voluntatis;
3578 1558 3704 1612 spes

2123 1627 2310 1683 adimit
2332 1629 2567 1685 laborum
2592 1640 2646 1686 et
2667 1633 3031 1687 molestiarum
3059 1650 3270 1688 sensum
3297 1651 3311 1696 ;
3345 1634 3702 1704 longinquitas

2125 1716 2249 1773 facit
2273 1727 2333 1773 ut
2360 1720 2600 1775 bravium
2646 1735 2901 1792 appareat
2942 1725 3213 1795 exiguum.
3246 1725 3525 1792 Quodnam
3571 1726 3705 1779 illud

2127 1811 2247 1865 est?
2270 1811 2384 1865 Non
2400 1828 2592 1868 ramus
2621 1816 2810 1884 palma:
2836 1818 2962 1879 ;sed
2985 1818 3108 1887 quid
3127 1819 3149 1870 ?
3165 1818 3404 1887 Regnum
3424 1819 3705 1884 ca-lorum,

2131 1902 2345 1971 requies
2369 1904 2713 1973 sempiterna,
2758 1906 2924 1976 gloria
2953 1922 3074 1961 cum
3105 1908 3322 1964 Christo
3341 1951 3356 1974 ,
3390 1909 3660 1964 hereditas
3690 1951 3706 1974 ,

2130 1990 2436 2048 fraternitas
2462 2036 2476 2058 ,
2508 1997 2914 2051 innumerabilia
2943 1998 3081 2052 bona
3109 2040 3123 2062 ,
3157 2014 3275 2068 qua:
3307 1999 3481 2053 t'erbis
3507 2000 3706 2067 exponi

2128 2097 2233 2135 non
2261 2092 2500 2152 possunt.
2536 2085 2734 2140 Palmm.
2765 2088 2907 2140 illius
2951 2087 3407 2156 pulchritudinem
3435 2089 3711 2159 explicare

2130 2188 2235 2227 non
2279 2188 2561 2243 possumus
2590 2194 2604 2230 :
2634 2177 2784 2231 solus
2815 2178 2903 2231 ille
2931 2180 3077 2233 novit
3105 2181 3193 2250 qui
3240 2181 3466 2244 obtinet,
3517 2191 3571 2234 et
3617 2182 3711 2250 qui

2130 2276 2447 2334 accepturus
2477 2276 2580 2322 est.
2613 2268 2728 2322 Non
2747 2278 2829 2323 est
2856 2286 3041 2335 aurea,
3072 2288 3175 2326 non
3204 2288 3267 2327 ex
3290 2273 3555 2342 lapidibus
3579 2288 3715 2328 cou-

2130 2363 2276 2420 stat;
2323 2355 2491 2409 mnlto
2522 2357 2635 2411 istis
2664 2367 2749 2413 est
2775 2361 3063 2428 pretiosior
3096 2380 3108 2411 :
3138 2377 3325 2415 aurum
3359 2379 3470 2432 pra:
3498 2362 3586 2416 illa
3617 2365 3701 2416 lu-

2134 2454 2243 2498 tum
2286 2455 2403 2512 est;
2455 2446 2662 2517 lapid‘cs
2691 2450 2909 2518 prctiosi
2942 2466 3051 2519 pra:
3081 2451 3169 2505 illa
3205 2453 3599 2520 pulchritudine
3630 2455 3717 2507 Ia-

2135 2544 2274 2589 teres
2300 2545 2442 2589 suut.
2476 2536 2532 2591 Si
2560 2552 2620 2591 ea
2650 2539 2850 2606 potitus
2880 2540 2931 2593 iu
2961 2542 3148 2595 cadum
3180 2541 3358 2607 iveris,
3384 2559 3574 2613 magno
3603 2544 3718 2599 illic

2132 2642 2251 2681 cum
2286 2627 2489 2682 honore
2535 2631 2735 2698 poteris
2765 2631 3015 2686 incedere
3047 2649 3060 2684 :
3092 2635 3266 2703 angeli
3308 2644 3357 2690 te
3389 2635 3721 2699 revereban-

2136 2729 2220 2774 tur
2249 2721 2481 2789 palmam
2513 2720 2656 2774 illam
2706 2722 2965 2777 ferentem
3000 2745 3012 2778 ε
3044 2723 3272 2779 fidenter
3315 2725 3382 2779 ad
3407 2742 3593 2780 omnes
3618 2743 3719 2781 ac-

2134 2812 2314 2868 cedes.
2360 2812 2426 2866 Ιιι
2471 2813 2670 2867 Christo
2715 2813 2860 2869 Jesu.
2914 2815 3045 2870 Vide
3089 2827 3298 2885 gratum
3342 2819 3624 2872 animum:
3658 2818 3720 2872 In

2135 2903 2348 2957 Christo
2372 2902 2497 2958 Jesu
2525 2902 2648 2969 hoc,
2676 2904 2845 2974 inquit
2869 2946 2882 2966 ,
2915 2904 3068 2959 facio.
3094 2906 3211 2961 Non
3241 2907 3386 2961 enim
3428 2909 3543 2963 sine
3576 2909 3724 2962 illius

2137 2994 2368 3064 impulsu
2402 3004 2608 3049 tantum
2639 2997 2794 3065 Spatii
2821 2998 3093 3052 condicere
3121 2997 3199 3051 fas
3230 3010 3315 3053 est
3347 3017 3360 3051 τ
3389 3001 3555 3055 multo
3581 3014 3722 3069 opus

2137 3099 2219 3140 eSt
2238 3086 2460 3140 auxilio.
2488 3086 2749 3140 Deorsum
2781 3095 2832 3141 te
2859 3096 3068 3143 certare
3085 3088 3272 3151 voluit.
3304 3104 3514 3143 sursum
3555 3105 3725 3145 coro-

2137 3187 2230 3231 nat
2257 3194 2272 3231 :
2299 3193 2402 3232 non
2426 3187 2479 3232 ιιι
2512 3179 2617 3242 hic,
2637 3179 2726 3232 ubi
2751 3189 3049 3246 certamen,
3074 3190 3154 3235 est
3183 3182 3346 3237 etiam
3376 3197 3573 3238 corona
3606 3184 3721 3249 illa,

2138 3268 2231 3324 sed
2265 3270 2317 3323 io
2344 3269 2628 3339 splendido
2659 3270 2776 3325 loco
2803 3285 3002 3325 corona
3034 3271 3121 3326 illa
3149 3282 3250 3327 est.
3281 3272 3397 3329 Non
3424 3274 3615 3329 videtis
3636 3276 3727 3328 hic

2138 3359 2298 3414 etiam
2339 3374 2433 3415 eos
2461 3375 2525 3414 ex
2558 3360 2776 3415 athletis
2803 3370 2859 3416 et
2886 3363 3085 3433 aurigis
3107 3404 3123 3427 ,
3152 3379 3293 3432 quos
3336 3366 3572 3419 maximo
3600 3367 3715 3419 atti-

2139 3454 2287 3508 ciunt
2331 3452 2556 3520 honore,
2609 3470 2716 3508 non
2766 3454 3018 3511 deorsum
3049 3458 3100 3510 in
3130 3458 3305 3511 stadio
3332 3498 3349 3525 ,
3383 3458 3478 3514 sed
3510 3474 3727 3513 sursum

2139 3553 2366 3600 vocante
2395 3543 2723 3615 Imperatore
2749 3548 3020 3602 coronari.
3057 3547 3128 3601 Ita
3159 3549 3321 3602 etiam
3345 3557 3400 3602 et
3433 3557 3486 3603 tu
3518 3549 3648 3604 hinc
3675 3551 3727 3603 in

2139 3637 2272 3691 caelo
2306 3638 2488 3707 capies
2538 3637 2790 3705 palmam.
2848 3638 2935 3693 15.
2986 3638 3299 3709 Quicumque
3338 3656 3456 3711 ergo
3510 3643 3725 3711 perfecti

2141 3745 2333 3793 sumus,
2380 3729 2569 3797 inquit,
2599 3729 2692 3783 hoc
2719 3729 2992 3784 sentiamus
3018 3744 3036 3782 :
3067 3740 3114 3782 et
3139 3730 3316 3800 siquid
3340 3731 3488 3785 aliter
3513 3733 3723 3801 sapitis,

2142 3827 2190 3871 ct
2236 3819 2331 3872 hoc
2365 3817 2500 3873 vobis
2534 3817 2666 3873 Deus
2711 3818 2969 3874 reuelabit.
3002 3819 3137 3887 Quid
3172 3820 3271 3875 hoc
3300 3822 3420 3875 est?
3450 3820 3719 3875 Nimirum

2142 3926 2260 3981 qua:
2289 3919 2434 3965 retro
2462 3919 2588 3965 sunt
2612 3952 2627 3977 ,
2674 3911 3041 3966 obliviscenda
3073 3926 3195 3966 esse
3229 3929 3240 3963 :
3291 3914 3359 3966 ita
3392 3924 3444 3965 ut
3489 3912 3722 3982 perfecti

2145 4002 2378 4055 hominis
2404 4001 2495 4065 sit,
2524 4016 2628 4054 non
2657 4015 2718 4056 se
2734 4002 3044 4056 existimare
3073 4001 3368 4071 perfectum
3402 4019 3544 4057 esse.
3577 4004 3729 4072 Quo-

2145 4094 2306 4148 modo
2351 4094 2511 4164 igitur
2562 4093 2720 4157 dicis,
2780 4094 3095 4165 Quicumque
3138 4095 3390 4165 perfecti?
3437 4096 3526 4149 dic
3579 4098 3729 4151 enim

2146 4186 2274 4240 mihi
2297 4227 2312 4250 ,
2344 4185 2569 4239 hoccine
2617 4186 2695 4240 vis
2728 4187 2998 4254 sapiamus
3026 4187 3167 4255 quod
3202 4196 3254 4241 tu
3284 4187 3468 4256 sapis?
3497 4187 3631 4241 Nam
3680 4190 3727 4243 si

2146 4293 2250 4332 nou
2278 4286 2598 4346 assequutus
2624 4291 2703 4339 es.
2729 4278 2773 4330 si
2805 4292 2908 4331 ron
2938 4293 2997 4333 es
3025 4278 3312 4347 perfectus,
3350 4279 3622 4348 quomodo
3642 4280 3730 4349 ju-

2149 4368 2243 4421 hes
2273 4368 2534 4436 perfectos
2563 4368 2663 4424 hoc
2693 4384 2905 4437 sapere,
2937 4371 3078 4439 quod
3109 4379 3163 4424 et
3193 4380 3245 4425 tu
3274 4371 3441 4439 sapis,
3471 4371 3559 4440 qui
3586 4386 3730 4425 nou-

2147 4456 2270 4510 dum
2300 4474 2357 4511 es
2387 4457 2692 4526 perlectus?
2725 4460 2834 4513 IIoc
2874 4461 3039 4525 enim,
3091 4461 3295 4530 inquit,
3332 4461 3590 4530 perfectio
3621 4472 3729 4516 est.

2151 4546 2217 4600 Et
2242 4548 2285 4600 si
2309 4547 2431 4617 quid
2450 4548 2597 4602 aliter
2618 4549 2816 4618 sapitis,
2845 4560 2890 4603 et
2916 4550 3010 4604 Itoc
3050 4550 3185 4605 vobis
3215 4550 3352 4605 Deus
3381 4550 3638 4606 reuelabit.
3674 4553 3731 4607 Id

2148 4648 2256 4705 est,
2285 4639 2327 4691 si
2356 4641 2475 4708 quis
2499 4648 2677 4694 autem
2699 4652 2850 4711 putat
2877 4656 2935 4696 se
2964 4652 3130 4697 totum
3163 4651 3309 4697 recte
3334 4658 3456 4698 esse
3472 4658 3735 4713 assequu-

2152 4738 2281 4783 tum.
2311 4728 2475 4784 Caret
2497 4731 2747 4786 nimirum
2777 4732 2918 4797 illis;
2943 4742 2998 4787 at
3028 4749 3133 4788 non
3165 4735 3233 4789 ita
3260 4735 3412 4798 dixit,
3442 4735 3535 4790 sed
3567 4734 3732 4803 quid?

2152 4819 2216 4872 Et
2244 4821 2288 4873 si
2312 4821 2433 4892 quid
2452 4822 2596 4875 aiitcr
2615 4824 2814 4891 capitis,
2837 4833 2881 4876 et
2902 4824 2998 4876 Itoc
3024 4824 3159 4878 vobis
3184 4823 3320 4879 Deus
3350 4824 3607 4878 reuelabit.
3636 4822 3731 4877 Vi-

2150 4911 2266 4978 des,
2292 4928 2453 4982 quam
2484 4913 2806 4969 verecunde.
2838 4914 2949 4969 lIoc
2973 4957 2987 4981 ,
3020 4915 3191 4984 inquit
3215 4957 3229 4982 ,
3265 4930 3361 4970 vos
3389 4916 3530 4971 Deus
3557 4914 3724 4969 doce-

2152 5004 2228 5059 bit
2273 5023 2285 5058 :
2331 5005 2379 5058 id
2417 5015 2518 5071 est,
2563 5005 2706 5060 Deus
2758 5006 2907 5060 vobis
2955 5007 3319 5075 persuadebit,
3372 5022 3478 5061 non
3520 5015 3734 5059 tantum

2152 5097 2363 5153 docebit
2403 5117 2414 5150 :
2448 5114 2569 5152 nam
2600 5097 2830 5154 docebat
2858 5099 3074 5168 quidem
3105 5099 3337 5153 Paulus:
3384 5099 3521 5152 Deus
3548 5103 3739 5151 autem

2152 5187 2456 5242 inducebat.
2492 5187 2558 5241 Et
2590 5203 2694 5241 non
2727 5188 2879 5250 dixit,
2916 5187 3156 5253 lntlucet,
3188 5188 3302 5250 sed,
3344 5187 3648 5250 Reoctabit;
3679 5196 3740 5239 ut

2154 5294 2220 5334 ex
2249 5280 2543 5346 ignorantia
2587 5295 2675 5334 res
2708 5281 2978 5347 proﬁcisci
3023 5282 3287 5335 videatur.
3343 5279 3460 5334 Non
3509 5280 3624 5333 ha‘c
3666 5278 3734 5333 de

2153 5370 2414 5442 dogmatis
2467 5371 2606 5426 dicta
2658 5381 2803 5437 sunt,
2859 5372 2951 5426 sed
2993 5372 3060 5426 de
3106 5370 3435 5441 perfectione
3485 5370 3627 5429 rit-t2,
3680 5377 3735 5421 ut

2154 5478 2313 5517 nemo
2355 5478 2411 5518 se
2452 5463 2565 5531 ipse
2592 5464 2867 5518 existimet
2900 5462 3197 5531 perfectum
3227 5478 3372 5517 esse.
3404 5461 3611 5516 Etenim
3641 5460 3731 5528 qui

2155 5555 2331 5608 omnia
2361 5570 2420 5610 se
2465 5562 2613 5624 putat
2656 5569 2819 5608 couse
2844 5565 3084 5622 mutum,
3120 5555 3253 5608 nihil
3285 5555 3462 5608 habet.
3504 5552 3590 5607 16.
3631 5549 3731 5604 Vc-

2162 5657 2434 5701 rumtttmm
2463 5646 2527 5698 ad
2551 5646 2682 5716 quod
2709 5646 3047 5717 peruenimus,
3071 5647 3122 5701 in
3146 5646 3321 5700 eadem
3351 5653 3737 5711 pcrtttatteattrl's
