4014 6200
262 270 370 330 ετι

255 384 448 456 φησιν,
473 379 590 435 ἀλλ’
628 378 748 443 ἑνός
779 379 895 450 εἰμι
930 379 1115 448 μόνου,
1143 378 1237 432 τοῦ
1270 381 1379 443 τοῖς
1408 377 1717 450 ἔμπροσθεν
1743 378 1834 430 ἑπ-

251 470 617 528 εκτείνεσθαι.
652 469 824 523 Τοῦτο
874 469 980 541 γάρ
1028 470 1175 522 ἐστιν
1208 470 1235 523 ὃ
1268 486 1452 540 φησιν,
1465 471 1586 534 Ἔν,
1613 468 1683 523 τὰ
1718 468 1835 537 μὲν

255 565 455 619 ὀπίσω
494 561 1063 631 ἐπιλανθανόμενος,
1098 560 1222 627 τοῖς
1259 561 1328 613 δὲ
1368 561 1706 629 ἔμπροσθεν
1732 559 1825 611 ἐπι

249 653 700 720 κτεινόμενος,
738 652 890 705 κατά
932 648 1170 704 σκοπόν
1208 649 1398 703 διώκω
1440 648 1539 702 ἐπὶ
1581 647 1648 702 τὸ
1682 649 1835 717 βρα-

252 744 421 800 ϐεῖον
444 739 556 812 τῆς
582 742 706 796 ἅνω
742 741 1018 809 κλήσεως
1047 742 1154 795 τοῦ
1188 741 1334 796 Θεοῦ
1363 742 1435 795 ἐν
1456 740 1688 810 Χριστῷ
1720 741 1835 808 ’1η-

249 833 548 903 σοῦ.”ορα
586 832 703 896 πῶς
735 830 905 885 είπὼν
950 831 1128 897 τοῦτο,
1159 832 1394 902 ἐδήλωσε
1423 831 1476 885 τί
1520 827 1588 902 ἦν
1617 831 1645 885 ὃ
1665 830 1837 884 ἐποίει

252 924 425 982 αὑτὸν
456 925 571 987 τοῖς
599 920 910 993 ἔμπροσθεν
937 908 1438 977 ἐπεκτείνεσθαι.’0
1476 923 1573 994 μὲν
1603 918 1696 977 οὖν
1735 923 1838 995 ἤδη

252 1014 642 1071 τετελειῶσθαι
677 1012 934 1082 νομίζων,
960 1011 1055 1067 καὶ
1090 1012 1257 1083 μηδὲν
1285 1012 1434 1083 αύτῷ
1464 1012 1672 1066 λείπειν
1705 1013 1840 1083 πρὸς

254 1106 465 1177 ἀρετῆς
494 1104 855 1177 κατόρθωσιν,
876 1103 977 1160 κᾶν
1000 1105 1275 1159 ἐπαύσατο
1300 1104 1530 1176 τρέχων,
1551 1104 1624 1168 ὡς
1652 1105 1712 1158 τὸ
1733 1106 1840 1160 πᾶν

256 1197 616 1269 κατειληφώς
634 1214 648 1228 ·
672 1200 701 1251 6
730 1197 788 1251 δὲ
821 1198 1117 1268 ἀφεστάναι
1153 1197 1247 1252 τοῦ
1275 1198 1543 1269 τέρματος
1574 1197 1654 1251 ἔτι
1686 1196 1841 1268 νομί-

259 1287 395 1354 ζων,
430 1288 685 1343 οὐδέποτε
716 1289 981 1343 παύσεται
1010 1288 1237 1360 τρέχων.
1263 1288 1433 1344 Τοῦτο
1456 1286 1548 1345 οὖν
1580 1290 1727 1360 ἡμᾶς
1756 1288 1842 1343 ἀεὶ

260 1378 344 1433 δεῖ
364 1377 707 1447 λογίζεσθαι,
740 1379 845 1432 κᾶν
890 1379 1058 1450 μυρία
1087 1380 1517 1451 κατορθώσωμεν
1542 1379 1742 1448 ἀγαθά.
1780 1381 1842 1433 Εἰ

262 1468 375 1542 7&9
404 1469 620 1533 Παῦλος
646 1468 785 1539 μετά
819 1469 1044 1541 μυρίους
1081 1470 1362 1535 θανάτους,
1397 1471 1534 1541 μετὰ
1558 1469 1845 1533 τοσούτους

264 1560 550 1625 κινδύνους
592 1559 750 1614 τοῦτο
788 1559 1089 1630 ἐλογίζετο,
1119 1560 1297 1632 πολλῷ
1326 1561 1526 1633 μᾶλλον
1556 1563 1734 1632 ἡμεῖς.
1769 1561 1845 1615 06

269 1651 380 1722 μὴν
427 1649 715 1714 ἀνέπεσον,
757 1651 942 1722 φησὶν,
966 1652 1153 1723 ἔπειδὴ
1184 1651 1433 1706 τοσοῦτον
1478 1652 1703 1723 δραμὼν
1748 1654 1846 1707 οὐκ

268 1738 493 1810 ῖσχυσα,
527 1740 651 1793 οὐδὲ
691 1740 964 1809 άπέγνων,
993 1741 1108 1795 ἀλλ’
1135 1741 1216 1795 ἔτι
1255 1744 1448 1814 τρέχω,
1477 1743 1555 1797 ἔτι
1584 1745 1845 1812 ἀγωνίζο-

273 1846 405 1900 μαι·
435 1828 596 1884 τοῦτο
623 1830 780 1901 μόνον
809 1831 1014 1897 σκοπῶ,
1031 1833 1179 1896 ὅπως
1202 1834 1267 1902 δὴ
1296 1835 1849 1905 προκόπτοιμι.υῦτω

272 1920 375 1974 καὶ
405 1920 555 1991 ἡμᾶς
589 1919 696 1991 χρὴ
728 1924 921 1986 ποιεῖν,
956 1924 1402 1979 ἐπιλανθάνεσθαι
1434 1925 1543 1978 τῶν
1574 1926 1849 1997 κατορθω-

278 2012 492 2080 μάτων,
522 2011 615 2065 καὶ
656 2012 873 2079 ἀφιέναι
917 2011 1059 2066 αὑτά
1101 2014 1293 2070 ὀπίσω.
1336 2015 1445 2069 K01
1492 2017 1602 2087 7&9
1653 2019 1682 2070 6
1730 2017 1852 2086 690-

280 2099 417 2167 μεὺς
461 2099 562 2167 οὐχ
593 2100 751 2162 ὅσους
780 2100 977 2170 ἤνυσεν
1007 2102 1386 2172 ἀναλογίζεται
1418 2104 1695 2172 διαύλους,
1725 2106 1853 2160 ἀλλ’

277 2191 436 2253 ὅσους
479 2189 748 2246 λείπεται.
768 2192 881 2246 K01
927 2194 1091 2263 ἡμεῖς
1139 2192 1214 2265 μὴ
1257 2196 1380 2249 ὅσον
1428 2196 1706 2268 ὴνύσαμεν
1759 2198 1854 2268 τῆς

281 2280 482 2349 ἀρετῆς
510 2279 974 2353 ἀναλογιζώμεθα,
1012 2283 1124 2337 ἀλλ’
1157 2285 1280 2340 ὅσον
1305 2287 1434 2357 ἡμῖν
1461 2286 1727 2342 λείπει.Τί
1747 2287 1855 2359 γάρ

283 2372 431 2443 ἡμᾶς
472 2372 677 2441 ὠφελεῖ
725 2374 787 2426 τὸ
825 2374 1078 2441 ἀνυσθὲν,
1135 2377 1263 2431 ὅταν
1312 2379 1372 2431 τὸ
1420 2378 1735 2450 λειπόμενον
1781 2381 1855 2453 μὴ

282 2462 594 2534 προστιθῇς
631 2465 741 2516 K01
790 2465 891 2517 οὐκ
934 2461 1108 2531 εἶπεν,
1154 2467 1236 2521 ὅτι
1286 2469 1396 2523 Οὐκ
1449 2469 1854 2541 ἀναλογίζομαι,

281 2553 403 2607 οὐδὲ
425 2554 738 2625 μέμνημαι,
761 2555 897 2619 ἀλλ’,
929 2558 1497 2628 Ἑλιλανθανόμενος,
1518 2562 1667 2631 ἡμᾶς
1694 2578 1861 2632 προσ-

283 2647 683 2716 εκτικωτέρους
730 2647 918 2700 ποιῶν.
951 2648 1106 2702 Οῦτω
1152 2649 1261 2721 7&9
1313 2651 1530 2721 σφοδροὶ
1575 2651 1857 2722 γινόμεθα,

284 2733 413 2786 ὃταν
455 2734 642 2786 πᾶσαν
695 2733 997 2804 προθυμίαν
1029 2737 1108 2798 είς
1155 2736 1215 2789 τὸ
1261 2737 1447 2789 λεῖπον
1481 2736 1859 2807 ἀναλάϐωμεν,

284 2825 413 2879 ὃταν
435 2825 625 2877 ἐκεῖνα
661 2822 801 2895 λήθῃ
828 2825 1177 2896 παραδῶμεν.
1194 2827 1678 2898 Ἐπεκτεινόμενοι,
1707 2824 1862 2896 φησὶ,

288 2914 418 2985 πρὶν
467 2915 503 2985 ἦ
555 2914 977 2984 παραγενέσθαι,
1016 2914 1199 2971 λαϐεῖν
1251 2918 1637 2989 σπουδάζομεν.
1653 2918 1712 2971 '0
1757 2916 1865 2988 γὰρ

290 3003 740 3075 ιπεκτεινόμενος
767 2998 920 3068 οὗτός
952 3007 1119 3070 ἐστιν,
1140 3009 1169 3060 6
1199 3008 1324 3071 106;
1358 3007 1522 3071 πόδας
1550 3007 1727 3061 καίτοι
1746 3007 1865 3080 τρέ-

289 3113 485 3168 χοντας
511 3094 593 3165 τῷ
619 3095 790 3166 λοιπῷ
824 3096 1035 3167 σώματι
1062 3097 1352 3169 προλαϐεῖν
1403 3098 1738 3164 σπουδάζων,
1772 3099 1869 3151 έπ-

293 3187 551 3241 εκτείνων
600 3185 788 3240 ἑαυτὸν
837 3187 918 3250 είς
961 3186 1022 3239 τὸ
1071 3186 1400 3258 ἔμπροσθεν,
1432 3188 1656 3251 καὶτὰς
1684 3190 1869 3260 χεῖρας

294 3277 575 3340 ἐκτείνων.
609 3278 699 3331 ἴνα
743 3277 839 3331 καί⁵
883 3277 976 3333 τοῦ
1022 3277 1222 3349 δρόμου
1273 3278 1435 3332 πλέον
1463 3297 1515 3333 τι
1546 3280 1865 3351 ἐργάσηται.

293 3367 463 3423 Τοῦτο
494 3368 554 3422 δὲ
593 3368 701 3423 ἀπὸ
730 3369 930 3439 πολλῆς
959 3369 1264 3440 προθυμίας
1287 3371 1513 3440 γίνεται,
1541 3372 1649 3426 ἀπὸ
1671 3371 1871 3443 πολλῆς

296 3460 653 3533 θερμότητος.
690 3459 846 3515 Οὕτω
892 3460 974 3514 δεῖ
1017 3461 1232 3531 τρέχειν
1276 3461 1369 3515 τὸν
1415 3463 1705 3533 τρέχοντα,
1734 3460 1873 3531 μετά

293 3552 570 3622 τοσαύτης
619 3552 873 3624 σπουδῆς,
906 3552 1044 3623 μετά
1090 3552 1357 3624 τοσαύτης
1408 3554 1730 3624 προθυμίας,
1774 3553 1875 3607 οὐκ

296 3644 927 3700 ἀναπεπτωκότα.”οσον
956 3643 1012 3698 δὶ
1042 3644 1136 3699 τοῦ
1175 3643 1317 3699 οὕτω
1343 3644 1627 3717 τρέχοντος
1654 3647 1747 3700 καὶ
1777 3644 1872 3699 τοῦ

296 3734 494 3789 ὕπτίου
520 3733 773 3805 κειμένου
796 3734 860 3787 τὸ
885 3732 1067 3805 μέσον,
1094 3733 1345 3789 τοσοῦτον
1367 3733 1520 3808 [292]
1544 3735 1640 3789 106
1662 3734 1873 3789 Παύλου

298 3826 395 3881 καὶ
442 3824 627 3896 ἡμῶν.
660 3823 803 3878 Καθ’
831 3823 1042 3894 ἡμέραν
1086 3822 1428 3894 ἀπέθνησκεν
1474 3825 1700 3889 ἐκεῖνος,
1742 3823 1878 3878 καθ’

300 3914 521 3988 ἡμέραν
546 3914 819 3985 εὐδοκίμει
838 3927 853 3942 ⁸
880 3915 982 3968 οὐκ
1005 3909 1076 3984 ἡν
1099 3915 1309 3985 καιρὸς,
1337 3914 1438 3968 οὐκ
1461 3909 1529 3985 ἦν
1560 3914 1773 3985 χρόνος,
1820 3914 1877 3967 ὲν

301 3999 349 4073 ᾧ
375 4006 480 4059 οὐκ
523 4003 721 4075 ηὔξετο
763 4003 909 4075 αὐτῷ
940 4006 970 4057 6
996 4004 1194 4076 δρόμος
1216 4020 1231 4037 ·
1263 4006 1323 4058 06
1367 4004 1550 4059 λαϐεῖν
1595 4004 1876 4075 ἠθέλησεν,

305 4097 421 4152 ἀλλ’
456 4097 700 4169 ἁρπάσαι
741 4096 801 4150 τὸ
849 4095 1129 4168 βραϐεῖον·
1180 4096 1322 4151 οὕτω
1367 4097 1473 4171 7&9
1524 4096 1639 4152 ἔστι
1677 4097 1875 4152 λαϐεῖν.

310 4189 462 4243 ’Δνω
505 4190 536 4242 6
581 4187 641 4241 τὸ
687 4186 938 4259 βραϐεῖον
986 4188 1159 4253 διδοὺς
1190 4189 1440 4263 ἕστηκεν,
1472 4191 1583 4244 ἀνω
1611 4191 1786 4245 κεῖται
1820 4189 1879 4244 τὸ

311 4282 595 4354 βραϐεῖον.

386 4463 453 4534 β’,
478 4463 625 4532 Ὅρα
648 4439 813 4514 πόσον
840 4460 901 4512 τὸ
923 4459 1195 4530 διάστημα
1239 4459 1396 4512 τοῦτο
1417 4458 1749 4530 διαδραμεῖν,
1780 4460 1883 4531 δρα

315 4557 480 4611 πόσον
508 4554 573 4607 τὸ
603 4552 738 4621 ὕψος
754 4568 768 4581 ·
797 4552 914 4604 ἐκεῖ
931 4550 1012 4604 δεῖ
1038 4550 1369 4620 πετασθῆναι
1390 4553 1500 4614 τοῖς
1525 4549 1618 4603 τοῦ
1641 4549 1884 4621 πνεύμα-

315 4665 404 4711 τος
425 4645 648 4713 πτεροῖς
668 4660 681 4674 ·
705 4640 906 4712 ἑτέρως
920 4639 1029 4711 γάρ
1048 4640 1149 4694 οὐκ
1167 4639 1244 4693 ἔνι
1263 4640 1325 4693 τὸ
1350 4638 1481 4709 ὕψος
1500 4639 1656 4694 τοῦτο
1678 4644 1885 4712 τεμεῖν.

316 4736 468 4791 Μετά
515 4732 614 4786 τοῦ
664 4730 914 4800 σώματος
962 4731 1081 4783 ἐκεῖ
1126 4730 1207 4783 δεῖ
1249 4729 1491 4800 βαδίσαι·
1524 4730 1699 4796 ἔξεστι
1737 4732 1845 4804 γάρ
1870 4749 1885 4766 ι

327 4823 515 4892 Ὴμῶν
540 4822 650 4893 γὰρ
674 4820 742 4875 τό
766 4820 1114 4889 πολίτευμα,
1157 4820 1343 4892 φησὶν,
1376 4821 1445 4875 ἐν
1471 4822 1702 4891 οὐρανῷ
1720 4839 1735 4855 ·
1777 4827 1893 4878 ἐκεῖ

319 4913 376 4963 τὸ
405 4910 660 4983 βραϐεῖόν
704 4912 872 4963 ἐστιν.
888 4910 1053 4982 Ὁρᾷς
1094 4912 1221 4975 τοὺς
1262 4911 1555 4983 τρέχοντας
1599 4913 1715 4977 πῶς
1743 4915 1892 4985 νόμῳ

321 5000 490 5068 ζῶσι;
522 5001 642 5065 πῶς
667 5001 818 5055 οὐδὲν
857 5001 963 5056 τῶν
994 5001 1294 5057 ικλυόντων
1332 5003 1430 5073 τὴν
1459 5004 1608 5075 ίσχὺν
1641 5005 1894 5076 προσίεν-

324 5109 444 5162 ταις
488 5093 610 5159 πῶς
651 5090 1009 5163 ἀγωνίζονται
1037 5093 1159 5147 καθ’
1185 5094 1422 5165 ἑκάστην
1458 5095 1674 5168 ἡμέραν
1699 5098 1759 5151 ὲν
1791 5115 1897 5152 πα-

324 5182 558 5255 λαίστρα
578 5182 686 5237 ὑπὸ
712 5181 1031 5255 παιδοτρίϐῃ
1067 5183 1164 5238 καὶ
1190 5183 1374 5256 νόμως
1406 5186 1657 5258 Μίμησαι
1674 5186 1897 5252 τούτους

328 5277 421 5331 καλ⁵
445 5277 534 5338 σὺ,
571 5276 772 5348 μᾶλλον
795 5275 854 5330 δὲ
881 5277 977 5330 x01
1008 5275 1226 5330 πλείονα
1255 5278 1515 5345 ἐπίδειξαι
1542 5279 1851 5352 προθυμίαν
1877 5296 1893 5313 ·

327 5366 390 5420 06
416 5365 529 5436 7&9
566 5365 682 5418 ῐσον
707 5364 769 5419 τὸ
799 5363 1078 5437 βραϐεῖον·
1105 5365 1287 5419 πολλοὶ
1307 5367 1356 5419 οί
1380 5367 1681 5433 κωλύοντες
1699 5385 1713 5399 ·
1748 5370 1899 5440 νόμῳ

330 5455 487 5531 ζῆθι·
536 5456 709 5513 πολλά
752 5457 870 5511 ὶστι
916 5457 983 5510 τά
1032 5456 1292 5511 ἐκλύοντα
1320 5459 1418 5529 τὴν
1455 5458 1639 5529 ίσχύν·
1668 5460 1898 5532 εὐσκελῆ

331 5548 560 5621 ποίησον
588 5547 758 5620 αὐτὴν
780 5546 858 5619 τῷ
888 5546 1008 5600 ποδί
1031 5562 1045 5575 ·
1081 5546 1256 5603 ἔνεστι
1284 5549 1390 5621 γάρ
1412 5565 1427 5581 ·
1470 5550 1531 5603 οὐ
1557 5549 1664 5622 7&9
1688 5549 1899 5621 φύσεώς

333 5640 504 5706 ἐστιν,
539 5637 675 5696 ἀλλά
722 5636 1113 5715 προαιρέσεως.
1170 5638 1395 5711 Κούφην
1445 5640 1614 5714 αὐτὴν
1658 5641 1899 5713 ἐργασώ-

1130 263 1195 318 ΙΝ
1233 262 1448 320 εριετ.
1493 264 1583 318 AD
1620 256 1910 318 PIIILIPP.
1951 262 2103 319 CAP.
2145 263 2234 320 ΙΙΙ.
2275 260 2509 321 HOMIL.
2552 264 2669 320 XII.

3406 269 3516 327 272

1942 378 2099 449 μεθα,
2128 379 2214 433 ἴνα
2269 380 2344 450 μὴ
2390 382 2456 451 τῇ
2499 378 2806 449 ταχύτητικ
2838 377 2947 431 τῶν
2998 378 3173 433 ποδῶν
3223 380 3284 435 τὸ
3328 382 3519 439 λοιπὸν

1940 468 2100 538 ἄχθος
2125 470 2386 540 ἐμποδίζῃ
2409 485 2422 498 ·
2449 469 2658 533 δίδαξον
2685 463 2823 521 εἶναι
2848 469 2973 532 τοὺς
3003 468 3170 533 πόδας
3212 472 3472 540 ἀσφαλεῖς
3499 491 3515 507 ·

1941 555 2124 609 πολλοὶ
2150 556 2259 628 γάρ
2283 556 2333 608 οἱ
2360 555 2559 609 ὅλισθοι
2586 573 2600 588 ·
2631 556 2734 610 κᾶν
2753 557 3091 629 καταπέσῃς,
3115 558 3284 612 πολλὰ
3306 560 3518 613 ἀπώλε-

1943 662 2062 710 σας.
2088 646 2234 717 Πλὴν
2264 646 2369 701 κᾶν
2399 646 2736 718 καταπέσῃς,
2770 647 3115 719 διανάστηθι·
3145 649 3221 703 ἔνι
3255 650 3350 702 καὶ
3377 649 3521 704 οῦτω

1941 738 2178 810 νικῆσαι.
2204 740 2487 812 Μηδέποτε
2528 742 2641 803 τοῖς
2671 740 2975 812 ὀλισθηροῖς
3009 740 3274 814 ἐπιχείρει
3328 742 3513 813 πράγ-

1946 847 2099 900 μασι,
2151 830 2245 885 καὶ
2291 831 2352 884 06
2398 834 2719 902 καταπεσῇ·
2768 831 2859 884 ἐπὶ
2892 831 2960 884 τά
3007 830 3275 901 βεϐηκότα
3310 833 3471 902 τρέχε
3499 847 3514 862 ·

1943 918 2054 974 ἀνω
2081 918 2179 989 τὴν
2209 919 2470 990 κεφαλὴν,
2500 920 2613 974 ἀνω
2658 919 2716 973 τὸ
2738 921 2913 990 δμμα.
2942 919 3113 974 Τοῦτο
3146 921 3239 973 καὶ
3268 922 3380 983 τοῖς
3407 918 3520 990 τρέ-

1945 1026 2128 1080 χουσιν
2158 1011 2206 1063 οί
2236 1009 2587 1080 παιδοτρίϐαι
2619 1009 3114 1080 παρακελεύονται·
3158 1008 3300 1063 οὕτω
3330 1010 3519 1063 διαϐα-

1947 1098 2201 1163 στάζεται
2252 1099 2530 1170 ίσχύς.“Αν
2558 1100 2612 1153 δὲ
2641 1101 2791 1155 κάτω
2818 1099 3032 1172 νεύσῃς,
3075 1101 3406 1164 κατέπεσες,
3436 1100 3522 1166 ὲξ-

1946 1187 2318 1261 ελύθης.⁹Ανω
2355 1190 2555 1261 βλέπε,
2598 1191 2732 1245 ὅπου
2768 1190 2829 1243 τὸ
2868 1189 3117 1261 βραϐεῖόν
3165 1192 3336 1244 ἐστιν·
3382 1190 3520 1259 αὐτὴ

1945 1278 2040 1334 τοῦ
2073 1279 2330 1351 βραϐείου
2364 1282 2397 1351 ἡ
2434 1280 2556 1350 ὄψις
2592 1280 2814 1351 μείζονα
2850 1281 3119 1351 ποιεῖτὴν
3164 1279 3479 1350 προαίρεσιν
3503 1294 3517 1307 ·

1947 1370 2047 1424 οὐκ
2074 1371 2298 1441 ἀφίησιν
2324 1370 2608 1425 αἰσθέσθαι
2637 1371 2745 1424 τῶν
2775 1370 2953 1424 πόνων
2985 1373 3018 1442 ἡ
3052 1371 3151 1440 τῆς
3181 1370 3411 1439 θλίψεως
3433 1368 3523 1421 έλ-

1950 1460 2060 1526 πὶς,
2092 1461 2152 1513 τὸ
2202 1461 2376 1530 μῆκος
2429 1461 2626 1532 μικρὸν
2670 1463 2815 1514 ποιεῖ
2854 1460 3155 1531 φαίνεσθαι.
3188 1461 3254 1513 Τί
3301 1462 3417 1513 ἐστι
3464 1458 3525 1512 τὸ

1952 1549 2236 1621 βραϐεῖον;
2288 1551 2361 1602 06
2404 1550 2594 1614 κλάδος
2651 1552 2922 1617 φοίνικος,
2957 1549 3093 1603 ἀλλὰ
3138 1549 3224 1615 τί;
3274 1547 3529 1602 Βασιλεία

1951 1639 2215 1712 οὐρανῶν,
2257 1640 2565 1703 ἀνάπαυσις
2618 1641 2857 1704 αἰώνιος,
2906 1638 3032 1703 δόξα
3080 1643 3217 1709 μετά
3267 1639 3523 1709 Χριστοῦ.

1953 1730 2308 1802 κληρονομία,
2344 1731 2660 1801 ἀδελφότης,
2701 1730 2870 1801 μυρία
2900 1728 3095 1792 ἀγαθὰ,
3130 1728 3165 1781 δι
3201 1729 3300 1781 οὐκ
3333 1728 3410 1780 ἔνι
3453 1729 3529 1780 εί-

1955 1825 2095 1876 πεῖν.
2129 1822 2243 1875 Οὐκ
2280 1820 2360 1873 ἔνι
2389 1822 2597 1875 ἐκείνου
2627 1821 2721 1874 τοῦ
2753 1820 3006 1891 βραϐείου
3034 1820 3094 1872 τὸ
3124 1818 3317 1882 κάλλος
3340 1818 3526 1887 διηγήρ

1957 1910 2187 1965 σασθαι·
2225 1911 2253 1962 ὁ
2280 1910 2497 1980 κρατῶν
2546 1911 2677 1963 αὐτὸ
2729 1904 2835 1962 οἶδε
2889 1908 3070 1979 μόνος,
3101 1906 3193 1960 καὶ
3241 1908 3270 1959 6
3322 1905 3527 1976 μέλλων

1956 2002 2087 2056 0616
2114 2000 2434 2070 λαμϐάνειν.
2457 2001 2570 2054 Οὐκ
2598 2000 2713 2053 ἔστι
2740 1998 3107 2070 χρυσοῦν,ούκ
3128 1997 3244 2050 ἐστι
3270 1996 3522 2051 διάλιθον·

1958 2092 2136 2164 πολλῷ
2163 2093 2367 2146 τούτων
2395 2092 2738 2163 τιμιώτερον.
2756 2093 2812 2145 '0
2841 2089 3039 2162 χρυσὸς
3082 2090 3338 2160 βόρϐορος
3394 2089 3528 2159 πρὸς

1959 2186 2134 2239 έκεῖνο
2179 2185 2241 2238 τὸ
2277 2184 2529 2257 βραϐεῖόν
2559 2186 2705 2237 ἐστι·
2740 2183 2879 2236 λίθοι
2928 2181 3097 2252 τίμιοι
3149 2178 3364 2242 πλίνθος
3395 2178 3531 2247 πρὸς

1958 2275 2020 2327 τὸ
2045 2274 2239 2340 κάλλος
2271 2275 2481 2329 ἐκείνου
2512 2274 2605 2327 106
2637 2272 3018 2344 βραϐείου.”Αν
3059 2270 3232 2325 έκεῖνο
3260 2268 3397 2338 ἔχων
3424 2269 3530 2320 ἀπ-

1962 2366 2122 2437 έλθῃς
2162 2367 2241 2429 είς
2284 2364 2376 2419 τὸν
2407 2365 2656 2436 οὐρανὸν,
2692 2362 2827 2433 μετά
2857 2361 3058 2432 πολλῆς
3084 2360 3183 2430 τῆς
3226 2359 3391 2430 τιμῆς
3418 2359 3536 2411 ἐκεῖ

1965 2455 2199 2528 βαδίζειν
2227 2456 2451 2526 δυνήσῃ,
2483 2455 2578 2509 καὶ
2610 2454 2829 2524 ἄγγελοί
2859 2470 2919 2507 σε
2953 2452 3361 2522 αἱδεσθήσονται
3380 2449 3537 2503 τοῦτο

1965 2546 2198 2619 φέροντα
2239 2545 2301 2599 τὸ
2332 2545 2615 2617 βραϐεῖον·
2666 2547 2798 2598 πᾶσι
2837 2544 2971 2614 μετὰ
3020 2542 3332 2614 παρρησίας
3365 2556 3535 2611 προσ-

1966 2637 2160 2708 ελεύσῃ
2190 2635 2408 2706 πολλῆς.
2427 2635 2521 2687 Ἑν
2549 2634 2779 2703 Χριστῷ
2812 2633 3185 2703 Ἰησοῦ.⁹’ορα
3220 2630 3312 2684 τὸν
3340 2632 3540 2698 εὐγνώ-

1970 2745 2127 2801 μονα.
2145 2729 2233 2781 Ἑν
2264 2726 2482 2800 Χριστῷ
2513 2724 2685 2796 Ἰησοῦ
2727 2724 2885 2778 10610
2913 2723 3072 2787 ποιῶ,
3108 2722 3292 2792 φησίν.
3328 2721 3401 2774 θὺ
3432 2722 3540 2789 γάρ

1970 2820 2048 2874 ἔνι
2083 2820 2249 2891 χωρὶς
2282 2819 2379 2890 τῆς
2411 2817 2621 2872 ἐκείνου
2652 2816 2824 2889 ῥοπῆς
2855 2813 3108 2868 τοσοῦτον
3156 2812 3382 2866 διελθεῖν
3423 2811 3541 2864 διά-

1973 2928 2155 2983 στημα
2175 2928 2189 2943 ·
2219 2910 2421 2979 πολλῆς
2449 2911 2530 2963 δεῖ
2559 2910 2655 2979 τῆς
2683 2906 2952 2978 βοηθείας,
2983 2904 3178 2973 πολλῆς
3198 2904 3295 2973 τῆς
3326 2920 3387 2955 συ
3396 2919 3544 2972 μμα-

1972 3004 2116 3076 χίας.
2153 3005 2319 3060 Κάτω
2364 3004 2464 3074 μέν
2495 3020 2555 3056 σε
2600 3000 2961 3070 ἀγωνίζεσθαι
3011 2996 3298 3068 ἐϐουλήθη,
3331 2997 3442 3050 ἀνω
3485 2994 3543 3048 δὲ

1977 3099 2234 3167 στεφανοῖ
2253 3113 2266 3127 ·
2303 3097 2401 3168 οὐχ
2425 3096 2501 3160 ὡς
2545 3094 2802 3157 ἐνταῦθα,
2832 3092 2960 3147 ἔνθα
2983 3092 3011 3144 ὀ
3040 3090 3210 3160 ἀγὼν,
3250 3090 3366 3141 ἐκεῖ
3393 3086 3487 3141 καὶ
3516 3088 3545 3139 6

1976 3188 2257 3257 στέφανος,
2285 3187 2399 3241 ἀλλ’
2427 3189 2485 3242 ὲν
2514 3186 2590 3257 τῷ
2617 3184 2855 3256 λαμπρῷ
2891 3182 3076 3253 χωρίῳ
3102 3184 3130 3235 6
3161 3179 3419 3248 στέφανος
3451 3170 3544 3230 06-

1974 3297 2086 3343 10;.
2117 3281 2229 3350 Ούχ
2255 3281 2417 3350 δρᾶτε
2446 3277 2542 3331 καὶ
2571 3276 2828 3339 ἐνταῦθα,
2850 3276 2933 3328 δτι
2956 3274 3082 3337 τοὺς
3116 3272 3350 3343 μάλιστα
3376 3286 3548 3340 τιμω-

1979 3371 2171 3441 μένους
2198 3371 2292 3425 καὶ
2318 3369 2428 3424 τῶν
2455 3367 2703 3437 ἀθλητῶν
2749 3365 2843 3420 καὶ
2886 3365 3137 3437 ἡνιόχων,
3166 3363 3226 3416 06
3255 3360 3548 3429 στεφανοῦ-

1979 3478 2063 3515 σιν
2110 3459 2260 3534 [293]
2309 3461 2368 3513 ιν
2405 3459 2486 3531 τῷ
2528 3458 2728 3529 σταδίῳ
2755 3458 2926 3521 κάτω,
2952 3455 3067 3511 ἀλλ’
3097 3455 3209 3510 ἀνω
3256 3452 3490 3511 καλέσας
3521 3451 3551 3503 6

1980 3552 2232 3623 βασιλεὺς
2260 3554 2377 3605 ἐκεῖ
2405 3552 2690 3620 στεφανοῖς
2741 3547 2899 3602 οὕτω
2936 3546 3030 3599 x01
3059 3542 3312 3607 ἐνταῦθα,
3340 3544 3421 3604 είς
3459 3541 3550 3593 τὸν

1978 3643 2204 3716 οὐρανὸν
2253 3642 2553 3714 λαμϐάνεις
2578 3642 2640 3695 τὸ
2684 3637 3129 3711 βραϐεῖον.”οσοι
3166 3629 3283 3689 οὖν
3313 3631 3550 3693 τέλειοι,

1981 3737 2134 3807 φησὶ,
2156 3734 2332 3790 τοῦτο
2354 3733 2695 3804 φρονῶμεν·
2727 3730 2828 3784 καί
2855 3729 2912 3782 εἴ
2942 3744 2995 3781 τι
3026 3725 3236 3795 ἑτέρως
3259 3722 3551 3792 φρονεῖτε,

1982 3827 2082 3881 καὶ
2108 3825 2282 3881 τοῦτο
2320 3828 2353 3879 ὀ
2382 3824 2527 3890 Θεὸς
2560 3822 2704 3893 ὑμῖν
2737 3819 3137 3887 ἀποκαλύψει.
3170 3817 3327 3869 Ποῖον
3357 3813 3554 3879 10610;

1983 3917 2078 3981 Τὸ,
2105 3918 2187 3970 ὅτι
2234 3918 2318 3970 δεῖ
2363 3914 2472 3968 τῶν
2504 3912 2729 3968 δπισθεν
2774 3906 3259 3965 ἐπιλανθάνεσθαι·
3295 3905 3435 3958 ὥστε
3469 3920 3556 3957 τε⁶

1984 4007 2127 4061 λείου
2154 4007 2216 4060 τὸ
2246 4007 2321 4077 μὴ
2348 4006 2587 4076 νομίζειν
2608 4003 2797 4057 ἑαυτὸν
2824 4002 3028 4055 τέλειον
3053 3995 3212 4055 εἶναι.
3235 3996 3358 4059 Πῶς
3378 3995 3555 4049 τοίνυν

1991 4097 2368 4167 λέγεις,’⁸οσοι
2400 4096 2654 4162 τέλειοι;
2692 4095 2813 4149 εἰπὲ
2843 4094 2950 4162 γάρ
2988 4108 3097 4162 μοι,
3129 4089 3284 4142 τοῦτο
3330 4086 3556 4156 φρονοῦ-

1989 4207 2089 4262 μεν
2113 4189 2142 4243 ὸ
2172 4190 2236 4243 σὺ
2261 4189 2509 4260 φρονεῖς;
2539 4187 2599 4239 El
2636 4186 2746 4255 7&9
2773 4185 2847 4254 μὴ
2879 4182 3088 4246 ἔλαϐες,
3119 4180 3252 4250 μηδὲ
3285 4176 3559 4229 τετελείω-

1990 4298 2101 4343 σαι,
2134 4280 2250 4342 πῶς
2268 4280 2395 4342 τοὺς
2420 4277 2661 4339 τελείους
2683 4274 2842 4327 10610
2870 4270 3112 4333 κελεύεις
3144 4270 3380 4338 φρονεῖν,
3404 4266 3432 4317 6
3466 4266 3559 4319 καὶ

1988 4371 2150 4435 αὐτὸς
2178 4371 2395 4439 φρονεῖς
2440 4366 2650 4420 οὐδέπω
2694 4364 2898 4426 τέλειος
2943 4361 3051 4427 ὢν;
3083 4359 3252 4413 Τοῦτο
3283 4358 3392 4429 γάρ
3420 4359 3558 4421 ἐστι,

1991 4463 2145 4534 φησὶ,
2184 4459 2457 4528 τελειότης
2485 4475 2500 4525 ;
2533 4456 2641 4513 Καὶ
2687 4454 2743 4508 εἶ
2786 4471 2840 4507 τι
2877 4452 3090 4519 ἑτέρως
3121 4449 3427 4519 φρονεῖτε,
3462 4448 3559 4500 καὶ

1992 4552 2166 4608 τοῦτο
2190 4554 2223 4606 ό
2244 4549 2387 4617 Θεὸς
2410 4548 2551 4619 ὑμῖν
2568 4545 2967 4612 ἀποκαλύψει.
2986 4541 3296 4605 Τουτέστιν,
3321 4541 3382 4592 Εί
3398 4538 3454 4591 δέ
3479 4554 3565 4603 τις

1995 4644 2203 4717 νομίζει
2234 4643 2295 4697 τὸ
2322 4643 2430 4695 πᾶν
2462 4638 2902 4709 κατωρθωκέναι.
2921 4631 3303 4702 Ἀσφαλίζεται
3326 4630 3521 4693 αὐτούς
3542 4644 3560 4662 ·

1996 4738 2111 4793 ἀλλ’
2139 4739 2238 4791 οὐκ
2285 4730 2437 4788 εἶπεν
2481 4732 2675 4794 οὕτως,
2708 4728 2840 4783 ἀλλά
2887 4726 2978 4779 τί·
3015 4724 3125 4778 Καὶ
3168 4723 3224 4777 ετ
3266 4740 3320 4776 τι
3351 4720 3566 4788 ἑτέρως

1995 4828 2285 4901 φρονεῖτε,
2314 4826 2413 4881 καί
2460 4823 2636 4878 τοῦτο
2684 4824 2716 4875 ό
2771 4818 2915 4884 Θεὸς
2963 4816 3108 4887 ὑμῖν
3161 4814 3561 4879 ἀποκαλύψει.

2000 4924 2140 4994 Ὅρα
2165 4919 2281 4984 πῶς
2310 4914 2750 4985 συνεσταλμένως
2780 4910 2936 4964 τοῦτό
2965 4908 3225 4980 φησινσὉ
3249 4906 3383 4967 Θεὸς
3422 4904 3564 4972 ὑμᾶς

1997 5016 2216 5081 διδάξει·
2243 5011 2540 5075 τουτέστιν,
2582 5008 2640 5060 '0
2669 5005 2799 5068 Θεὸς
2828 5005 2972 5075 ὑμᾶς
2997 5000 3195 5065 πείσει,
3225 4997 3346 5067 06x1
3366 4994 3566 5057 διδάξει

2001 5107 2187 5171 ἁπλῶς
2207 5123 2222 5138 ·
2252 5104 2496 5159 ἐδίδασκε
2532 5100 2628 5171 μὲν
2661 5097 2772 5169 γὰρ
2803 5099 2832 5151 6
2873 5094 3101 5160 Παῦλος,
3127 5090 3243 5145 ἀλλ’
3271 5091 3300 5143 6
3330 5087 3461 5147 Θεὸς
3485 5087 3566 5139 ὲν-

1999 5201 2121 5271 ἧγε.
2143 5198 2253 5252 Καὶ
2277 5196 2379 5250 οὐκ
2407 5190 2583 5254 εἶπεν,
2598 5189 2832 5255 Ἐνάξει,
2857 5186 2993 5250 ἀλλ’,
3025 5178 3570 5271 Ἀποκαλύψειζῐνα

2002 5264 2126 5355 δόξῃ
2153 5281 2350 5353 μᾶλλον
2379 5276 2598 5348 ἀγνοίας
2627 5272 2764 5328 εἶναι
2795 5272 2855 5325 τὸ
2883 5271 3129 5341 πρᾶγμα.
3164 5268 3237 5320 06
3284 5265 3412 5336 περὶ
3448 5264 3571 5330 δογ-

2007 5376 2190 5446 μάτων
2232 5372 2405 5426 ταῦτα
2442 5371 2675 5443 εἴρηται,
2708 5366 2841 5420 ἀλλά
2893 5365 3019 5435 περὶ
3057 5362 3171 5432 βίου
3217 5358 3569 5428 τελειότητος,

2006 5467 2098 5519 καὶ
2135 5463 2230 5518 τοῦ
2268 5464 2342 5535 μὴ
2371 5464 2610 5533 νομίζειν
2642 5461 2871 5521 ἑαυτοὺς
2896 5457 3131 5518 τελείους
3158 5450 3314 5506 εἶναι.
3333 5453 3422 5515 Ὠς
3446 5452 3474 5504 ὃ
3506 5465 3572 5517 γε

2066 5583 2084 5607 ⁸
2104 5583 2185 5633 Sic
2200 5581 2421 5637 Coislin..
2450 5587 2504 5630 et
2536 5582 2601 5630 ita
2629 5576 2757 5641 ιοείι
2801 5562 3063 5638 ἰοιειῖῃιος,
3089 5581 3143 5624 ιιι
3187 5575 3347 5624 series
3388 5576 3561 5635 postu-

2013 5648 2113 5697 larc
2143 5644 2351 5695 videtur.
2389 5641 2538 5703 Editi,
2562 5648 2619 5705 τῇ
2646 5639 2886 5705 βᾶρύιητι.
