4014 6200
471 242 579 299 9.73

467 357 700 426 νομίζων
726 358 785 410 τὸ
823 361 926 413 πᾶν
967 362 1379 432 κατειληφέναι,
1409 366 1556 418 οὐδὲν
1583 366 1712 437 ἔχει.
1745 369 1919 437 Πλὴν
1944 372 2031 436 εἰς

466 447 498 500 ὃ
524 448 886 518 ἐφθάσαμεν,
920 451 999 517 τῷ
1039 454 1198 520 αὐτῷ
1239 457 1506 524 στοιχεῖν
1544 460 1772 526 κανόνι,
1798 462 1861 514 τὸ
1890 464 2034 516 αὐτὸ

464 540 727 606 φρονεῖν.
780 543 950 610 Πλὴν
993 547 1079 610 εἱς
1108 545 1139 598 ὃ
1170 547 1535 617 ἐφθάσαμεν,
1588 551 1640 601 τί
1692 552 1843 618 ἐστι;
1886 553 2035 617 Τέως

464 631 649 700 φησὶν,
670 632 697 683 ὃ
725 634 1187 705 κατωρθώσαμεν,
1219 639 1557 710 κατέχωμεν,
1581 642 1642 695 τὸ
1667 644 1764 713 τῆς
1791 645 2031 715 ἀγάπης,

462 720 522 772 τὸ
568 725 667 791 τῆς
711 726 981 793 ὁμονοίας,
1009 728 1071 780 τὸ
1105 729 1201 799 τῆς
1248 732 1505 801 εἰρήνης·
1555 733 1711 787 τοῦτο
1738 737 1867 804 ἡμῖν
1900 753 2033 789 κατ-

462 812 732 882 ώρθωται.
778 819 880 881 Εἰς
928 817 960 870 ὃ
1015 820 1381 890 ἐφθάσαμεν,
1432 823 1512 889 τῷ
1564 825 1725 890 αὐτῷ
1766 827 2032 896 στοιχεῖν

460 904 689 967 κανόνι,
722 907 784 958 τὸ
813 909 959 961 αὐτὸ
987 911 1250 977 φρονεῖν.
1280 916 1381 979 Εἰς
1406 914 1438 968 ὃ
1470 916 1815 985 ἐφθάσαμεν
1834 935 1847 949 ·
1879 936 2030 971 τουτ-

458 994 779 1058 έστι,Τοῦτο
808 999 938 1068 ἡμῖν
967 1001 1065 1071 ἤδη
1094 1003 1473 1073 κατώρθωται.
1492 1007 1654 1077 Ὀρᾷς
1680 1009 1762 1060 ὅτι
1791 1011 2026 1062 κανόναο

458 1085 705 1154 βούλεται
754 1086 892 1144 εῖναι
935 1092 1004 1146 τά
1052 1095 1518 1166 παραγγέλματα;
1578 1099 1636 1151 Ὀ
1683 1100 1860 1153 κανὼν
1905 1101 2026 1154 οὗτε

457 1179 767 1249 πρόσθεσιν,
803 1184 923 1239 οὕτε
956 1188 1247 1259 ἀφαίρεσιν
1296 1192 1530 1261 δέχεται,
1565 1194 1687 1247 ἐπεὶ
1736 1195 1796 1247 τὸ
1846 1196 2027 1249 κανὼν

452 1264 593 1323 εἶναι
641 1273 921 1332 ἀπόλλυσι.
963 1278 1047 1343 Τῷ
1076 1281 1236 1345 αὐτῷ
1264 1286 1503 1337 κανόνι·
1534 1285 1775 1338 τουτέστι
1801 1291 1864 1357 τῇ
1890 1289 2024 1358 αὐτῇ

458 1362 662 1427 πίστει,
694 1366 771 1436 τῷ
796 1368 943 1437 αύτῷ
970 1370 1098 1441 ὅρῳ.
1131 1375 1391 1441 Mummi
1409 1394 1528 1444 μου
1557 1378 1815 1445 γίνεσθε,
1848 1378 2024 1432 ἀδελ-

452 1453 575 1519 φοὶ,
602 1456 698 1508 καὶ
732 1460 1015 1515 σκοπεῖτε
1039 1463 1175 1530 τοὺς
1199 1465 1351 1518 οὕτω
1376 1469 1870 1535 περιπατοῦντας,
1890 1474 2026 1524 καθ·

451 1542 532 1608 ὼς
581 1544 751 1613 ἔχετε
800 1552 990 1604 τύπον
1038 1554 1213 1623 ἡμᾶς.
1259 1551 1424 1610 Εἶπεν
1458 1560 1732 1630 ἀνωτέρω,
1765 1561 2024 1616 Βλέπετε

453 1634 593 1700 τοὺς
638 1639 844 1705 κύνας,
879 1644 1162 1713 ἀπήγαγεν
1208 1648 1406 1712 αὐτοὺς
1454 1650 1707 1705 ἐκείνων·
1759 1655 2023 1723 προσάγει

450 1725 683 1792 τούτοις,
716 1730 808 1794 οὓς
846 1733 927 1785 δεῖ
952 1737 1272 1805 μιμεῖσθαι,
1307 1739 1509 1796 λοιπόν.
1544 1743 1610 1795 Εἰ
1634 1761 1718 1805 τις
1752 1745 1899 1813 ήμᾶς
1935 1763 2023 1814 μι-

452 1818 664 1885 μεῖσθαι
713 1822 981 1890 βούλεται,
1016 1829 1197 1897 φησὶν,
1234 1832 1397 1891 εἴτις
1439 1832 1539 1903 τήν
1577 1834 1746 1904 αὐτὴν
1786 1835 2022 1903 βαδίζειν

446 1907 584 1973 666v,
617 1912 844 1977 ἐκείνοις
892 1918 1220 1988 προσέχετε·
1269 1921 1315 1972 εἰ
1365 1923 1458 1974 καί¹
1500 1921 1611 1990 ἐγὼ
1661 1923 1734 1992 μὴ
1766 1926 2023 1994 πάρειμι,

448 1998 560 2051 ἀλλ’
592 2003 706 2054 ἴστε
752 2005 851 2074 τῆς
901 2008 1043 2077 ἐμῆς
1089 2009 1351 2078 βαδίσεως
1381 2013 1471 2064 τὸν
1499 2013 1719 2081 τρόπον,
1748 2016 2017 2082 τουτέστι,

444 2090 543 2159 τῆς
573 2092 915 2166 ἀναστροφῆς
949 2099 1041 2151 τοῦ
1073 2100 1210 2169 βίου.
1230 2103 1302 2154 Ού
1327 2104 1434 2173 γάρ
1461 2104 1549 2157 διά
1575 2106 1833 2176 ῥημάτων
1862 2108 2019 2177 μόνον

443 2181 737 2248 ἐδίδασκεν,
785 2187 921 2241 ἀλλά
963 2191 1057 2242 καὶ
1102 2190 1189 2244 διὰ
1234 2196 1609 2264 πραγμάτων·
1662 2198 1912 2269 καθάπερ
1960 2202 2017 2251 ἐν

443 2276 588 2346 χορῷ
622 2279 713 2331 καὶ
743 2283 1088 2353 στρατοπέδῳ
1115 2284 1207 2338 τὸν
1234 2288 1466 2357 χορηγὸν
1491 2290 1584 2343 καὶ
1614 2292 1918 2362 στρατηγὸν
1939 2292 2019 2344 δεῖ

445 2369 731 2437 μιμεῖσθαι
751 2374 875 2436 τοὺς
897 2374 1136 2441 λοιποὺς,
1165 2378 1258 2432 καὶ
1288 2379 1429 2432 οὕτω
1455 2380 1690 2450 βαδίζειν
1715 2384 2011 2448 εὐτάκτως·

441 2458 520 2511 ἔνι
554 2460 660 2531 γάρ
685 2465 776 2516 καὶ
801 2465 908 2519 ἀπὸ
935 2468 1176 2533 στάσεως
1204 2470 1523 2542 διαλυθῆναι
1547 2474 1722 2539 τάξιν.

508 2558 577 2617 γ’.
604 2554 743 2623 Ἀρα
780 2557 947 2621 τύπος
972 2554 1111 2629 ἦσαν
1141 2562 1190 2613 οἰ
1223 2563 1534 2631 ἀπόστολοι,
1557 2567 1860 2637 ἀρχέτυπόν
1888 2585 2010 2621 τινα

438 2644 622 2699 εἰκόνα
643 2646 1012 2729 διασώζοντες.
1047 2652 1365 2726 Ἐννοήσατε
1400 2657 1513 2719 πῶς
1530 2658 1709 2719 αὐτοῖς
1730 2660 1757 2711 6
1778 2658 1890 2727 βίος
1910 2660 2011 2710 ἀπ-

437 2738 813 2808 ηκριϐωμένος
826 2736 914 2811 ἦν,
929 2742 1004 2806 ὡς
1015 2745 1317 2814 ἀρχέτυπον
1339 2747 1535 2810 αὐτοὺς
1558 2748 1650 2800 καὶ
1668 2748 2012 2818 παράδειγμα

441 2826 588 2901 ί294]
619 2831 830 2883 κεῖσθαι
880 2833 974 2885 καὶ
1017 2835 1214 2903 νόμους
1264 2836 1563 2907 ἐμψύχους.
1609 2838 1785 2906 Ἀπερ
1809 2839 1917 2909 γὰρ
1942 2838 2010 2891 τά

437 2917 740 2989 γράμματα
786 2921 957 2990 ἔλεγε,
1009 2925 1178 2977 ταῦτα
1230 2926 1317 2979 διὰ
1340 2926 1447 2980 τῶν
1474 2929 1813 2998 πραγμάτων
1845 2931 2011 2983 πᾶσιν

439 3008 660 3079 ἐδήλουν
700 3006 863 3065 οὗτοι.
908 3012 1079 3065 Τοῦτό
1104 3016 1221 3068 ἐστι
1257 3016 1577 3072 διδασκαλία
1600 3019 1795 3090 ἀρίστη
1820 3036 1833 3050 ·
1868 3019 2010 3072 οὕτω

436 3100 528 3153 τὸν
576 3100 822 3171 μαθητὴν
868 3103 1080 3171 ἐνάγειν
1114 3107 1143 3158 6
1180 3106 1447 3161 διδάσκων
1479 3108 1783 3179 δυνήσεται.
1823 3112 1919 3163 Ἂν
1951 3112 2008 3163 δὲ

438 3191 600 3252 αὐτὸς
629 3192 728 3260 μέν
760 3192 892 3265 λέγῃ
913 3195 1003 3246 καὶ
1026 3195 1309 3267 φιλοσοφῇ,
1335 3201 1445 3261 τοῖς
1468 3199 1522 3251 δὲ
1545 3199 1724 3271 ἔργοις
1742 3201 2000 3254 τάναντία

440 3289 588 3355 ποιῇ,
628 3284 778 3338 οὔπω
810 3286 1144 3353 διδάσκαλος.
1206 3290 1374 3344 Τοῦτο
1413 3292 1521 3362 γάρ
1552 3294 1647 3346 καί¹
1681 3292 1758 3361 τῷ
1794 3295 2004 3363 μαθητῇ

441 3376 658 3445 κοῦφον,
690 3379 747 3429 ἐν
778 3376 959 3447 λόγοις
988 3381 1298 3451 φιλοσοφεῖν
1323 3399 1336 3412 ·
1366 3384 1501 3439 ἀλλά
1538 3384 1620 3438 δεῖ
1651 3385 1748 3455 τῆς
1773 3385 1861 3438 διά
1900 3386 2007 3438 τῶν

438 3466 617 3535 ἔργων
660 3468 940 3534 νουθεσίας
987 3473 1080 3524 καὶ
1126 3474 1224 3544 τῆς
1279 3475 1535 3546 ἀγωγῆς·
1580 3475 1716 3547 αὕτη
1765 3476 1872 3549 γὰρ
1916 3478 2008 3530 καὶ

438 3556 755 3612 διδάσκαλον
822 3562 1096 3632 αἰδέσιμον
1153 3568 1326 3629 ποιεῖ,
1386 3568 1479 3621 καὶ
1540 3568 1787 3640 μαθητὴν
1840 3569 2009 3622 εἴκειν

440 3650 867 3717 παρασκευάζει.
917 3653 1067 3720 Πῶς;
1109 3655 1277 3709 Ὅταν
1320 3657 1418 3726 μὲν
1464 3657 1573 3727 γὰρ
1613 3659 1696 3731 ῐδῃ
1733 3662 1791 3713 ἐν
1825 3660 2004 3728 λόγοις

439 3740 847 3809 φιλοσοφοῦντα,
895 3745 1039 3813 ἐρεῖ,
1081 3746 1162 3798 ὅτι
1207 3746 1443 3799 ἀδύνατα
1493 3749 1786 3812 ἐπέταξεν·
1830 3750 1912 3802 ὅτι
1950 3752 2008 3803 δέ

437 3829 694 3894 ἀδύνατα,
742 3832 956 3898 πρῶτος
982 3834 1143 3896 αὐτὸς
1182 3836 1450 3903 δείκνυσιν
1494 3839 1523 3890 6
1572 3837 1888 3902 διδάσκαλος
1932 3841 2006 3911 μὴ

439 3919 710 3988 πράττων.
739 3922 837 3973 Ἂν
861 3922 916 3973 δὲ
940 3924 1022 3996 ἴδῃ
1049 3923 1135 3975 διά
1158 3924 1266 3976 τῶν
1294 3926 1469 3996 ἔργων
1502 3927 1601 3998 τὴν
1626 3929 1827 3999 ἀρετὴν
1857 3946 2005 3981 τετε-

438 4006 756 4077 λειωμένην,
787 4007 887 4062 οὐκ
916 4008 981 4062 ἂν
1010 4010 1123 4079 ἔχοι
1146 4013 1314 4064 ταῦτα
1335 4012 1536 4081 λέγειν.
1574 4016 1721 4087 Πλὴν
1740 4016 1876 4069 ἀλλά
1904 4018 2007 4072 κᾶν

439 4095 776 4165 ἠμελημένος
818 4099 845 4150 ἑ
876 4094 970 4151 τοῦ
1009 4099 1324 4155 διδασκάλου
1357 4102 1472 4173 βίος
1500 4100 1563 4178 ᾖ,
1609 4108 1766 4174 ἡμεῖς
1796 4110 2006 4171 ἑαυτοῖς

350 4240 355 4241 ,
438 4189 790 4257 προσέχωμεν
815 4227 830 4251 ,
854 4189 947 4241 καὶ
976 4190 1262 4259 ἀκούωμεν
1295 4196 1389 4249 τοῦ
1424 4197 1703 4265 προφήτου
1735 4195 2002 4263 λέγοντος,

436 4278 517 4331 ὅτι
540 4279 817 4331 Ἔσονται
841 4279 1063 4345 πάντες
1104 4282 1371 4336 διδακτοί
1423 4285 1570 4337 Θεοῦ
1596 4302 1608 4314 ·
1649 4288 1763 4349 καὶ.
1804 4292 1885 4343 Οὐ
1918 4291 2004 4359 μὴ

436 4367 759 4430 διδάξωσιν
778 4369 1035 4437 ἕκαστος
1056 4374 1159 4425 τὸν
1179 4373 1439 4442 ἀδελφὸν
1470 4377 1677 4443 αὐτοῦ,
1702 4379 2003 4449 λέγοντες,

436 4457 628 4512 Γνῶθι
659 4459 764 4512 τὸν
784 4464 1022 4529 Κύριον,
1057 4462 1145 4516 ὅτι
1183 4464 1397 4531 πάντες
1428 4468 1746 4533 εἰδήσουσί
1781 4489 1851 4539 με
1887 4473 2006 4527 ἀπὸ

430 4549 645 4615 μικροῦ
693 4550 805 4617 ἕως
832 4552 1093 4620 μεγάλου
1142 4556 1360 4609 αὐτῶν.
1415 4559 1529 4612 Οὐκ
1572 4560 1716 4630 ἔχεις
1753 4564 2005 4635 ἐνάρετον

434 4638 785 4706 διδάσκαλον;
832 4643 947 4695 ἀλλ’
985 4643 1129 4714 ἔχεις
1188 4646 1280 4700 τὸν
1338 4648 1507 4713 ὅντως
1564 4651 1897 4719 διδάσκαλον,
1946 4658 2005 4712 ὃν

436 4728 531 4780 καὶ
604 4728 764 4797 μόνον
825 4731 1139 4787 διδάσκαλον
1190 4736 1295 4805 χρὴ
1357 4738 1576 4789 καλεῖν·
1641 4740 1736 4793 ἀπ’
1794 4743 2002 4797 ἐκείνου

440 4818 668 4887 μάθετε·
698 4822 904 4886 ἐκεῖνος
934 4823 1121 4894 ἔφησε,
1139 4827 1365 4881 Μάθετε
1385 4830 1486 4884 ἀπ’
1508 4831 1672 4899 ἐμοῦ,
1698 4833 1787 4885 ὅτι
1817 4835 2004 4902 πρᾶός

434 4911 568 4976 εἰμι.
596 4909 688 4980 Μὴ
725 4911 790 4980 δὴ
826 4913 1059 4983 πρόσεχε
1093 4915 1172 4985 τῷ
1193 4916 1517 4990 διδασκάλῳ,
1549 4921 1663 4974 ἀλλ’
1686 4922 1879 4993 ἐκείνῳ
1910 4926 2003 4979 καὶ

434 5002 546 5063 τοῖς
589 5000 796 5053 ἐκείνου
845 5002 1193 5074 μαθήμασιν·
1254 5009 1460 5063 ἐκεῖθεν
1505 5012 1634 5065 λάϐε
1676 5013 1768 5067 τὸν
1795 5015 2000 5070 τύπον·

436 5089 580 5159 ἔχεις
603 5090 788 5146 εἰκόνα
814 5093 1043 5165 ἀρίστην
1071 5112 1085 5126 ·
1118 5098 1254 5168 πρὸς
1268 5101 1481 5171 ἐκείνην
1502 5103 1762 5173 ρύθμισον
1786 5109 1998 5163 σαυτόν.

435 5183 642 5253 Μυρίαι
687 5185 827 5239 εἰσὶν
874 5190 931 5240 αἱ
973 5189 1177 5252 εἰκόνες
1220 5192 1279 5242 ἐν
1309 5196 1427 5256 ταῖς
1474 5196 1715 5265 Γραφαῖς
1753 5201 2000 5270 κείμεναι

440 5276 567 5343 βίων
619 5279 917 5350 ἐναρέτων·
958 5277 1087 5348 οἷον,
1119 5283 1214 5337 ἐάν
1243 5285 1422 5358 θέλῃς,
1458 5290 1575 5343 ἐλθὲ
1602 5293 1695 5345 καὶ
1726 5296 1861 5364 μετά
1910 5298 2002 5350 τὸν

435 5366 751 5423 διδάσκαλον
776 5374 833 5425 ἐν
864 5376 976 5437 τοῖς
1007 5376 1273 5448 μαθηταῖς
1298 5398 1308 5408 ·
1341 5381 1370 5432 6
1402 5381 1500 5451 μὲν
1529 5382 1594 5436 δι’
1617 5386 2001 5460 ἀκτημοσύνης

497 5583 526 5613 ⁸
551 5585 631 5635 Sic
652 5583 847 5637 Coislm.
879 5587 1005 5637 Edlu
1028 5594 1171 5653 maio,
1208 5597 1277 5644 ὅτι
1305 5600 1478 5647 κανόνι.

1146 246 1203 302 S.
1239 247 1524 304 JOANNIS
1556 250 2044 308 CHRYSOSTOMI
2084 254 2405 314 ARCHIEP.
2445 261 3000 320 CONSTANTINOP.

3602 273 3731 330 ετι

2141 372 2367 445 ἔλαμψε,
2395 376 2424 428 6
2455 376 2511 429 δὲ
2542 377 2628 432 διὰ
2657 379 2984 450 χρημάτων·
3015 373 3125 434 οἷον
3149 384 3178 436 6
3215 382 3399 447 Ἠλίας
3434 385 3498 437 δι’
3529 387 3724 458 ἀκτη-

2138 465 2393 534 μοσύνης,
2425 468 2454 520 6
2508 467 2755 539 Ἀϐραὰμ
2796 470 2882 522 διὰ
2935 472 3234 542 χρημάτων
3258 491 3272 505 ·
3306 475 3424 527 οἵαν
3462 477 3722 547 νομίζεις

2135 557 2465 625 κουφοτέραν
2522 558 2616 611 καὶ
2683 559 3219 631 εύεπιτηδειοτέραν,
3285 563 3490 633 ταύτην
3561 565 3723 618 ἐλθέ.

2134 647 2300 699 Πάλιν
2339 649 2368 701 6
2426 649 2525 719 μὲν
2573 648 2661 703 διά
2704 652 2907 721 γάμου,
2964 652 2992 704 6
3038 652 3095 704 δὲ
3151 653 3241 706 διὰ
3297 655 3592 723 παρθενίας
3626 674 3644 687 ·
3691 660 3729 709 ὁ

2144 733 2393 803 ’Δϐραάμ
2434 734 2522 787 διά
2571 736 2784 804 γάμου,
2851 738 3058 801 ἐκεῖνος
3113 738 3201 791 διά
3255 739 3588 810 παρθενίας·
3646 741 3728 811 ἣν

2131 818 2331 885 θέλεις,
2404 820 2618 890 βάδισον
2649 838 2664 853 ·
2731 822 2967 892 ἐκατέρα
3045 823 3152 893 γάρ
3207 824 3364 893 φέρει
3422 825 3560 894 πρὸς
3611 826 3726 877 τὸν

2128 910 2373 977 οὐρανόν.
2414 911 2471 963 '0
2502 911 2599 980 μὲν
2626 910 2716 963 διὰ
2740 910 3013 980 νηστείας,
3036 914 3063 964 6
3096 911 3366 981 Ἰωάννης,
3389 916 3417 965 6
3445 913 3501 965 δὲ
3532 913 3725 983 χωρὶς

2128 1001 2410 1069 νηστειῶν,
2446 1004 2475 1055 6
2519 1000 2661 1058 Ἰὼϐ.
2700 1002 2867 1056 Πάλιν
2931 1002 3089 1064 αὐτὸς
3124 998 3276 1066 οὗτος
3312 1005 3403 1056 καὶ
3448 1006 3721 1072 γυναικὸς

2127 1089 2424 1160 φροντίζων
2458 1089 2552 1143 καὶ
2572 1090 2777 1143 παίδων
2797 1090 2891 1143 καὶ
2917 1089 3229 1160 θυγατέρων
3253 1091 3347 1143 καὶ
3374 1091 3572 1155 οἰκίας,
3603 1092 3719 1144 καὶ

2128 1182 2292 1233 πολὺν
2339 1180 2477 1251 ἔχων
2501 1181 2759 1235 πλοῦτον·
2807 1183 2835 1233 6
2864 1181 3022 1243 ἀλλος
3055 1182 3209 1235 οὐδὲν
3241 1183 3522 1250 ἐκέκτητο,
3555 1183 3716 1251 πλὴν

2125 1270 2217 1323 τοῦ
2271 1272 2489 1341 ἱματίου
2533 1272 2627 1324 τοῦ
2672 1272 2932 1341 τριχίνου.
2978 1271 3088 1324 Καὶ
3129 1272 3181 1323 τί
3210 1273 3357 1339 λέγω
3399 1273 3572 1326 οἰκίαν
3596 1274 3713 1326 καὶ

2126 1361 2351 1414 πλοῦτον
2381 1363 2475 1414 καὶ
2504 1363 2783 1433 χρήματα.
2814 1363 2947 1415 ὅπου
2974 1379 3039 1429 γε
3067 1361 3162 1415 καὶ
3207 1363 3267 1414 ἐν
3298 1361 3542 1433 βασιλείᾳ
3566 1364 3714 1416 ὄντα

2124 1448 2345 1501 δυνατὸν
2375 1449 2474 1518 τῆς
2510 1450 2708 1519 ἀρετῆς
2738 1447 3124 1513 ἐπιλαϐέσθαι;
3156 1448 3345 1517 Πάσης
3379 1449 3488 1518 γάρ
3517 1448 3711 1513 οἰκίας

2128 1541 2402 1610 ἰδιωτικῆς
2431 1542 2497 1595 ἂν
2521 1541 2770 1612 εὑρεθείη
2792 1540 3404 1617 πολυπραγμονέστερος
3432 1542 3461 1592 6
3486 1536 3634 1604 οἶκος
3674 1544 3711 1595 ό

2127 1629 2419 1699 βασιλικός.
2469 1631 2527 1683 '0
2555 1631 2731 1683 τοίνυν
2754 1628 2917 1682 Δαυῖδ
2950 1627 3189 1698 ἔλαμψεν
3216 1629 3274 1679 ἐν
3301 1629 3565 1699 βασιλεία,
3596 1632 3711 1683 καὶ

2123 1720 2273 1774 οὐδὲν
2304 1719 2466 1774 αὑτὸν
2498 1720 2743 1783 ἐξέλυσεν
2764 1720 2797 1788 ἡ
2820 1717 3074 1788 ἁλουργὶς
3097 1717 3273 1770 καὶτὸ
3299 1717 3531 1787 διάδημα
3548 1736 3564 1749 ·
3595 1719 3709 1771 ἀλ-

2122 1809 2207 1873 λος
2236 1798 2528 1880 δλοκλήρου
2550 1810 2721 1880 δήμου
2753 1808 3087 1879 προστασίαν
3109 1808 3632 1878 ἐμπεπιστευμένος,
3668 1818 3706 1867 ὁ

2119 1900 2358 1970 Μωῦσῆς
2381 1888 2543 1966 λέγω,
2561 1898 2701 1969 ὅπερ,
2723 1898 2816 1950 καὶ
2836 1896 3234 1967 δυσκολώτερον
3255 1897 3529 1966 τυγχάνει.
3571 1898 3704 1950 Ἐν-

2106 1988 2293 2042 ταῦθα
2332 1989 2441 2058 γὰρ
2484 1986 2684 2056 μείζων
2721 1988 2754 2055 ἠ
2776 1985 2992 2052 ἐξουσία
3019 1981 3108 2056 ἦν,
3140 1984 3262 2038 ὅθεν
3302 1986 3396 2038 καὶ
3423 1985 3624 2038 πλείων
3659 1989 3698 2056 ἠ

2116 2079 2369 2133 δυσκολία
2406 2065 2633 2148 ἐγίνεεῖο.
2669 2072 2820 2139 Εἶδες
2863 2078 2921 2129 ἐν
2973 2077 3189 2145 πλούτῳ
3230 2075 3696 2146 εὐδοκιμηκότας.

2116 2166 2251 2233 εἶδες
2276 2170 2367 2223 καί
2399 2171 2456 2222 ἐν
2490 2166 2649 2238 πενίᾳ
2668 2205 2682 2229 ,
2713 2162 2851 2229 εἶδες
2883 2168 2940 2218 ἐν
2979 2167 3160 2238 γάμῳ,
3184 2164 3321 2229 εἶδες
3350 2169 3442 2219 καί
3463 2169 3519 2219 ἐν
3549 2185 3701 2237 παρα

2114 2260 2267 2332 θενίᾳ
2284 2276 2298 2291 ·
2327 2261 2423 2313 θέα
2443 2257 2751 2312 τούναντίον
2775 2256 2939 2310 πάλιν
2963 2257 3056 2310 καὶ
3076 2259 3133 2310 ἐν
3159 2258 3321 2327 γάμῳ
3350 2258 3445 2309 καί
3463 2258 3519 2308 ἐν
3551 2273 3700 2324 1:219-

2114 2351 2264 2420 θενίᾳ
2285 2351 2647 2413 ἀπολωλότας,
2679 2349 2771 2401 καὶ
2798 2349 2855 2400 ἐν
2883 2348 3095 2417 πλούτῳ
3126 2349 3220 2400 καὶ
3260 2349 3318 2402 ἐν
3346 2347 3536 2418 πενίᾳ·
3574 2343 3695 2399 οἷον

2112 2439 2169 2491 ἐν
2216 2440 2378 2508 γάμῳ
2418 2438 2517 2508 μὲν
2554 2437 2738 2491 πολλοὶ
2769 2437 2877 2488 τῶν
2906 2436 3207 2507 ἀνθρώπων
3228 2437 3527 2500 ἀπώλοντο,
3569 2430 3691 2488 οἷον

2113 2525 2349 2595 Σαμψὼν
2368 2565 2383 2590 ,
2419 2527 2532 2580 ἀλλ’
2560 2527 2660 2578 οὐκ
2682 2524 2790 2577 ἀπὸ
2812 2522 2903 2577 τοῦ
2927 2525 3127 2591 γάμου,
3155 2524 3267 2577 ἀλλ’
3299 2524 3407 2576 ἀπὸ
3425 2524 3521 2593 τῆς
3548 2524 3694 2586 ἰδίας

2112 2614 2263 2687 [295]
2305 2615 2671 2685 προαιρέσεως
2698 2630 2711 2644 ·
2744 2615 2802 2665 ἐν
2852 2612 3118 2683 παρθενίᾳ
3157 2614 3235 2676 δὲ,
3276 2608 3389 2665 οἷον
3424 2614 3481 2665 αἰ
3520 2612 3693 2664 πέντε

2110 2704 2399 2775 παρθένοι·
2447 2706 2505 2758 ἐν
2564 2704 2798 2774 πλούτῳ,
2855 2706 2883 2757 6
2936 2704 3189 2767 πλούσιος
3238 2706 3266 2757 ὁ
3302 2703 3390 2756 τὸν
3435 2702 3693 2771 Λάζαρον

2110 2794 2395 2866 περιορῶν·
2411 2797 2468 2849 ἐν
2485 2794 2641 2866 πενία
2655 2796 2836 2865 μυρίοι
2854 2794 2932 2846 ἔτι
2953 2793 3048 2846 καὶ
3065 2793 3158 2846 νῦν
3176 2794 3404 2861 πένητες
3424 2790 3692 2845 ἀπόλλυν-

2106 2905 2216 2941 ται.
2263 2888 2350 2940 Ἐν
2385 2886 2629 2957 βασιλείᾳ
2670 2886 2916 2957 δείκνυμι
2949 2885 3175 2947 πολλοὺς
3213 2884 3573 2947 ἀπολωλότας,
3625 2881 3691 2934 ἐν

2106 2977 2451 3047 δημαγωγία.
2501 2977 2685 3040 Θέλεις
2710 2977 2880 3030 δὲκαὶ
2911 2978 2967 3029 ἐν
2988 2979 3344 3046 στρατιωτικῇ
3373 2975 3523 3039 τάξει
3554 2973 3686 3027 ἰδεῖν

2109 3066 2475 3135 σωζομένους
2529 3066 2631 3136 δρα
2674 3066 2766 3119 τὸν
2797 3054 3091 3136 Κορνήλιον
3117 3082 3132 3098 ·
3159 3066 3251 3117 καὶ
3288 3065 3345 3117 ἐν
3378 3065 3689 3136 προστασία

2105 3155 2311 3220 οἰκίας;
2343 3155 2507 3227 βλέπε
2547 3157 2638 3209 τὸν
2680 3156 2934 3226 εὐνοῦχον
2963 3156 3065 3224 τῆς
3107 3154 3482 3225 Αἰθιοπίσσης.
3522 3153 3685 3206 Οὖτω

2106 3246 2369 3299 πάντοθεν
2422 3246 2516 3299 ἐάν
2557 3248 2637 3309 εἰς
2665 3246 2783 3299 δέον
2821 3245 2900 3315 τῷ
2948 3245 3162 3313 πλούτῳ
3211 3243 3489 3315 χρώμεθα,
3527 3242 3687 3295 οὐδὲν

2106 3337 2252 3405 ήμᾶς
2279 3336 2469 3389 ἀπολεῖ
2491 3352 2503 3366 ·
2536 3335 2632 3389 ἐὰν
2654 3335 2710 3388 δέ
2751 3336 2848 3406 μὴ,
2895 3335 3109 3389 ἅπαντα
3148 3334 3361 3398 ἀπολεῖ,
3411 3335 3504 3385 καὶ
3528 3332 3687 3402 βασι-

2104 3426 2241 3489 λεία,
2289 3426 2382 3478 καὶ
2414 3426 2590 3490 πενία,
2634 3424 2729 3479 καὶ
2758 3424 3006 3487 πλοῦτος.
3061 3425 3164 3478 Τὸν
3216 3425 3397 3494 μέντοι
3442 3426 3685 3494 νήφοντα

2103 3519 2254 3571 οὐδὲν
2286 3517 2484 3588 βλάψαι
2516 3518 2823 3588 δυνήσεται.
2877 3517 3013 3571 Είπέ
3040 3517 3148 3587 γάρ
3188 3534 3298 3587 μοι,
3331 3516 3685 3585 αἰχμαλωσία

2103 3610 2153 3662 τί
2184 3608 2450 3677 ἔϐλαψεν;
2482 3608 2681 3662 Οὐδέν·
2714 3608 3005 3678 ἐννόειγάρ
3033 3624 3121 3677 μοι
3148 3607 3236 3659 τὸν
3278 3607 3476 3677 Ἰωσὴφ
3496 3605 3685 3658 δοῦλον

2102 3702 2412 3769 γενόμενον,
2443 3680 2538 3753 καὶ
2577 3700 2675 3769 τὴν
2718 3700 2920 3771 ἀρετὴν
2967 3698 3296 3763 διασώζοντα
3320 3715 3333 3728 ·
3386 3697 3554 3750 ἐννόει
3589 3715 3677 3766 μοι

2103 3792 2191 3844 τὸν
2220 3790 2437 3861 Δανιὴλ,
2470 3790 2712 3853 καὶτοὺς
2736 3792 2884 3859 τρεῖς
2916 3790 3107 3852 παῖδας
3126 3787 3499 3859 αἰχμαλώτους
3522 3804 3679 3855 γενο-

2107 3881 2319 3949 μένους,
2358 3882 2450 3934 καὶ
2494 3879 2608 3943 πῶς
2640 3879 2818 3949 πολλῷ
2851 3878 3048 3948 μᾶλλον
3076 3878 3344 3948 ἔλαμψαν.
3395 3877 3679 3947 Πανταχοῦ

2104 3969 2210 4039 γάρ
2243 3970 2274 4038 ή
2308 3968 2478 4039 ἀρετὴ
2518 3968 2745 4041 λάμπει,
2797 3969 2889 4021 καὶ
2934 3966 3375 4035 ἀκαταγώνιστός
3415 3968 3551 4031 ἐστι,
3583 3968 3680 4019 καὶ

2103 4059 2253 4110 οὐδὲν
2276 4059 2477 4129 ταύτην
2502 4058 2788 4129 ἐμποδίσαι
2822 4058 3060 4113 δύναται.
3090 4058 3153 4109 Τί
3183 4058 3324 4131 λέγω
3362 4059 3550 4111 πενίαν
3585 4060 3681 4112 καὶ

2104 4149 2481 4219 αἰχμαλωσίαν
2509 4150 2601 4202 καὶ
2626 4149 2867 4202 δουλείαν
2890 4167 2905 4216 ;
2934 4150 3053 4204 οὺδέ
3075 4150 3250 4220 λιμὸς,
3282 4150 3402 4203 οὐδὲ
3424 4150 3678 4215 ἕλκωσις,

2104 4241 2225 4294 οὐδὲ
2277 4241 2429 4303 νόσος
2471 4240 2693 4294 δύναται
2750 4239 2983 4308 βλάψαι·
3038 4239 3279 4302 δουλείας
3346 4240 3452 4310 γάρ
3523 4240 3679 4302 νόσος

2104 4332 2502 4403 χαλεπώτερον.
2552 4330 2802 4392 Τοιοῦτος
2838 4326 2905 4399 ἦν
2938 4330 2966 4382 6
2995 4328 3262 4399 Λάζαρος,
3292 4328 3528 4390 τοιοῦτος
3557 4323 3627 4398 ἦν
3649 4331 3679 4381 ό

2117 4424 2258 4488 Ἰὼϐ,
2283 4424 2521 4486 τοιοῦτος
2541 4419 2609 4493 ἦν
2639 4423 2729 4477 καὶ
2757 4425 2785 4475 6
2813 4421 3072 4491 Τιμόθεος
3104 4422 3333 4483 πυκναῖς
3370 4420 3678 4483 ἀσθενείαις

2107 4518 2482 4586 συνεχόμενος.

2184 4606 2345 4676 Ὀρᾷς
2378 4606 2459 4658 ὅτι
2488 4606 2584 4675 τῆς
2604 4606 2802 4677 ἀρετῆς
2828 4604 3221 4669 ούδένδύναται
3259 4602 3675 4673 περιγενέσθαις

2101 4696 2161 4750 οὐ
2193 4696 2440 4759 πλοῦτος,
2470 4696 2531 4749 οὐ
2572 4697 2749 4761 πενία,
2772 4696 2872 4749 οὐκ
2900 4694 3063 4766 ἀρχὴ,
3103 4694 3163 4748 ού
3207 4694 3269 4746 τὸ
3297 4694 3579 4766 ἄρχεσθαι,
3610 4695 3675 4745 ού

2099 4787 2161 4839 τὸ
2210 4785 2318 4839 τῶν
2375 4786 2715 4857 πραγμάτων
2780 4785 3158 4857 προΐστασθαι,
3215 4787 3276 4838 ού
3345 4785 3520 4848 νόσος,
3572 4785 3674 4838 οὐκ

2101 4877 2305 4941 ἀδοξία,
2338 4878 2399 4929 ού
2432 4878 2491 4931 τὸ
2520 4878 2853 4950 ἀπερῤῖφθαι
2878 4896 2890 4909 ·
2944 4877 3081 4931 ἀλλά
3114 4877 3285 4932 ταῦτα
3317 4878 3492 4930 πάντα
3524 4877 3676 4930 κάτω

2102 4966 2195 5019 καὶ
2217 4967 2308 5019 ἐπὶ
2334 4967 2435 5036 γῆς
2466 4967 2685 5035 ἀφεῖσα,
2723 4966 2912 5035 φθάνει
2939 4967 3071 5038 πρὸς
3102 4967 3192 5020 τὸν
3221 4967 3450 5030 οὐρανόν
3471 4982 3484 4994 ·
3513 4965 3674 5036 μόνον

2100 5054 2239 5109 ἔστω
2269 5056 2490 5124 γενναία
2517 5056 2683 5126 ψυχὴ,
2708 5056 2801 5109 καὶ
2830 5056 2891 5110 τὸ
2912 5056 3119 5110 κωλύον
3144 5056 3295 5108 οὐδὲν
3324 5052 3464 5108 εἶναι
3486 5054 3678 5122 ἐνάρε-

2099 5164 2208 5201 τον.
2240 5148 2408 5201 Ὅταν
2437 5147 2544 5218 γὰρ
2577 5148 2605 5199 ὁ
2636 5148 2874 5217 ἐργάτης
2891 5146 3149 5219 ἔρρωται,
3172 5146 3324 5201 οὐδὲν
3348 5147 3454 5199 τῶν
3477 5145 3678 5210 ἔξωθεν

2100 5237 2397 5307 ἐμποδίζει.
2455 5239 2565 5291 Καὶ
2604 5238 2716 5308 γὰρ
2759 5238 2852 5292 καὶ
2887 5239 2980 5292 ἐπὶ
3020 5237 3129 5291 τῶν
3170 5237 3408 5308 τεχνῶν,
3465 5236 3593 5288 ὅταν
3647 5236 3677 5287 6

2099 5329 2347 5397 τεχνίτης
2374 5328 2637 5401 ἔμπειρος
2768 5330 2861 5382 καὶ
2892 5328 3216 5399 καρτερικὸς
3247 5329 3341 5381 καὶ
3366 5329 3546 5380 πᾶσαν
3575 5324 3674 5394 τὴν

2097 5418 2291 5487 τέχνην
2329 5418 2703 5487 ἐπιστάμενος.
2748 5417 2850 5471 κᾶν
2884 5418 3036 5481 νόσος
3058 5417 3289 5490 ἐπέλθῃ.
3342 5417 3453 5486 ἔχει
3478 5416 3671 5483 αὐτὴν,

2098 5508 2201 5562 κᾶν
2226 5509 2471 5579 πένηται,
2518 5508 2629 5577 ἔχει
2672 5509 2861 5581 αὐτὴν,
2895 5509 2997 5563 κᾶν
3040 5509 3135 5580 ἔχῃ
3183 5509 3242 5561 τὺ
3269 5508 3497 5577 ὄργανον
3531 5506 3672 5574 μετά

2100 5600 2305 5671 Χεῖρας,
2329 5600 2431 5654 κᾶν
2454 5599 2525 5671 μὴ
2545 5600 2659 5671 ἔχῃ.
2682 5601 2784 5655 κᾶν
2799 5599 3113 5674 ἐργάζηται,
3134 5600 3235 5653 κᾶν
3257 5600 3332 5671 μὴ
3350 5596 3668 5673 ἐργάζηται⁴
