4044 6202
298 256 414 317 973

288 374 477 443 tegula
504 387 523 425 :
544 369 675 423 idem
699 370 978 438 sapiamus.
1031 364 1384 421 Verumtamen
1404 367 1472 420 ad
1491 366 1626 435 quod
1654 363 1882 435 perveni-

293 479 430 524 mus,
458 460 589 529 quid
618 460 719 512 hoe
746 460 868 512 est?
900 458 1128 522 Interea,
1157 455 1508 526 inquit,quod
1542 457 1667 511 boni
1690 471 1881 511 conse-

292 550 449 621 quuti
470 566 679 616 sumus,
706 559 1007 613 teneamus,
1036 550 1317 604 caritatem
1341 590 1355 613 ,
1386 548 1749 614 concordiam,
1780 563 1877 618 pa-

291 659 414 698 cem
447 662 460 697 :
492 644 595 697 hoc
626 643 781 695 nobis
807 649 953 696 recte
980 641 1284 696 confectum
1315 649 1418 696 est.
1448 640 1528 694 Ad
1552 640 1687 709 quod
1713 655 1884 707 perve-

292 737 490 799 nimus,
518 736 573 787 in
603 734 778 788 eadem
809 749 1193 803 permaneamus
1218 732 1413 802 regula,
1438 731 1573 785 idem
1601 731 1878 799 sapiamus.

292 825 375 878 Ad
423 824 561 894 quod
601 824 957 892 pervenimus;
1005 822 1054 876 id
1097 831 1199 889 est,
1249 822 1349 875 hoc
1394 821 1547 876 nobis
1582 821 1692 890 jam
1740 829 1883 876 recte

288 918 602 971 confectum
642 924 745 970 est.
782 914 944 968 Vides
973 912 1194 968 Paulum
1242 912 1344 968 hoc
1391 913 1563 977 velle,
1613 921 1878 981 praecepta

289 1022 415 1061 esse
443 1007 725 1076 regulam?
753 1005 954 1076 Regula
993 1020 1166 1076 neque
1215 1003 1543 1058 additionem
1575 1019 1750 1074 neque
1780 1003 1874 1059 de—

293 1100 616 1153 tractionem
647 1099 832 1167 capit;
857 1098 1054 1167 alioqui
1081 1098 1192 1166 jam
1224 1113 1328 1151 non
1356 1106 1440 1152 est
1466 1097 1670 1165 regula.
1700 1094 1764 1149 In
1788 1112 1869 1149 ea-

291 1190 407 1242 dem
424 1190 642 1259 regula;
671 1189 722 1241 id
749 1199 852 1251 est,
880 1189 930 1241 in
958 1188 1146 1242 eadem
1178 1186 1299 1248 ﬁde,
1330 1188 1383 1240 in
1405 1186 1592 1241 eadem
1620 1185 1880 1240 constitu-

294 1282 463 1334 tione.
501 1283 589 1333 t7.
622 1279 915 1333 Imitatores
942 1279 1039 1332 ntei
1064 1288 1218 1333 estote
1244 1320 1259 1343 ,
1287 1277 1470 1345 fratres
1507 1292 1526 1330 :
1552 1286 1596 1330 et
1626 1277 1880 1329 observate

292 1388 395 1434 eos,
428 1374 520 1440 qui
548 1374 621 1424 ita
647 1372 930 1437 aurbulant,
961 1372 1090 1425 sicut
1125 1370 1317 1423 habetis
1356 1385 1446 1423 nos
1471 1370 1710 1440 formam.
1736 1368 1880 1421 Dixit

291 1464 570 1533 superius,
608 1462 781 1517 Videte
806 1478 979 1527 canes,
1006 1462 1104 1516 hos
1124 1461 1194 1515 ab
1219 1461 1325 1514 illis
1350 1459 1621 1515 abducens
1649 1478 1661 1512 :
1686 1474 1880 1528 propo-

290 1557 373 1610 nit
400 1569 547 1609 nunc
581 1570 699 1621 eos,
736 1555 825 1624 qui
852 1561 979 1609 sunt
1004 1551 1272 1607 imitandi.
1305 1552 1361 1606 Si
1386 1553 1527 1621 quis,
1558 1551 1749 1621 inquit,
1781 1565 1878 1604 nos

291 1645 498 1699 imitari
540 1645 694 1708 vult,
726 1644 771 1698 si
819 1646 938 1714 quis
980 1642 1225 1698 eamdem
1271 1643 1520 1697 insistere
1553 1642 1715 1708 viam,
1751 1640 1876 1694 huic

287 1752 520 1807 operam
549 1735 673 1790 date
704 1754 717 1789 :
747 1735 990 1805 quamvis
1017 1749 1119 1805 ego
1147 1749 1252 1788 non
1288 1733 1482 1797 adsim,
1507 1734 1677 1788 nostis
1699 1742 1875 1787 tamen

290 1830 550 1883 incessus
579 1829 684 1881 mei
724 1827 983 1882 rationem
1013 1836 1066 1881 et
1097 1825 1314 1881 modum
1349 1867 1364 1892 ,
1394 1825 1446 1880 id
1478 1834 1580 1891 est,
1614 1824 1875 1881 rationem

292 1920 430 1972 vita:
461 1928 519 1972 et
537 1933 758 1971 morum.
778 1916 891 1971 Non
911 1917 1056 1971 enim
1087 1916 1267 1971 verbis
1296 1916 1472 1970 solum
1502 1915 1754 1980 docebat,
1781 1914 1875 1968 sed

296 2010 469 2062 etiam
498 2007 648 2062 factis
690 2007 1182 2078 :quemadmodum
1217 2008 1269 2060 in
1316 2006 1485 2061 choro
1528 2014 1584 2060 et
1635 2006 1874 2060 exercitu

295 2100 589 2168 choragum
613 2110 663 2152 et
693 2098 883 2152 ducem
914 2098 1104 2171 reliqui
1134 2098 1408 2151 imitentur
1439 2105 1651 2166 oportet
1676 2137 1691 2161 ,
1721 2106 1775 2149 ιιι
1804 2097 1873 2150 ita

289 2192 544 2247 ordinate
579 2191 827 2247 incedant
858 2209 871 2244 :
904 2207 1022 2245 nam
1057 2191 1168 2245 fieri
1197 2198 1390 2260 potest,
1414 2198 1467 2243 ut
1496 2203 1560 2243 ex
1595 2189 1684 2243 illo
1714 2189 1873 2242 etiam

291 2290 438 2337 statu
463 2281 603 2335 ordo
630 2281 973 2335 dissolvatur.

378 2373 431 2426 5.
482 2370 709 2426 Doctor-is
744 2382 791 2426 et
840 2372 1077 2442 discipuli
1115 2372 1293 2441 ofﬁcia.
1338 2401 1410 2413 —-
1448 2372 1588 2443 Ergo
1638 2372 1861 2442 apostoli

289 2474 446 2517 erant
473 2462 644 2517 forma
684 2475 740 2518 et
770 2473 925 2534 typus
949 2504 964 2529 ,
995 2464 1227 2532 speciem
1256 2478 1372 2518 eam
1405 2465 1714 2527 retinentes,
1743 2481 1862 2533 qnze

286 2551 569 2621 archetypi
594 2561 647 2606 et
676 2551 916 2621 primarii
938 2551 1213 2621 cujusdam
1240 2553 1562 2621 exemplaris
1585 2551 1636 2605 in
1649 2561 1750 2605 star
1785 2569 1873 2606 es-

286 2655 394 2698 set.
422 2644 690 2713 Cogitate,
715 2658 872 2712 quam
900 2654 1151 2698 accurata
1181 2653 1326 2698 esset
1351 2643 1453 2697 illis
1480 2644 1601 2697 vita:
1626 2645 1782 2705 ratio,
1819 2654 1875 2698 ut

288 2734 392 2800 ipsi
423 2734 684 2802 propositi
727 2742 910 2788 essent
937 2774 951 2798 ,
994 2734 1143 2801 quasi
1174 2733 1494 2804 archetypos
1523 2743 1575 2788 et
1601 2734 1875 2803 exemplar

287 2833 348 2877 et
388 2824 538 2896 leges
567 2826 839 2880 animatas.
887 2827 1016 2891 Quas
1060 2826 1201 2879 enim
1233 2826 1400 2879 litera:
1441 2825 1724 2890 dicebant,
1760 2826 1873 2881 haec

295 2915 405 2984 ipsi
435 2915 589 2970 factis
617 2916 897 2986 perspicua
934 2916 1182 2971 omnibus
1212 2915 1492 2971 faciebant.
1522 2916 1648 2970 Haec
1673 2918 1871 2985 eptima

285 3015 377 3061 est
417 3005 648 3061 docendi
678 3008 819 3062 ratio
864 3024 876 3059 :
910 3007 982 3061 ita
1015 3005 1336 3074 discipulum
1370 3005 1644 3075 impellere
1687 3005 1876 3061 doctor

288 3098 514 3166 poterit.
559 3097 653 3152 Sin
682 3097 825 3152 dicat
857 3096 1069 3167 quidem
1102 3112 1165 3151 ac
1211 3096 1389 3150 verbis
1423 3096 1827 3167 philosophetur
1848 3140 1861 3163 ,

286 3188 449 3243 factis
462 3204 590 3243 vero
612 3189 877 3243 contraria
904 3196 1278 3258 repratsentet,
1299 3187 1533 3242 nondum
1556 3187 1747 3243 doctor
1767 3198 1870 3243 est.

288 3281 427 3335 Nam
474 3280 557 3336 vel
590 3280 855 3351 discipulo
906 3282 1006 3335 hoc
1050 3280 1207 3335 facile
1250 3291 1331 3335 est
1359 3321 1376 3346 ,
1415 3281 1590 3336 verbis
1637 3282 1872 3350 philoso-

289 3373 484 3440 phari;
517 3372 611 3427 sed
635 3373 721 3427 illa
749 3372 1047 3426 admonitio
1071 3380 1126 3426 et
1157 3372 1433 3442 persuasio
1461 3372 1683 3427 accedat
1713 3388 1875 3442 opor-

289 3474 388 3528 tet,
419 3480 540 3534 qua:
571 3479 666 3535 per
689 3478 854 3534 opera
885 3465 942 3518 ﬁt
968 3484 981 3518 :
1010 3480 1134 3518 nam
1165 3464 1277 3519 hmc
1305 3473 1359 3519 et
1384 3464 1589 3519 doctori
1623 3480 1877 3519 reveren~

286 3555 422 3607 tiam
471 3552 746 3618 conciliat,
788 3564 843 3608 et
890 3553 1154 3623 discipulo
1205 3554 1616 3623 propensionem
1664 3554 1728 3607 ad
1784 3570 1877 3622 pa-

284 3644 543 3699 rendum.
583 3644 908 3712 Quomodo?
951 3645 1250 3711 Quoniam,
1304 3645 1390 3700 ubi
1445 3646 1628 3699 verbis
1658 3644 1873 3713 quidem

283 3736 496 3790 viderit
534 3736 1006 3806 philosophantem
1034 3777 1049 3801 ,
1081 3752 1264 3791 secum
1295 3736 1459 3801 dicet,
1492 3735 1566 3790 Ea
1600 3751 1717 3804 quae
1759 3736 1874 3790 ﬁeri

287 3841 400 3881 non
440 3836 664 3895 possunt
688 3827 943 3896 magister
968 3828 1068 3882 iste
1102 3829 1354 3898 prazcepit
1377 3869 1391 3892 ,
1426 3827 1586 3897 idque
1619 3829 1731 3896 ipse
1762 3829 1873 3897 pri-

285 3932 415 3973 mus
454 3918 734 3982 ostendit,
782 3921 871 3988 qui
894 3934 957 3974 ea
989 3935 1093 3974 non
1143 3919 1289 3973 facit.
1322 3920 1413 3974 Sin
1445 3929 1624 3974 autem
1678 3920 1876 3974 viderit

285 4013 550 4066 virtutem
576 4010 725 4065 factis
745 4011 875 4082 ipsis
891 4026 1230 4081 expressam,
1254 4027 1359 4066 non
1389 4012 1604 4067 habebit
1619 4012 1873 4081 amplius,

286 4115 391 4155 cur
425 4102 530 4155 ista
578 4100 743 4155 dicat.
779 4100 1158 4156 Verumtamen
1185 4102 1347 4156 etiam
1396 4102 1440 4155 si
1481 4102 1717 4157 doctoris
1765 4104 1870 4157 vita

285 4191 564 4247 socordia:
582 4191 737 4260 plena
762 4192 853 4258 sit,
878 4191 1035 4247 nobis
1064 4182 1199 4263 ipsis
1222 4192 1584 4260 attendamus,
1608 4203 1661 4248 et
1684 4195 1871 4249 audia-

288 4297 420 4335 mus
454 4281 770 4350 prophetam
801 4281 1092 4346 dicentem,
1128 4282 1293 4337 Erunt
1318 4299 1490 4337 omnes
1520 4285 1757 4339 docibiles
1781 4284 1877 4340 Dei

289 4375 481 4441 (Joan.
504 4374 557 4428 6.
590 4374 682 4443 45)
709 4390 723 4438 ;
751 4382 826 4439 et,
861 4372 984 4428 Non
1009 4375 1199 4429 docebit
1227 4377 1363 4429 ultra
1383 4376 1458 4429 vir
1479 4377 1688 4444 fratrem
1703 4395 1873 4442 suum,

290 4466 469 4519 dicens
504 4463 800 4535 :Cognosee
839 4465 1151 4530 Dominum;
1196 4482 1367 4520 omnes
1410 4468 1542 4520 enim
1581 4477 1878 4539 cognoscent

298 4574 387 4611 me
409 4573 441 4610 a
470 4557 682 4610 minimo
718 4574 892 4611 eorum
928 4574 1086 4626 usque
1109 4558 1176 4610 ad
1204 4541 1482 4611 niaximum
1508 4557 1740 4630 (lerem.
1786 4560 1875 4612 52.

292 4652 413 4721 54).
443 4650 562 4705 Non
594 4650 757 4705 habes
784 4651 1055 4706 doctorem
1073 4652 1273 4705 virtute
1305 4651 1623 4720 prazditum?
1650 4650 1756 4706 Sed
1782 4650 1878 4705 ha-

294 4744 397 4798 bes
442 4757 569 4797 eum
600 4743 690 4812 qui
732 4757 857 4797 vere
913 4743 1099 4817 doctor
1144 4752 1263 4806 est,
1312 4758 1468 4811 quem
1498 4742 1657 4796 etiam
1707 4742 1877 4797 solum

295 4834 580 4889 doctorem
630 4834 897 4903 appellare
943 4842 1153 4904 oportet
1193 4852 1206 4888 :
1247 4834 1314 4888 ab
1359 4832 1453 4886 illo
1495 4833 1682 4887 discite
1725 4848 1738 4884 :
1792 4832 1882 4887 ille

298 4927 453 4990 dixit,
496 4923 691 4980 Discite
717 4943 749 4980 a
778 4942 855 4980 me
873 4966 889 4990 ,
919 4927 1038 4996 quia
1063 4942 1177 4979 sum
1204 4926 1338 4979 initis
1369 4924 1387 4995 (
1412 4923 1599 4977 Matth.
1642 4924 1731 4978 II.
1763 4922 1879 4993 9.9).

302 5018 420 5072 Non
447 5017 708 5073 observes
747 5017 1060 5087 magistrum
1094 5017 1251 5072 istum
1275 5058 1288 5081 ,
1319 5016 1412 5071 sed
1445 5017 1592 5069 illum
1639 5016 1883 5085 illiusque

306 5108 614 5175 disciplinas
656 5125 669 5162 :
710 5108 836 5163 inde
866 5120 1050 5180 typum
1086 5123 1218 5178 cape
1248 5126 1261 5161 :
1294 5108 1458 5162 habes
1487 5107 1715 5177 efﬁgiem
1746 5107 1885 5177 opti-

307 5213 489 5260 mam,
528 5197 594 5253 ad
635 5214 794 5268 quam
828 5200 1055 5267 teipsum
1086 5213 1395 5268 componas.
1439 5198 1717 5253 Sexcentas
1763 5205 1887 5252 sunt

305 5292 593 5360 proposita:
632 5292 685 5345 in
712 5291 1004 5361 Scripturis
1034 5291 1256 5345 vitarum
1284 5307 1403 5345 cum
1429 5291 1624 5345 virtute
1648 5296 1886 5345 actarum

307 5381 568 5451 imagines
598 5401 611 5436 :
639 5384 806 5447 velut,
838 5383 1053 5448 accede,
1090 5384 1133 5436 si
1158 5382 1305 5445 libet,
1338 5391 1459 5451 post
1485 5382 1794 5452 magistrum
1818 5381 1885 5436 ad

306 5472 602 5543 discipulos
627 5491 641 5528 :
671 5473 756 5528 hic
783 5474 997 5544 quidem
1016 5490 1081 5528 ex
1101 5480 1413 5543 paupertate
1447 5471 1613 5540 fulsit,
1642 5473 1732 5528 ille
1757 5487 1887 5528 vero

309 5578 371 5619 ex
422 5563 627 5618 divitiis
674 5582 688 5617 :
732 5566 961 5634 exempli
1004 5580 1188 5629 causa,
1239 5564 1384 5618 Elias
1434 5580 1497 5618 ex
1554 5574 1884 5633 paupertate,

312 5654 587 5711 Abraham
615 5669 681 5709 ex
709 5654 909 5709 divitiis
940 5673 953 5710 :
985 5667 1153 5709 utram
1196 5666 1348 5725 putas
1381 5655 1656 5719 leviorem,
1689 5652 1886 5721 tibique

1180 254 1246 309 IN
1285 252 1498 310 EPIST.
1532 252 1622 308 AD
1661 249 1947 307 PIIlLlPP.
1990 250 2145 309 CAP.
2190 253 2277 309 Ill.
2319 256 2546 312 IIOMIL.
2591 258 2708 314 XII.

3463 277 3568 332 274

1997 364 2276 434 aptiorem,
2308 368 2444 425 hanc
2468 380 2608 425 tene.
2637 373 2840 429 Rursus
2865 374 2952 429 hic
2972 378 3188 447 quidem
3210 396 3271 435 ex
3297 387 3566 442 matrimo-

1991 456 2102 523 nio,
2134 457 2225 512 ille
2257 475 2384 513 vero
2414 475 2481 515 ex
2508 462 2816 532 virginitate
2848 483 2860 519 :
2896 468 3159 522 Abraham
3190 486 3256 525 et
3287 477 3567 529 matrimo-

1989 546 2098 614 nio,
2134 548 2275 604 Elias
2302 566 2365 605 ex
2397 552 2698 622 virginitate
2732 574 2744 608 :
2781 567 2950 610 utram
2980 559 3110 614 libet
3153 562 3289 615 viam
3338 564 3521 620 insiste
3550 584 3565 619 :

1990 646 2213 708 utraque
2259 642 2401 695 enim
2450 643 2515 696 ad
2564 645 2753 699 caelum
2786 647 2953 701 ducit.
2997 650 3063 704 Et
3089 650 3325 707 Joannes
3351 656 3565 723 quidem

1989 742 2082 796 per
2101 728 2383 799 jejunium,
2408 732 2509 788 Job
2532 749 2662 789 vero
2683 736 2799 791 sine
2818 736 3057 807 jejuniis.
3087 741 3287 797 Rursus
3316 746 3402 799 hic
3431 748 3564 816 ipse,

1987 835 2106 875 cum
2139 822 2379 878 mulieris
2415 832 2469 879 et
2516 825 2748 881 ﬁliorum
2780 840 2834 882 et
2864 828 3093 886 ﬁliarum
3138 843 3191 888 et
3217 835 3408 892 domus
3438 854 3565 895 cura

1988 911 2084 978 ipsi
2137 915 2369 982 gerenda
2416 927 2577 983 esset,
2611 920 2901 991 multisque
2950 923 3246 981 abundaret
3299 930 3498 985 divitiis
3547 953 3561 988 :

1985 1000 2220 1058 Joannes
2248 1021 2375 1059 vero
2402 1006 2528 1059 nihil
2559 1009 2865 1076 possidebat
2886 1022 3081 1082 praeter
3099 1019 3470 1074 vestimentum
3497 1038 3559 1075 ex

1987 1091 2106 1159 pilis
2135 1093 2457 1150 confectum.
2511 1096 2576 1150 Et
2623 1098 2749 1167 quid
2778 1099 2900 1155 dico
2927 1102 3142 1158 domum
3188 1117 3242 1160 et
3270 1107 3481 1163 divitias
3510 1121 3562 1163 et

1984 1188 2235 1253 pecunias
2266 1229 2280 1251 ,
2314 1189 2527 1258 quando
2554 1190 2636 1244 vel
2670 1192 2713 1246 is
2738 1194 2826 1262 qui
2855 1209 3075 1265 regnum
3118 1196 3356 1265 obtinet,
3388 1209 3558 1268 potest

1986 1279 2231 1334 virtutem
2259 1283 2557 1352 consequi?
2584 1282 2738 1339 Omni
2788 1287 2931 1340 enim
2965 1288 3168 1357 privata
3201 1289 3361 1345 domo
3404 1292 3559 1360 longe

1985 1374 2295 1441 occupatior
2320 1376 2620 1443 reperietur
2646 1377 2791 1447 regia
2840 1396 2856 1430 :
2907 1388 3190 1449 tamenque
3222 1382 3388 1436 David
3420 1385 3561 1438 fulsLt

1985 1460 2036 1514 in
2073 1476 2274 1531 regno;
2326 1479 2499 1533 neque
2540 1465 2689 1520 illum
2731 1467 2976 1521 dissolvit
3016 1484 3268 1538 purpura,
3313 1482 3403 1525 aut
3448 1472 3561 1525 dia-

1983 1551 2134 1605 dema
2166 1571 2178 1606 :
2214 1553 2446 1624 itemque
2468 1555 2623 1619 alter,
2657 1557 2739 1611 cui
2773 1557 2964 1627 integri
2996 1561 3178 1628 populi
3205 1561 3559 1629 gubernacula

1981 1642 2264 1696 commissa
2293 1642 2523 1709 fuerant,
2560 1645 2769 1715 Moyses
2799 1687 2815 1711 ,
2846 1647 3060 1715 inquam
3092 1666 3107 1702 :
3139 1649 3279 1717 quod
3311 1664 3440 1704 sane
3461 1652 3561 1705 dif-

1982 1730 2173 1785 ﬁcilius
2200 1732 2360 1786 etiam
2383 1742 2498 1787 erat
2522 1752 2533 1786 :
2554 1732 2640 1788 hic
2668 1735 2809 1788 enim
2842 1734 2959 1803 plus
2989 1736 3218 1790 licentia:
3247 1747 3383 1804 erat,
3417 1740 3561 1794 ideo-

1983 1838 2087 1893 que
2117 1823 2233 1891 plus
2260 1823 2591 1878 difﬁcultatis
2621 1834 2674 1878 et
2711 1826 3101 1880 molestiarum.
3142 1826 3335 1880 Vidisti
3370 1829 3560 1895 proba-

1982 1919 2066 1966 tos
2114 1913 2165 1966 in
2209 1912 2428 1979 divitiis,
2470 1914 2646 1967 vidisti
2691 1923 2745 1968 et
2785 1914 2840 1968 in
2893 1924 3246 1985 paupertate;
3288 1917 3466 1972 vidisti
3505 1919 3556 1971 in

1982 2004 2337 2067 matrimonio,
2367 2005 2540 2059 vidisti
2566 2015 2619 2060 et
2642 2006 2694 2060 in
2722 2006 3043 2076 virginitate.
3069 2008 3267 2063 Contra
3288 2023 3416 2064 vero
3430 2024 3559 2064 con-

1979 2094 2177 2158 sidera,
2210 2106 2263 2149 et
2297 2096 2348 2149 in
2393 2097 2757 2162 matrimonio,
2813 2107 2868 2152 et
2920 2098 2973 2152 in
3020 2098 3347 2170 virginitate,
3397 2110 3449 2155 et
3503 2102 3555 2155 in

1978 2184 2176 2239 divitiis
2197 2226 2212 2252 ,
2246 2195 2299 2240 et
2328 2187 2379 2239 in
2411 2196 2721 2255 paupertate
2757 2203 2864 2241 non
2908 2186 3144 2243 defuisse
3183 2188 3270 2258 qui
3302 2191 3554 2258 perirent.

1977 2274 2110 2330 Nam
2133 2276 2186 2329 in
2214 2277 2554 2331 matrimonio
2575 2278 2791 2347 quidem
2815 2280 2967 2334 multi
2991 2279 3236 2336 homines
3263 2282 3551 2351 perierunt,

1978 2376 2038 2421 ut
2081 2367 2328 2432 Samson,
2360 2381 2463 2420 non
2512 2377 2686 2423 tamen
2715 2384 2778 2423 ex
2814 2370 2928 2439 ipso
2957 2373 3299 2427 matrimonio
3322 2415 3337 2439 ,
3369 2373 3462 2428 sed
3492 2391 3557 2429 ex

1977 2459 2156 2513 animo
2184 2460 2561 2528 voluntateqne
2587 2475 2702 2514 sua.
2735 2462 2790 2516 In
2814 2464 3118 2532 virginitate
3146 2466 3294 2533 item,
3317 2477 3374 2520 ut
3404 2467 3559 2537 quin.

1977 2565 2081 2619 que
2113 2550 2348 2619 virgines
2379 2567 2392 2602 :
2425 2551 2476 2603 in
2504 2550 2726 2617 divitiis,
2758 2551 2908 2607 dives
2938 2553 3028 2608 ille
3057 2555 3147 2623 qui
3177 2554 3437 2609 Lazarum
3464 2556 3559 2611 de-

1979 2641 2236 2709 Spiciebat
2269 2660 2281 2694 :
2320 2642 2371 2695 in
2402 2650 2734 2711 paupertate,
2764 2656 2907 2695 nunc
2926 2657 3139 2712 quoque
3164 2646 3403 2699 sexcenti
3429 2661 3555 2714 pau-

1980 2746 2137 2801 peres
2170 2741 2415 2802 pereunt.
2446 2731 2500 2785 In
2529 2747 2694 2802 regno
2742 2742 2796 2786 et
2846 2733 2896 2785 in
2948 2734 3125 2802 populi
3171 2735 3557 2803 gubernatione

1980 2823 2175 2877 multos
2200 2839 2415 2893 possum
2456 2822 2738 2877 OStendere
2767 2824 2852 2892 qui
2884 2823 3162 2892 perierint.
3198 2823 3284 2879 Vis
3306 2834 3482 2881 autem
3504 2836 3559 2880 et

1980 2912 2031 2966 in
2051 2913 2265 2966 militari
2290 2913 2478 2968 ordine
2504 2914 2687 2968 videre
2713 2913 2801 2984 qui
2826 2914 3052 2968 salutem
3083 2914 3192 2970 sint
3207 2919 3557 2986 consequuti?

1978 3003 2188 3059 intuere
2215 3004 2524 3060 Cornelium
2574 3022 2585 3057 :
2621 3005 2700 3060 vis
2730 3015 2783 3060 et
2813 3007 2865 3060 in
2896 3006 2975 3061 rei
3021 3005 3298 3062 familiaris
3326 3008 3555 3062 admini-

1978 3098 2235 3152 strationc
2260 3097 2283 3149 ἲ
2326 3097 2535 3152 intuere
2563 3099 2867 3153 eunuchum
2897 3098 3265 3168 Ethiopissze.
3299 3100 3372 3153 lta
3398 3100 3553 3154 undi—

1978 3203 2082 3256 que
2116 3188 2454 3257 perspicuum
2503 3190 2563 3242 iit
2586 3230 2600 3254 ,
2634 3190 2680 3244 si
2722 3198 2776 3243 ut
2803 3199 3016 3260 oportet
3064 3190 3265 3245 divitiis
3296 3199 3509 3246 utamur
3535 3232 3551 3258 ,

1980 3280 2110 3331 nihil
2165 3293 2285 3331 esse
2307 3320 2320 3341 ,
2355 3278 2494 3347 quod
2531 3292 2630 3331 nos
2674 3278 2861 3346 perdat
2893 3298 2905 3332 :
2937 3281 3019 3335 sin
3049 3280 3229 3334 minus
3252 3320 3267 3345 ,
3313 3281 3491 3335 omnia
3538 3298 3551 3334 :

1983 3368 2154 3436 perdit
2184 3384 2280 3421 nos
2309 3385 2524 3437 regnum
2549 3408 2563 3433 ,
2599 3368 2772 3437 perdit
2800 3381 3086 3439 paupertas
3109 3412 3125 3437 ,
3175 3371 3401 3441 perdunt
3426 3372 3557 3425 divi-

1980 3464 2086 3516 tiae.
2119 3464 2334 3515 Atteuto
2362 3461 2572 3529 quidem
2606 3461 2806 3515 homini
2838 3462 2966 3515 nihil
2998 3477 3192 3518 nocere
3222 3464 3436 3533 poterit.
3463 3464 3556 3516 Dic

1979 3553 2119 3605 enim
2144 3551 2292 3616 mihi,
2315 3552 2591 3620 captivitas
2614 3567 2681 3605 an
2704 3552 2888 3606 laedit?
2913 3552 3125 3608 Minime
3151 3554 3354 3622 :cogita
3383 3554 3555 3622 ipsum

1978 3643 2175 3713 Ioseph
2205 3658 2416 3698 servum
2444 3643 2656 3713 quidem
2682 3642 2909 3708 factum,
2942 3644 3035 3698 sed
3066 3645 3411 3699 nihilominus
3443 3642 3553 3697 vir-

1981 3734 2079 3788 tuti
2106 3733 2373 3788 addictutn
2405 3750 2418 3787 :
2450 3733 2621 3801 cogita
2664 3732 2795 3786 mihi
2826 3733 3099 3788 Danielem
3136 3776 3150 3801 ,
3182 3742 3237 3788 et
3285 3743 3394 3788 tres
3439 3733 3558 3787 illos

1982 3840 2194 3893 pueros,
2231 3839 2352 3878 cum
2401 3824 2594 3893 captivi
2649 3833 2863 3888 essent,
2895 3825 3063 3879 multo
3109 3825 3278 3895 magis
3323 3825 3552 3880 fulsisse.

1981 3915 2186 3987 Ubique
2213 3917 2356 3972 enim
2395 3916 2564 3971 virtus
2615 3917 2753 3972 lucet
2782 3958 2797 3982 ,
2830 3932 3007 3986 neque
3044 3917 3334 3987 expugnari
3382 3932 3556 3985 neque

1981 4009 2223 4079 impediri
2278 4007 2381 4064 ulla
2422 4009 2630 4064 ratione
2682 4017 2876 4079 potest.
2905 4009 3041 4074 Quid
3095 4008 3214 4064 dico
3268 4018 3555 4079 pauperta-

1983 4108 2087 4155 tem
2128 4109 2182 4155 et
2227 4100 2580 4162 servitutem?
2612 4115 2710 4152 nec
2747 4099 2914 4154 fames
2943 4099 3182 4169 quidem,
3216 4114 3313 4154 nec
3354 4100 3554 4163 ulcera,

1984 4206 2081 4244 nec
2135 4190 2349 4243 morbus
2392 4186 2731 4258 quantumvis
2778 4202 2971 4241 nocere
3018 4195 3241 4256 possunt
3282 4203 3297 4242 :
3340 4188 3557 4240 morbus

1984 4280 2123 4333 enim
2151 4279 2405 4332 servitute
2431 4287 2514 4332 est
2551 4278 2783 4346 gravior.
2815 4275 2958 4329 Talis
2983 4284 3099 4329 erat
3143 4275 3395 4337 Lazarus,
3436 4276 3557 4329 talis

1981 4369 2081 4422 Job
2104 4408 2120 4431 ,
2153 4368 2270 4421 talis
2308 4378 2424 4421 erat
2460 4377 2513 4422 et
2549 4366 2861 4420 Timotheus
2909 4363 3102 4420 crebro
3143 4377 3358 4434 pressus
3408 4364 3551 4418 infit-

1984 4461 2184 4515 mitatc.

2068 4550 2234 4604 Virtus
2260 4568 2290 4604 a
2317 4551 2457 4604 nulla
2483 4566 2536 4604 re
2555 4549 2783 4619 superari
2810 4546 3229 4618 potest.—-Vides
3250 4545 3382 4600 nihil
3412 4560 3554 4603 esse.

1985 4659 2013 4698 a
2045 4660 2149 4713 quo
2178 4642 2418 4711 superari
2442 4642 2608 4694 virtus
2631 4644 2827 4709 queat?
2880 4653 2983 4693 non
3026 4637 3259 4704 divitias,
3288 4652 3394 4691 non
3425 4653 3555 4706 11311*

1988 4743 2268 4804 pertatem,
2308 4748 2411 4786 non
2452 4731 2753 4800 imperium,
2807 4745 2913 4783 non
2964 4729 3295 4792 servitutem,
3329 4744 3435 4782 non
3468 4743 3563 4781 re-

1988 4844 2106 4883 rum
2147 4826 2687 4886 administrationem,
2739 4839 2844 4876 non
2886 4821 3154 4886 morbum,
3190 4836 3293 4875 non
3326 4820 3552 4889 ignomi-

1989 4921 2152 4983 niam,
2199 4933 2305 4972 non
2332 4915 2607 4981 exsilium;
2649 4914 2744 4968 sed
2766 4914 2882 4969 hmo
2901 4915 3077 4967 omnia
3109 4912 3562 4979 deorsum,atque

1991 5010 2139 5064 humi
2184 5009 2493 5076 relinquens
2521 5007 2689 5059 virtus
2715 5004 2781 5058 ad
2809 5004 3000 5058 caelum
3031 5002 3271 5074 pervenit
3305 5019 3319 5055 :
3356 5009 3560 5054 tantum

1989 5114 2247 5172 generosa
2271 5098 2340 5153 sit
2365 5096 2564 5162 anima,
2585 5106 2709 5150 tunc
2730 5096 3015 5166 prohibere
3044 5094 3174 5148 nihil
3204 5094 3402 5163 poterit
3428 5091 3555 5161 quin

1992 5192 2202 5248 virtutis
2244 5191 2313 5245 sit
2353 5205 2592 5259 compos.
2637 5186 2736 5243 Ubi
2783 5189 2925 5242 enim
2955 5185 3095 5240 valet
3121 5185 3187 5250 is,
3218 5198 3249 5237 a
3293 5198 3400 5253 quo
3425 5184 3567 5237 actio

1996 5282 2282 5356 promenda
2317 5289 2399 5336 est
2421 5320 2437 5346 ,
2471 5280 2675 5334 nullum
2706 5286 2941 5332 externa:
2990 5292 3078 5330 res
3122 5272 3563 5344 impedimentum

1995 5376 2243 5432 afferunt.
2278 5373 2407 5429 Nam
2433 5380 2487 5426 et
2514 5372 2565 5424 in
2594 5370 2794 5424 artibus
2812 5408 2828 5435 ,
2863 5368 2951 5422 ubi
2979 5368 3171 5439 artifex
3196 5367 3334 5423 bene
3362 5366 3564 5437 peritus

1997 5467 2175 5532 fuerit,
2222 5476 2275 5521 et
2321 5466 2574 5525 tolerans,
2632 5461 3040 5528 universumque
3086 5469 3254 5515 artem
3298 5459 3568 5520 tenuerit,

1995 5558 2204 5615 etiamsi
2251 5558 2466 5613 morbus
2510 5554 2781 5619 adveniat,
2818 5554 2986 5622 ipsam
3015 5553 3243 5616 retinet;
3275 5552 3486 5606 etiamsi
3516 5551 3566 5604 in

2004 5659 2369 5722 paupertatem
2403 5647 2619 5713 incidat,
2647 5646 2816 5717 ipsam
2839 5644 3030 5701 retinet
3064 5660 3074 5695 :
3106 5645 3219 5698 sive
3248 5642 3568 5697 instrumen-
