  <div class='ocr_page' id='page_1' title='image "/cluster/home/n/w/nwhite01/storage/ocr_20150623/62/hvd.32044054086319/279.png"; bbox 0 0 4044 6202; ppageno 0'>
   <div class='ocr_carea' id='block_1_1' title="bbox 446 251 554 307">
    <p class='ocr_par' dir='ltr' id='par_1_1' title="bbox 446 251 554 307">
     <span class='ocr_line' id='line_1_1' title="bbox 446 251 554 307; baseline -0.028 -1"><span class='ocrx_word' id='word_1_1' title='bbox 446 251 554 307; x_wconf 58' lang='grc' dir='ltr'><strong>τετε</strong></span> 
     </span>
    </p>
   </div>
   <div class='ocr_carea' id='block_1_2' title="bbox 437 373 2016 444">
    <p class='ocr_par' dir='ltr' id='par_1_2' title="bbox 437 373 2016 444">
     <span class='ocr_line' id='line_1_2' title="bbox 437 373 2016 444; baseline -0.003 -10"><span class='ocrx_word' id='word_1_2' title='bbox 437 394 545 434; x_wconf 83' lang='lat' dir='ltr'><strong>tum</strong></span> <span class='ocrx_word' id='word_1_3' title='bbox 577 381 627 432; x_wconf 90' lang='lat' dir='ltr'><strong>in</strong></span> <span class='ocrx_word' id='word_1_4' title='bbox 661 394 816 432; x_wconf 92' lang='lat' dir='ltr'><strong>manu</strong></span> <span class='ocrx_word' id='word_1_5' title='bbox 845 377 1057 441; x_wconf 86' lang='lat' dir='ltr'><strong>habeat,</strong></span> <span class='ocrx_word' id='word_1_6' title='bbox 1088 375 1200 431; x_wconf 88' lang='lat' dir='ltr'><strong>sive</strong></span> <span class='ocrx_word' id='word_1_7' title='bbox 1226 389 1323 430; x_wconf 90' lang='lat' dir='ltr'><strong>suo</strong></span> <span class='ocrx_word' id='word_1_8' title='bbox 1347 373 1594 444; x_wconf 77' lang='lat' dir='ltr'><strong>fungatur</strong></span> <span class='ocrx_word' id='word_1_9' title='bbox 1618 389 1872 439; x_wconf 87' lang='lat' dir='ltr'><strong>munere,</strong></span> <span class='ocrx_word' id='word_1_10' title='bbox 1902 373 2016 429; x_wconf 91' lang='lat' dir='ltr'><strong>sive</strong></span> 
     </span>
    </p>
   </div>
   <div class='ocr_carea' id='block_1_3' title="bbox 436 463 2014 538">
    <p class='ocr_par' dir='ltr' id='par_1_3' title="bbox 436 463 2014 538">
     <span class='ocr_line' id='line_1_3' title="bbox 436 463 2014 538; baseline -0.001 -16"><span class='ocrx_word' id='word_1_11' title='bbox 436 486 540 523; x_wconf 73' lang='lat' dir='ltr'><strong>non</strong></span> <span class='ocrx_word' id='word_1_12' title='bbox 591 467 860 538; x_wconf 75' lang='lat' dir='ltr'><strong>fungatur,</strong></span> <span class='ocrx_word' id='word_1_13' title='bbox 908 466 1038 521; x_wconf 84' lang='lat' dir='ltr'><strong>nihil</strong></span> <span class='ocrx_word' id='word_1_14' title='bbox 1081 466 1154 520; x_wconf 77' lang='lat' dir='ltr'><strong>illi</strong></span> <span class='ocrx_word' id='word_1_15' title='bbox 1186 481 1251 521; x_wconf 82' lang='lat' dir='ltr'><strong>ex</strong></span> <span class='ocrx_word' id='word_1_16' title='bbox 1290 474 1405 520; x_wconf 89' lang='lat' dir='ltr'><strong>arte</strong></span> <span class='ocrx_word' id='word_1_17' title='bbox 1428 464 1726 521; x_wconf 76' lang='lat' dir='ltr'><strong>detrahitur</strong></span> <span class='ocrx_word' id='word_1_18' title='bbox 1756 481 1770 520; x_wconf 90' lang='lat'><strong>:</strong></span> <span class='ocrx_word' id='word_1_19' title='bbox 1802 463 1854 519; x_wconf 91' lang='lat' dir='ltr'><strong>in</strong></span> <span class='ocrx_word' id='word_1_20' title='bbox 1898 465 2014 535; x_wconf 92' lang='lat' dir='ltr'><strong>ipso</strong></span> 
     </span>
    </p>
   </div>
   <div class='ocr_carea' id='block_1_4' title="bbox 438 555 2017 626">
    <p class='ocr_par' dir='ltr' id='par_1_4' title="bbox 438 555 2017 626">
     <span class='ocr_line' id='line_1_4' title="bbox 438 555 2017 626; baseline -0.003 -12"><span class='ocrx_word' id='word_1_21' title='bbox 438 562 581 615; x_wconf 77' lang='lat' dir='ltr'><strong>etiim</strong></span> <span class='ocrx_word' id='word_1_22' title='bbox 630 560 767 614; x_wconf 88' lang='lat' dir='ltr'><strong>inest</strong></span> <span class='ocrx_word' id='word_1_23' title='bbox 811 559 1054 614; x_wconf 74' lang='lat' dir='ltr'><strong>soientia.</strong></span> <span class='ocrx_word' id='word_1_24' title='bbox 1098 556 1172 610; x_wconf 91' lang='lat' dir='ltr'><strong>Ita</strong></span> <span class='ocrx_word' id='word_1_25' title='bbox 1219 566 1273 612; x_wconf 89' lang='lat' dir='ltr'><strong>et</strong></span> <span class='ocrx_word' id='word_1_26' title='bbox 1316 557 1404 626; x_wconf 88' lang='lat' dir='ltr'><strong>qtti</strong></span> <span class='ocrx_word' id='word_1_27' title='bbox 1434 557 1626 611; x_wconf 87' lang='lat' dir='ltr'><strong>virtute</strong></span> <span class='ocrx_word' id='word_1_28' title='bbox 1656 555 1907 625; x_wconf 72' lang='lat' dir='ltr'><strong>praeditus</strong></span> <span class='ocrx_word' id='word_1_29' title='bbox 1933 564 2017 610; x_wconf 89' lang='lat' dir='ltr'><strong>est</strong></span> 
     </span>
    </p>
   </div>
   <div class='ocr_carea' id='block_1_5' title="bbox 437 649 2013 722">
    <p class='ocr_par' dir='ltr' id='par_1_5' title="bbox 437 649 2013 722">
     <span class='ocr_line' id='line_1_5' title="bbox 437 649 2013 722; baseline -0.001 -19"><span class='ocrx_word' id='word_1_30' title='bbox 437 662 598 722; x_wconf 88' lang='lat' dir='ltr'><strong>atque</strong></span> <span class='ocrx_word' id='word_1_31' title='bbox 626 667 690 708; x_wconf 79' lang='lat' dir='ltr'><strong>ex</strong></span> <span class='ocrx_word' id='word_1_32' title='bbox 725 653 834 707; x_wconf 89' lang='lat' dir='ltr'><strong>Deo</strong></span> <span class='ocrx_word' id='word_1_33' title='bbox 860 650 1074 722; x_wconf 78' lang='lat' dir='ltr'><strong>pendet.</strong></span> <span class='ocrx_word' id='word_1_34' title='bbox 1098 650 1211 705; x_wconf 93' lang='lat' dir='ltr'><strong>sive</strong></span> <span class='ocrx_word' id='word_1_35' title='bbox 1240 650 1383 703; x_wconf 91' lang='lat' dir='ltr'><strong>illum</strong></span> <span class='ocrx_word' id='word_1_36' title='bbox 1412 649 1463 703; x_wconf 91' lang='lat' dir='ltr'><strong>in</strong></span> <span class='ocrx_word' id='word_1_37' title='bbox 1496 649 1708 717; x_wconf 74' lang='lat' dir='ltr'><strong>divitias</strong></span> <span class='ocrx_word' id='word_1_38' title='bbox 1734 649 2013 719; x_wconf 88' lang='lat' dir='ltr'><strong>conjicias,</strong></span> 
     </span>
    </p>
   </div>
   <div class='ocr_carea' id='block_1_6' title="bbox 438 741 2019 810">
    <p class='ocr_par' dir='ltr' id='par_1_6' title="bbox 438 741 2019 810">
     <span class='ocr_line' id='line_1_6' title="bbox 438 741 2019 810; baseline -0.001 -15"><span class='ocrx_word' id='word_1_39' title='bbox 438 744 674 797; x_wconf 90' lang='lat' dir='ltr'><strong>ostendit</strong></span> <span class='ocrx_word' id='word_1_40' title='bbox 700 744 952 797; x_wconf 79' lang='lat' dir='ltr'><strong>virtutem</strong></span> <span class='ocrx_word' id='word_1_41' title='bbox 987 757 1170 808; x_wconf 80' lang='lat' dir='ltr'><strong>suam;</strong></span> <span class='ocrx_word' id='word_1_42' title='bbox 1200 742 1311 795; x_wconf 88' lang='lat' dir='ltr'><strong>sive</strong></span> <span class='ocrx_word' id='word_1_43' title='bbox 1333 742 1383 794; x_wconf 93' lang='lat' dir='ltr'><strong>in</strong></span> <span class='ocrx_word' id='word_1_44' title='bbox 1414 752 1798 810; x_wconf 81' lang='lat' dir='ltr'><strong>paupertatem,</strong></span> <span class='ocrx_word' id='word_1_45' title='bbox 1824 741 2019 796; x_wconf 86' lang='lat' dir='ltr'><strong>nihilo-</strong></span> 
     </span>
    </p>
   </div>
   <div class='ocr_carea' id='block_1_7' title="bbox 440 834 2015 900">
    <p class='ocr_par' dir='ltr' id='par_1_7' title="bbox 440 834 2015 900">
     <span class='ocr_line' id='line_1_7' title="bbox 440 834 2015 900; baseline -0.002 -9"><span class='ocrx_word' id='word_1_46' title='bbox 440 839 614 891; x_wconf 82' lang='lat' dir='ltr'><strong>minus</strong></span> <span class='ocrx_word' id='word_1_47' title='bbox 639 855 652 898; x_wconf 84' lang='lat'><strong>;</strong></span> <span class='ocrx_word' id='word_1_48' title='bbox 678 838 790 891; x_wconf 88' lang='lat' dir='ltr'><strong>sive</strong></span> <span class='ocrx_word' id='word_1_49' title='bbox 827 842 877 890; x_wconf 87' lang='lat' dir='ltr'><strong>in</strong></span> <span class='ocrx_word' id='word_1_50' title='bbox 907 836 1173 900; x_wconf 86' lang='lat' dir='ltr'><strong>morbum,</strong></span> <span class='ocrx_word' id='word_1_51' title='bbox 1220 835 1332 890; x_wconf 92' lang='lat' dir='ltr'><strong>sive</strong></span> <span class='ocrx_word' id='word_1_52' title='bbox 1363 836 1414 889; x_wconf 93' lang='lat' dir='ltr'><strong>in</strong></span> <span class='ocrx_word' id='word_1_53' title='bbox 1466 834 1748 890; x_wconf 84' lang='lat' dir='ltr'><strong>sanitatem</strong></span> <span class='ocrx_word' id='word_1_54' title='bbox 1773 876 1787 897; x_wconf 90' lang='lat'><strong>,</strong></span> <span class='ocrx_word' id='word_1_55' title='bbox 1811 834 1923 890; x_wconf 86' lang='lat' dir='ltr'><strong>sive</strong></span> <span class='ocrx_word' id='word_1_56' title='bbox 1964 835 2015 888; x_wconf 92' lang='lat' dir='ltr'><strong>iu</strong></span> 
     </span>
    </p>
   </div>
   <div class='ocr_carea' id='block_1_8' title="bbox 440 926 1228 997">
    <p class='ocr_par' dir='ltr' id='par_1_8' title="bbox 440 926 1228 997">
     <span class='ocr_line' id='line_1_8' title="bbox 440 926 1228 997; baseline -0.004 -15"><span class='ocrx_word' id='word_1_57' title='bbox 440 929 684 997; x_wconf 74' lang='lat' dir='ltr'><strong>gloriam,</strong></span> <span class='ocrx_word' id='word_1_58' title='bbox 715 929 827 982; x_wconf 82' lang='lat' dir='ltr'><strong>sive</strong></span> <span class='ocrx_word' id='word_1_59' title='bbox 855 928 905 981; x_wconf 86' lang='lat' dir='ltr'><strong>in</strong></span> <span class='ocrx_word' id='word_1_60' title='bbox 932 926 1228 981; x_wconf 78' lang='lat' dir='ltr'><strong>infamiam.</strong></span> 
     </span>
    </p>
   </div>
   <div class='ocr_carea' id='block_1_9' title="bbox 512 1015 2019 1089">
    <p class='ocr_par' dir='ltr' id='par_1_9' title="bbox 512 1015 2019 1089">
     <span class='ocr_line' id='line_1_9' title="bbox 512 1015 2019 1089; baseline -0.003 -16"><span class='ocrx_word' id='word_1_61' title='bbox 512 1020 546 1073; x_wconf 72' lang='grc'><strong>4</strong></span> <span class='ocrx_word' id='word_1_62' title='bbox 611 1022 801 1073; x_wconf 77' lang='lat' dir='ltr'><strong>Annon</strong></span> <span class='ocrx_word' id='word_1_63' title='bbox 826 1035 919 1089; x_wconf 90' lang='lat' dir='ltr'><strong>per</strong></span> <span class='ocrx_word' id='word_1_64' title='bbox 948 1020 1042 1073; x_wconf 82' lang='lat' dir='ltr'><strong>ista</strong></span> <span class='ocrx_word' id='word_1_65' title='bbox 1071 1018 1247 1073; x_wconf 88' lang='lat' dir='ltr'><strong>omnia</strong></span> <span class='ocrx_word' id='word_1_66' title='bbox 1276 1017 1892 1086; x_wconf 82' lang='lat' dir='ltr'><strong>transieruntapostoli?</strong></span> <span class='ocrx_word' id='word_1_67' title='bbox 1914 1015 2019 1069; x_wconf 83' lang='lat' dir='ltr'><strong>Per</strong></span> 
     </span>
    </p>
   </div>
   <div class='ocr_carea' id='block_1_10' title="bbox 441 1108 2019 1181">
    <p class='ocr_par' dir='ltr' id='par_1_10' title="bbox 441 1108 2019 1181">
     <span class='ocr_line' id='line_1_10' title="bbox 441 1108 2019 1181; baseline -0.003 -17"><span class='ocrx_word' id='word_1_68' title='bbox 441 1111 678 1180; x_wconf 78' lang='lat' dir='ltr'><strong>gloriam,</strong></span> <span class='ocrx_word' id='word_1_69' title='bbox 708 1111 895 1181; x_wconf 84' lang='lat' dir='ltr'><strong>inquit,</strong></span> <span class='ocrx_word' id='word_1_70' title='bbox 930 1121 976 1163; x_wconf 88' lang='lat' dir='ltr'><strong>et</strong></span> <span class='ocrx_word' id='word_1_71' title='bbox 1015 1109 1399 1180; x_wconf 80' lang='lat' dir='ltr'><strong>ignobilitatem,</strong></span> <span class='ocrx_word' id='word_1_72' title='bbox 1434 1125 1525 1178; x_wconf 78' lang='lat' dir='ltr'><strong>per</strong></span> <span class='ocrx_word' id='word_1_73' title='bbox 1543 1109 1807 1179; x_wconf 74' lang='lat' dir='ltr'><strong>infamiam</strong></span> <span class='ocrx_word' id='word_1_74' title='bbox 1844 1117 1891 1161; x_wconf 88' lang='lat' dir='ltr'><strong>et</strong></span> <span class='ocrx_word' id='word_1_75' title='bbox 1932 1108 2019 1160; x_wconf 90' lang='lat' dir='ltr'><strong>bo-</strong></span> 
     </span>
    </p>
   </div>
   <div class='ocr_carea' id='block_1_11' title="bbox 444 1198 2014 1273">
    <p class='ocr_par' dir='ltr' id='par_1_11' title="bbox 444 1198 2014 1273">
     <span class='ocr_line' id='line_1_11' title="bbox 444 1198 2014 1273; baseline -0.001 -20"><span class='ocrx_word' id='word_1_76' title='bbox 444 1218 560 1254; x_wconf 83' lang='lat' dir='ltr'><strong>nam</strong></span> <span class='ocrx_word' id='word_1_77' title='bbox 590 1207 783 1273; x_wconf 78' lang='lat' dir='ltr'><strong>famam</strong></span> <span class='ocrx_word' id='word_1_78' title='bbox 833 1201 907 1272; x_wconf 74' lang='lat'><strong>(‘2.</strong></span> <span class='ocrx_word' id='word_1_79' title='bbox 943 1201 1060 1255; x_wconf 80' lang='lat' dir='ltr'><strong>Cor.</strong></span> <span class='ocrx_word' id='word_1_80' title='bbox 1084 1202 1137 1255; x_wconf 92' lang='grc'><strong>6.</strong></span> <span class='ocrx_word' id='word_1_81' title='bbox 1165 1201 1245 1269; x_wconf 87' lang='lat'><strong>8).</strong></span> <span class='ocrx_word' id='word_1_82' title='bbox 1293 1199 1403 1254; x_wconf 86' lang='lat' dir='ltr'><strong>[loc</strong></span> <span class='ocrx_word' id='word_1_83' title='bbox 1448 1208 1530 1253; x_wconf 90' lang='lat' dir='ltr'><strong>est</strong></span> <span class='ocrx_word' id='word_1_84' title='bbox 1567 1198 1820 1253; x_wconf 85' lang='lat' dir='ltr'><strong>athletam</strong></span> <span class='ocrx_word' id='word_1_85' title='bbox 1862 1214 2014 1263; x_wconf 85' lang='lat' dir='ltr'><strong>esse,</strong></span> 
     </span>
    </p>
   </div>
   <div class='ocr_carea' id='block_1_12' title="bbox 443 1291 2018 1363">
    <p class='ocr_par' dir='ltr' id='par_1_12' title="bbox 443 1291 2018 1363">
     <span class='ocr_line' id='line_1_12' title="bbox 443 1291 2018 1363; baseline -0.001 -16"><span class='ocrx_word' id='word_1_86' title='bbox 443 1309 637 1363; x_wconf 88' lang='lat' dir='ltr'><strong>nempe</strong></span> <span class='ocrx_word' id='word_1_87' title='bbox 686 1294 753 1349; x_wconf 91' lang='lat' dir='ltr'><strong>ad</strong></span> <span class='ocrx_word' id='word_1_88' title='bbox 807 1295 983 1348; x_wconf 87' lang='lat' dir='ltr'><strong>omnia</strong></span> <span class='ocrx_word' id='word_1_89' title='bbox 1030 1308 1150 1349; x_wconf 81' lang='lat' dir='ltr'><strong>esse</strong></span> <span class='ocrx_word' id='word_1_90' title='bbox 1191 1292 1648 1347; x_wconf 91' lang='lat' dir='ltr'><strong>accommodatum</strong></span> <span class='ocrx_word' id='word_1_91' title='bbox 1682 1307 1698 1345; x_wconf 87' lang='lat'><strong>:</strong></span> <span class='ocrx_word' id='word_1_92' title='bbox 1729 1291 1850 1346; x_wconf 91' lang='lat' dir='ltr'><strong>talis</strong></span> <span class='ocrx_word' id='word_1_93' title='bbox 1877 1291 2018 1346; x_wconf 91' lang='lat' dir='ltr'><strong>enim</strong></span> 
     </span>
    </p>
   </div>
   <div class='ocr_carea' id='block_1_13' title="bbox 443 1381 2022 1451">
    <p class='ocr_par' dir='ltr' id='par_1_13' title="bbox 443 1381 2022 1451">
     <span class='ocr_line' id='line_1_13' title="bbox 443 1381 2022 1451; baseline 0.001 -15"><span class='ocrx_word' id='word_1_94' title='bbox 443 1393 525 1436; x_wconf 88' lang='lat' dir='ltr'><strong>est</strong></span> <span class='ocrx_word' id='word_1_95' title='bbox 551 1385 756 1437; x_wconf 88' lang='lat' dir='ltr'><strong>virtutis</strong></span> <span class='ocrx_word' id='word_1_96' title='bbox 784 1384 943 1439; x_wconf 91' lang='lat' dir='ltr'><strong>etiam</strong></span> <span class='ocrx_word' id='word_1_97' title='bbox 977 1393 1184 1439; x_wconf 86' lang='lat' dir='ltr'><strong>natura.</strong></span> <span class='ocrx_word' id='word_1_98' title='bbox 1208 1383 1357 1451; x_wconf 84' lang='lat' dir='ltr'><strong>Quod</strong></span> <span class='ocrx_word' id='word_1_99' title='bbox 1386 1383 1431 1438; x_wconf 87' lang='lat' dir='ltr'><strong>si</strong></span> <span class='ocrx_word' id='word_1_100' title='bbox 1460 1382 1626 1447; x_wconf 88' lang='lat' dir='ltr'><strong>dicas,</strong></span> <span class='ocrx_word' id='word_1_101' title='bbox 1652 1381 1889 1437; x_wconf 69' lang='lat' dir='ltr'><strong>Praeesse</strong></span> <span class='ocrx_word' id='word_1_102' title='bbox 1903 1381 2022 1438; x_wconf 89' lang='lat' dir='ltr'><strong>aliis</strong></span> 
     </span>
    </p>
   </div>
   <div class='ocr_carea' id='block_1_14' title="bbox 447 1471 2020 1543">
    <p class='ocr_par' dir='ltr' id='par_1_14' title="bbox 447 1471 2020 1543">
     <span class='ocr_line' id='line_1_14' title="bbox 447 1471 2020 1543; baseline 0 -18"><span class='ocrx_word' id='word_1_103' title='bbox 447 1490 550 1526; x_wconf 84' lang='lat' dir='ltr'><strong>non</strong></span> <span class='ocrx_word' id='word_1_104' title='bbox 579 1490 817 1543; x_wconf 74' lang='lat' dir='ltr'><strong>possunt,</strong></span> <span class='ocrx_word' id='word_1_105' title='bbox 847 1476 1082 1529; x_wconf 89' lang='lat' dir='ltr'><strong>solitaria</strong></span> <span class='ocrx_word' id='word_1_106' title='bbox 1116 1474 1243 1528; x_wconf 89' lang='lat' dir='ltr'><strong>mihi</strong></span> <span class='ocrx_word' id='word_1_107' title='bbox 1270 1475 1373 1527; x_wconf 91' lang='lat' dir='ltr'><strong>vita</strong></span> <span class='ocrx_word' id='word_1_108' title='bbox 1403 1472 1605 1543; x_wconf 78' lang='lat' dir='ltr'><strong>agenda</strong></span> <span class='ocrx_word' id='word_1_109' title='bbox 1637 1480 1740 1535; x_wconf 90' lang='lat' dir='ltr'><strong>est,</strong></span> <span class='ocrx_word' id='word_1_110' title='bbox 1772 1471 2020 1541; x_wconf 75' lang='lat' dir='ltr'><strong>iniuriam</strong></span> 
     </span>
    </p>
   </div>
   <div class='ocr_carea' id='block_1_15' title="bbox 443 1561 2023 1633">
    <p class='ocr_par' dir='ltr' id='par_1_15' title="bbox 443 1561 2023 1633">
     <span class='ocr_line' id='line_1_15' title="bbox 443 1561 2023 1633; baseline -0.001 -16"><span class='ocrx_word' id='word_1_111' title='bbox 443 1563 613 1618; x_wconf 67' lang='lat' dir='ltr'><strong>feciin</strong></span> <span class='ocrx_word' id='word_1_112' title='bbox 640 1566 818 1619; x_wconf 86' lang='lat' dir='ltr'><strong>virtuti</strong></span> <span class='ocrx_word' id='word_1_113' title='bbox 848 1584 860 1619; x_wconf 91' lang='lat'><strong>:</strong></span> <span class='ocrx_word' id='word_1_114' title='bbox 890 1580 949 1619; x_wconf 91' lang='lat' dir='ltr'><strong>ea</strong></span> <span class='ocrx_word' id='word_1_115' title='bbox 980 1564 1193 1633; x_wconf 90' lang='lat' dir='ltr'><strong>quidem</strong></span> <span class='ocrx_word' id='word_1_116' title='bbox 1222 1563 1470 1617; x_wconf 90' lang='lat' dir='ltr'><strong>omnibus</strong></span> <span class='ocrx_word' id='word_1_117' title='bbox 1500 1563 1575 1616; x_wconf 90' lang='lat' dir='ltr'><strong>uti</strong></span> <span class='ocrx_word' id='word_1_118' title='bbox 1603 1570 1797 1631; x_wconf 90' lang='lat' dir='ltr'><strong>potest,</strong></span> <span class='ocrx_word' id='word_1_119' title='bbox 1826 1571 1878 1616; x_wconf 89' lang='lat' dir='ltr'><strong>et</strong></span> <span class='ocrx_word' id='word_1_120' title='bbox 1908 1561 2023 1615; x_wconf 87' lang='lat' dir='ltr'><strong>nhi-</strong></span> 
     </span>
    </p>
   </div>
   <div class='ocr_carea' id='block_1_16' title="bbox 443 1651 2024 1725">
    <p class='ocr_par' dir='ltr' id='par_1_16' title="bbox 443 1651 2024 1725">
     <span class='ocr_line' id='line_1_16' title="bbox 443 1651 2024 1725; baseline -0.003 -18"><span class='ocrx_word' id='word_1_121' title='bbox 443 1671 549 1721; x_wconf 87' lang='lat' dir='ltr'><strong>que</strong></span> <span class='ocrx_word' id='word_1_122' title='bbox 579 1654 845 1725; x_wconf 87' lang='lat' dir='ltr'><strong>splendet,</strong></span> <span class='ocrx_word' id='word_1_123' title='bbox 874 1654 1164 1708; x_wconf 86' lang='lat' dir='ltr'><strong>dummodo</strong></span> <span class='ocrx_word' id='word_1_124' title='bbox 1193 1653 1317 1707; x_wconf 91' lang='lat' dir='ltr'><strong>insit</strong></span> <span class='ocrx_word' id='word_1_125' title='bbox 1341 1653 1609 1707; x_wconf 90' lang='lat' dir='ltr'><strong>inanima.</strong></span> <span class='ocrx_word' id='word_1_126' title='bbox 1631 1651 1822 1707; x_wconf 84' lang='lat' dir='ltr'><strong>Fames</strong></span> <span class='ocrx_word' id='word_1_127' title='bbox 1840 1651 2024 1707; x_wconf 80' lang='lat' dir='ltr'><strong>adest?</strong></span> 
     </span>
    </p>
   </div>
   <div class='ocr_carea' id='block_1_17' title="bbox 445 1742 2020 1814">
    <p class='ocr_par' dir='ltr' id='par_1_17' title="bbox 445 1742 2020 1814">
     <span class='ocr_line' id='line_1_17' title="bbox 445 1742 2020 1814; baseline -0.003 -15"><span class='ocrx_word' id='word_1_128' title='bbox 445 1745 597 1799; x_wconf 86' lang='lat' dir='ltr'><strong>adest</strong></span> <span class='ocrx_word' id='word_1_129' title='bbox 625 1761 851 1799; x_wconf 69' lang='lat' dir='ltr'><strong>annona:</strong></span> <span class='ocrx_word' id='word_1_130' title='bbox 880 1744 1072 1814; x_wconf 87' lang='lat' dir='ltr'><strong>copia?</strong></span> <span class='ocrx_word' id='word_1_131' title='bbox 1094 1743 1270 1799; x_wconf 87' lang='lat' dir='ltr'><strong>Virtus</strong></span> <span class='ocrx_word' id='word_1_132' title='bbox 1296 1758 1448 1799; x_wconf 89' lang='lat' dir='ltr'><strong>suum</strong></span> <span class='ocrx_word' id='word_1_133' title='bbox 1473 1758 1581 1813; x_wconf 73' lang='lat' dir='ltr'><strong>pne</strong></span> <span class='ocrx_word' id='word_1_134' title='bbox 1607 1758 1665 1799; x_wconf 89' lang='lat' dir='ltr'><strong>se</strong></span> <span class='ocrx_word' id='word_1_135' title='bbox 1690 1742 1795 1798; x_wconf 90' lang='lat' dir='ltr'><strong>fert</strong></span> <span class='ocrx_word' id='word_1_136' title='bbox 1821 1743 1982 1797; x_wconf 89' lang='lat' dir='ltr'><strong>robur</strong></span> <span class='ocrx_word' id='word_1_137' title='bbox 2006 1760 2020 1795; x_wconf 86' lang='lat'><strong>:</strong></span> 
     </span>
    </p>
   </div>
   <div class='ocr_carea' id='block_1_18' title="bbox 444 1820 2027 1904">
    <p class='ocr_par' dir='ltr' id='par_1_18' title="bbox 444 1820 2027 1904">
     <span class='ocr_line' id='line_1_18' title="bbox 444 1820 2027 1904; baseline -0.001 -18"><span class='ocrx_word' id='word_1_138' title='bbox 444 1835 894 1904; x_wconf 78' lang='lat' dir='ltr'><strong>quemadmodum</strong></span> <span class='ocrx_word' id='word_1_139' title='bbox 942 1835 1135 1889; x_wconf 85' lang='lat' dir='ltr'><strong>Paulus</strong></span> <span class='ocrx_word' id='word_1_140' title='bbox 1177 1820 1367 1903; x_wconf 86' lang='lat' dir='ltr'><strong>inquit.</strong></span> <span class='ocrx_word' id='word_1_141' title='bbox 1415 1832 1536 1888; x_wconf 88' lang='lat' dir='ltr'><strong>Scio</strong></span> <span class='ocrx_word' id='word_1_142' title='bbox 1579 1842 1627 1886; x_wconf 84' lang='lat' dir='ltr'><strong>et</strong></span> <span class='ocrx_word' id='word_1_143' title='bbox 1664 1831 1944 1897; x_wconf 80' lang='lat' dir='ltr'><strong>abundare,</strong></span> <span class='ocrx_word' id='word_1_144' title='bbox 1977 1841 2027 1886; x_wconf 86' lang='lat' dir='ltr'><strong>et</strong></span> 
     </span>
    </p>
   </div>
   <div class='ocr_carea' id='block_1_19' title="bbox 448 1922 2025 1997">
    <p class='ocr_par' dir='ltr' id='par_1_19' title="bbox 448 1922 2025 1997">
     <span class='ocr_line' id='line_1_19' title="bbox 448 1922 2025 1997; baseline -0.001 -19"><span class='ocrx_word' id='word_1_145' title='bbox 448 1928 709 1994; x_wconf 80' lang='lat' dir='ltr'><strong>penuriam</strong></span> <span class='ocrx_word' id='word_1_146' title='bbox 737 1927 843 1996; x_wconf 87' lang='lat' dir='ltr'><strong>pati</strong></span> <span class='ocrx_word' id='word_1_147' title='bbox 864 1925 1120 1997; x_wconf 81' lang='lat' dir='ltr'><strong>(Philipp.</strong></span> <span class='ocrx_word' id='word_1_148' title='bbox 1147 1925 1201 1979; x_wconf 75' lang='grc'><strong>4.</strong></span> <span class='ocrx_word' id='word_1_149' title='bbox 1227 1923 1340 1992; x_wconf 68' lang='grc'><strong>12).</strong></span> <span class='ocrx_word' id='word_1_150' title='bbox 1363 1922 1702 1993; x_wconf 89' lang='lat' dir='ltr'><strong>Operandum</strong></span> <span class='ocrx_word' id='word_1_151' title='bbox 1729 1923 1888 1977; x_wconf 88' lang='lat' dir='ltr'><strong>erat?</strong></span> <span class='ocrx_word' id='word_1_152' title='bbox 1917 1938 2025 1977; x_wconf 93' lang='lat' dir='ltr'><strong>non</strong></span> 
     </span>
    </p>
   </div>
   <div class='ocr_carea' id='block_1_20' title="bbox 444 2015 2022 2086">
    <p class='ocr_par' dir='ltr' id='par_1_20' title="bbox 444 2015 2022 2086">
     <span class='ocr_line' id='line_1_20' title="bbox 444 2015 2022 2086; baseline -0.003 -10"><span class='ocrx_word' id='word_1_153' title='bbox 444 2021 817 2084; x_wconf 71' lang='lat' dir='ltr'><strong>erubescebat,</strong></span> <span class='ocrx_word' id='word_1_154' title='bbox 854 2020 945 2074; x_wconf 86' lang='lat' dir='ltr'><strong>sed</strong></span> <span class='ocrx_word' id='word_1_155' title='bbox 975 2020 1110 2074; x_wconf 86' lang='lat' dir='ltr'><strong>duos</strong></span> <span class='ocrx_word' id='word_1_156' title='bbox 1136 2032 1305 2073; x_wconf 89' lang='lat' dir='ltr'><strong>annos</strong></span> <span class='ocrx_word' id='word_1_157' title='bbox 1330 2031 1548 2086; x_wconf 80' lang='lat' dir='ltr'><strong>cperam</strong></span> <span class='ocrx_word' id='word_1_158' title='bbox 1580 2017 1678 2071; x_wconf 91' lang='lat' dir='ltr'><strong>arti</strong></span> <span class='ocrx_word' id='word_1_159' title='bbox 1709 2031 1819 2071; x_wconf 70' lang='lat' dir='ltr'><strong>sure</strong></span> <span class='ocrx_word' id='word_1_160' title='bbox 1852 2015 2022 2071; x_wconf 90' lang='lat' dir='ltr'><strong>dedit.</strong></span> 
     </span>
    </p>
   </div>
   <div class='ocr_carea' id='block_1_21' title="bbox 450 2109 2020 2174">
    <p class='ocr_par' dir='ltr' id='par_1_21' title="bbox 450 2109 2020 2174">
     <span class='ocr_line' id='line_1_21' title="bbox 450 2109 2020 2174; baseline -0.002 -7"><span class='ocrx_word' id='word_1_161' title='bbox 450 2114 577 2168; x_wconf 81' lang='lat' dir='ltr'><strong>Erat</strong></span> <span class='ocrx_word' id='word_1_162' title='bbox 615 2112 833 2167; x_wconf 82' lang='lat' dir='ltr'><strong>ferenda</strong></span> <span class='ocrx_word' id='word_1_163' title='bbox 866 2111 1070 2168; x_wconf 86' lang='lat' dir='ltr'><strong>fames?</strong></span> <span class='ocrx_word' id='word_1_164' title='bbox 1100 2125 1204 2164; x_wconf 92' lang='lat' dir='ltr'><strong>non</strong></span> <span class='ocrx_word' id='word_1_165' title='bbox 1228 2109 1562 2174; x_wconf 90' lang='lat' dir='ltr'><strong>concidebat,</strong></span> <span class='ocrx_word' id='word_1_166' title='bbox 1597 2124 1695 2164; x_wconf 86' lang='lat' dir='ltr'><strong>occ</strong></span> <span class='ocrx_word' id='word_1_167' title='bbox 1716 2109 2020 2164; x_wconf 84' lang='lat' dir='ltr'><strong>vacillabat.</strong></span> 
     </span>
    </p>
   </div>
   <div class='ocr_carea' id='block_1_22' title="bbox 447 2200 2024 2272">
    <p class='ocr_par' dir='ltr' id='par_1_22' title="bbox 447 2200 2024 2272">
     <span class='ocr_line' id='line_1_22' title="bbox 447 2200 2024 2272; baseline -0.002 -13"><span class='ocrx_word' id='word_1_168' title='bbox 447 2205 781 2259; x_wconf 81' lang='lat' dir='ltr'><strong>Moriendum</strong></span> <span class='ocrx_word' id='word_1_169' title='bbox 822 2203 972 2259; x_wconf 82' lang='lat' dir='ltr'><strong>erat?</strong></span> <span class='ocrx_word' id='word_1_170' title='bbox 1018 2216 1124 2257; x_wconf 86' lang='lat' dir='ltr'><strong>nou</strong></span> <span class='ocrx_word' id='word_1_171' title='bbox 1172 2200 1454 2272; x_wconf 88' lang='lat' dir='ltr'><strong>dejiciebat</strong></span> <span class='ocrx_word' id='word_1_172' title='bbox 1478 2201 1752 2255; x_wconf 90' lang='lat' dir='ltr'><strong>animum:</strong></span> <span class='ocrx_word' id='word_1_173' title='bbox 1792 2201 2024 2270; x_wconf 83' lang='lat' dir='ltr'><strong>undique</strong></span> 
     </span>
    </p>
   </div>
   <div class='ocr_carea' id='block_1_23' title="bbox 447 2290 2019 2362">
    <p class='ocr_par' dir='ltr' id='par_1_23' title="bbox 447 2290 2019 2362">
     <span class='ocr_line' id='line_1_23' title="bbox 447 2290 2019 2362; baseline -0.002 -14"><span class='ocrx_word' id='word_1_174' title='bbox 447 2309 767 2362; x_wconf 70' lang='lat' dir='ltr'><strong>generosum</strong></span> <span class='ocrx_word' id='word_1_175' title='bbox 809 2293 959 2348; x_wconf 92' lang='lat' dir='ltr'><strong>illum</strong></span> <span class='ocrx_word' id='word_1_176' title='bbox 999 2292 1259 2358; x_wconf 90' lang='lat' dir='ltr'><strong>animum,</strong></span> <span class='ocrx_word' id='word_1_177' title='bbox 1301 2300 1460 2361; x_wconf 90' lang='lat' dir='ltr'><strong>atque</strong></span> <span class='ocrx_word' id='word_1_178' title='bbox 1488 2300 1656 2346; x_wconf 88' lang='lat' dir='ltr'><strong>artem</strong></span> <span class='ocrx_word' id='word_1_179' title='bbox 1686 2290 2019 2346; x_wconf 83' lang='lat' dir='ltr'><strong>ostendebat.</strong></span> 
     </span>
    </p>
   </div>
   <div class='ocr_carea' id='block_1_24' title="bbox 452 2383 2023 2456">
    <p class='ocr_par' dir='ltr' id='par_1_24' title="bbox 452 2383 2023 2456">
     <span class='ocr_line' id='line_1_24' title="bbox 452 2383 2023 2456; baseline -0.005 -15"><span class='ocrx_word' id='word_1_180' title='bbox 452 2387 604 2441; x_wconf 89' lang='lat' dir='ltr'><strong>llunc</strong></span> <span class='ocrx_word' id='word_1_181' title='bbox 646 2387 803 2456; x_wconf 77' lang='lat' dir='ltr'><strong>igitur</strong></span> <span class='ocrx_word' id='word_1_182' title='bbox 846 2385 1179 2449; x_wconf 78' lang='lat' dir='ltr'><strong>:rmulcmur,</strong></span> <span class='ocrx_word' id='word_1_183' title='bbox 1228 2399 1327 2440; x_wconf 88' lang='lat' dir='ltr'><strong>nec</strong></span> <span class='ocrx_word' id='word_1_184' title='bbox 1365 2383 1651 2454; x_wconf 84' lang='lat' dir='ltr'><strong>quidquam</strong></span> <span class='ocrx_word' id='word_1_185' title='bbox 1681 2398 1854 2438; x_wconf 69' lang='lat' dir='ltr'><strong>causm</strong></span> <span class='ocrx_word' id='word_1_186' title='bbox 1881 2383 1981 2437; x_wconf 91' lang='lat' dir='ltr'><strong>erit</strong></span> <span class='ocrx_word' id='word_1_187' title='bbox 2007 2422 2023 2448; x_wconf 94' lang='lat'><strong>,</strong></span> 
     </span>
    </p>
   </div>
   <div class='ocr_carea' id='block_1_25' title="bbox 449 2473 2027 2544">
    <p class='ocr_par' dir='ltr' id='par_1_25' title="bbox 449 2473 2027 2544">
     <span class='ocr_line' id='line_1_25' title="bbox 449 2473 2027 2544; baseline -0.003 -14"><span class='ocrx_word' id='word_1_188' title='bbox 449 2493 547 2532; x_wconf 91' lang='lat' dir='ltr'><strong>cur</strong></span> <span class='ocrx_word' id='word_1_189' title='bbox 577 2492 923 2534; x_wconf 68' lang='lat' dir='ltr'><strong>maereamus.</strong></span> <span class='ocrx_word' id='word_1_190' title='bbox 956 2476 1090 2544; x_wconf 83' lang='lat' dir='ltr'><strong>Quid</strong></span> <span class='ocrx_word' id='word_1_191' title='bbox 1116 2476 1257 2530; x_wconf 92' lang='lat' dir='ltr'><strong>enim</strong></span> <span class='ocrx_word' id='word_1_192' title='bbox 1280 2517 1294 2538; x_wconf 89' lang='lat'><strong>,</strong></span> <span class='ocrx_word' id='word_1_193' title='bbox 1323 2474 1408 2529; x_wconf 91' lang='lat' dir='ltr'><strong>dic</strong></span> <span class='ocrx_word' id='word_1_194' title='bbox 1438 2473 1587 2536; x_wconf 89' lang='lat' dir='ltr'><strong>mihi,</strong></span> <span class='ocrx_word' id='word_1_195' title='bbox 1623 2473 1709 2527; x_wconf 89' lang='lat' dir='ltr'><strong>tali</strong></span> <span class='ocrx_word' id='word_1_196' title='bbox 1745 2473 1861 2527; x_wconf 85' lang='lat' dir='ltr'><strong>viro</strong></span> <span class='ocrx_word' id='word_1_197' title='bbox 1891 2488 2027 2526; x_wconf 75' lang='lat' dir='ltr'><strong>mm-</strong></span> 
     </span>
    </p>
   </div>
   <div class='ocr_carea' id='block_1_26' title="bbox 454 2563 2030 2635">
    <p class='ocr_par' dir='ltr' id='par_1_26' title="bbox 454 2563 2030 2635">
     <span class='ocr_line' id='line_1_26' title="bbox 454 2563 2030 2635; baseline 0 -16"><span class='ocrx_word' id='word_1_198' title='bbox 454 2581 627 2620; x_wconf 86' lang='lat' dir='ltr'><strong>rorctu</strong></span> <span class='ocrx_word' id='word_1_199' title='bbox 669 2566 862 2621; x_wconf 72' lang='lat' dir='ltr'><strong>afferre</strong></span> <span class='ocrx_word' id='word_1_200' title='bbox 906 2564 1147 2635; x_wconf 86' lang='lat' dir='ltr'><strong>poterit?</strong></span> <span class='ocrx_word' id='word_1_201' title='bbox 1185 2564 1323 2619; x_wconf 91' lang='lat' dir='ltr'><strong>Nihil</strong></span> <span class='ocrx_word' id='word_1_202' title='bbox 1373 2577 1502 2618; x_wconf 91' lang='lat' dir='ltr'><strong>sane</strong></span> <span class='ocrx_word' id='word_1_203' title='bbox 1538 2580 1550 2616; x_wconf 93' lang='lat'>:</span> <span class='ocrx_word' id='word_1_204' title='bbox 1587 2563 1838 2633; x_wconf 86' lang='lat' dir='ltr'><strong>quamdiu</strong></span> <span class='ocrx_word' id='word_1_205' title='bbox 1893 2564 2030 2619; x_wconf 88' lang='lat' dir='ltr'><strong>hanc</strong></span> 
     </span>
    </p>
   </div>
   <div class='ocr_carea' id='block_1_27' title="bbox 452 2655 2031 2726">
    <p class='ocr_par' dir='ltr' id='par_1_27' title="bbox 452 2655 2031 2726">
     <span class='ocr_line' id='line_1_27' title="bbox 452 2655 2031 2726; baseline -0.002 -16"><span class='ocrx_word' id='word_1_206' title='bbox 452 2657 602 2711; x_wconf 75' lang='lat' dir='ltr'><strong>nobis</strong></span> <span class='ocrx_word' id='word_1_207' title='bbox 647 2672 805 2711; x_wconf 89' lang='lat' dir='ltr'><strong>nemo</strong></span> <span class='ocrx_word' id='word_1_208' title='bbox 853 2658 1131 2726; x_wconf 66' lang='lat' dir='ltr'><strong>eripuerit,</strong></span> <span class='ocrx_word' id='word_1_209' title='bbox 1183 2656 1430 2709; x_wconf 87' lang='lat' dir='ltr'><strong>omnilms</strong></span> <span class='ocrx_word' id='word_1_210' title='bbox 1477 2655 1782 2709; x_wconf 89' lang='lat' dir='ltr'><strong>hominibus</strong></span> <span class='ocrx_word' id='word_1_211' title='bbox 1831 2655 2031 2710; x_wconf 85' lang='lat' dir='ltr'><strong>erimus</strong></span> 
     </span>
    </p>
   </div>
   <div class='ocr_carea' id='block_1_28' title="bbox 453 2745 2030 2814">
    <p class='ocr_par' dir='ltr' id='par_1_28' title="bbox 453 2745 2030 2814">
     <span class='ocr_line' id='line_1_28' title="bbox 453 2745 2030 2814; baseline 0 -16"><span class='ocrx_word' id='word_1_212' title='bbox 453 2746 742 2811; x_wconf 82' lang='lat' dir='ltr'><strong>beatiores,</strong></span> <span class='ocrx_word' id='word_1_213' title='bbox 776 2756 827 2803; x_wconf 91' lang='lat' dir='ltr'><strong>et</strong></span> <span class='ocrx_word' id='word_1_214' title='bbox 863 2748 947 2801; x_wconf 91' lang='lat' dir='ltr'><strong>hic</strong></span> <span class='ocrx_word' id='word_1_215' title='bbox 978 2756 1032 2802; x_wconf 87' lang='lat' dir='ltr'><strong>et</strong></span> <span class='ocrx_word' id='word_1_216' title='bbox 1074 2764 1176 2799; x_wconf 81' lang='lat' dir='ltr'><strong>non</strong></span> <span class='ocrx_word' id='word_1_217' title='bbox 1208 2747 1314 2800; x_wconf 91' lang='lat' dir='ltr'><strong>illic</strong></span> <span class='ocrx_word' id='word_1_218' title='bbox 1344 2756 1565 2799; x_wconf 88' lang='lat' dir='ltr'><strong>tanttnn.</strong></span> <span class='ocrx_word' id='word_1_219' title='bbox 1612 2745 1691 2800; x_wconf 90' lang='lat' dir='ltr'><strong>Sit</strong></span> <span class='ocrx_word' id='word_1_220' title='bbox 1724 2747 1864 2799; x_wconf 91' lang='lat' dir='ltr'><strong>enim</strong></span> <span class='ocrx_word' id='word_1_221' title='bbox 1910 2746 2030 2814; x_wconf 90' lang='lat' dir='ltr'><strong>quis</strong></span> 
     </span>
    </p>
   </div>
   <div class='ocr_carea' id='block_1_29' title="bbox 450 2836 2032 2907">
    <p class='ocr_par' dir='ltr' id='par_1_29' title="bbox 450 2836 2032 2907">
     <span class='ocr_line' id='line_1_29' title="bbox 450 2836 2032 2907; baseline 0.001 -19"><span class='ocrx_word' id='word_1_222' title='bbox 450 2839 664 2892; x_wconf 88' lang='lat' dir='ltr'><strong>virtutis</strong></span> <span class='ocrx_word' id='word_1_223' title='bbox 697 2853 916 2907; x_wconf 75' lang='lat' dir='ltr'><strong>compos</strong></span> <span class='ocrx_word' id='word_1_224' title='bbox 946 2855 960 2901; x_wconf 90' lang='lat'><strong>;</strong></span> <span class='ocrx_word' id='word_1_225' title='bbox 1005 2847 1131 2891; x_wconf 85' lang='lat' dir='ltr'><strong>tunc</strong></span> <span class='ocrx_word' id='word_1_226' title='bbox 1178 2848 1229 2891; x_wconf 87' lang='lat' dir='ltr'><strong>et</strong></span> <span class='ocrx_word' id='word_1_227' title='bbox 1269 2851 1488 2891; x_wconf 79' lang='lat' dir='ltr'><strong>uxorem</strong></span> <span class='ocrx_word' id='word_1_228' title='bbox 1519 2836 1711 2889; x_wconf 90' lang='lat' dir='ltr'><strong>habeat</strong></span> <span class='ocrx_word' id='word_1_229' title='bbox 1732 2845 1783 2890; x_wconf 87' lang='lat' dir='ltr'><strong>ct</strong></span> <span class='ocrx_word' id='word_1_230' title='bbox 1813 2837 1949 2889; x_wconf 88' lang='lat' dir='ltr'><strong>lilios</strong></span> <span class='ocrx_word' id='word_1_231' title='bbox 1977 2846 2032 2890; x_wconf 88' lang='lat' dir='ltr'><strong>et</strong></span> 
     </span>
    </p>
   </div>
   <div class='ocr_carea' id='block_1_30' title="bbox 454 2927 2033 2997">
    <p class='ocr_par' dir='ltr' id='par_1_30' title="bbox 454 2927 2033 2997">
     <span class='ocr_line' id='line_1_30' title="bbox 454 2927 2033 2997; baseline 0.002 -20"><span class='ocrx_word' id='word_1_232' title='bbox 454 2929 727 2996; x_wconf 76' lang='lat' dir='ltr'><strong>pecunias,</strong></span> <span class='ocrx_word' id='word_1_233' title='bbox 762 2938 813 2981; x_wconf 88' lang='lat' dir='ltr'><strong>ct</strong></span> <span class='ocrx_word' id='word_1_234' title='bbox 840 2929 1174 2987; x_wconf 84' lang='lat' dir='ltr'><strong>circumlluat</strong></span> <span class='ocrx_word' id='word_1_235' title='bbox 1197 2927 1360 2997; x_wconf 81' lang='lat' dir='ltr'><strong>gloria</strong></span> <span class='ocrx_word' id='word_1_236' title='bbox 1386 2943 1400 2991; x_wconf 91' lang='lat'><strong>;</strong></span> <span class='ocrx_word' id='word_1_237' title='bbox 1430 2927 1480 2980; x_wconf 93' lang='lat' dir='ltr'><strong>in</strong></span> <span class='ocrx_word' id='word_1_238' title='bbox 1513 2927 1592 2979; x_wconf 85' lang='lat' dir='ltr'><strong>his</strong></span> <span class='ocrx_word' id='word_1_239' title='bbox 1612 2927 1857 2981; x_wconf 91' lang='lat' dir='ltr'><strong>omnibus</strong></span> <span class='ocrx_word' id='word_1_240' title='bbox 1884 2927 2033 2981; x_wconf 88' lang='lat' dir='ltr'><strong>simi-</strong></span> 
     </span>
    </p>
   </div>
   <div class='ocr_carea' id='block_1_31' title="bbox 457 3016 2032 3080">
    <p class='ocr_par' dir='ltr' id='par_1_31' title="bbox 457 3016 2032 3080">
     <span class='ocr_line' id='line_1_31' title="bbox 457 3016 2032 3080; baseline 0.002 -10"><span class='ocrx_word' id='word_1_241' title='bbox 457 3019 578 3071; x_wconf 86' lang='lat' dir='ltr'><strong>liter</strong></span> <span class='ocrx_word' id='word_1_242' title='bbox 628 3018 877 3071; x_wconf 89' lang='lat' dir='ltr'><strong>virtutctn</strong></span> <span class='ocrx_word' id='word_1_243' title='bbox 925 3017 1173 3071; x_wconf 82' lang='lat' dir='ltr'><strong>relittcbil</strong></span> <span class='ocrx_word' id='word_1_244' title='bbox 1225 3034 1238 3070; x_wconf 93' lang='lat'>:</span> <span class='ocrx_word' id='word_1_245' title='bbox 1291 3017 1440 3070; x_wconf 89' lang='lat' dir='ltr'><strong>attl&#39;er</strong></span> <span class='ocrx_word' id='word_1_246' title='bbox 1486 3016 1628 3080; x_wconf 75' lang='lat' dir='ltr'><strong>lucc;</strong></span> <span class='ocrx_word' id='word_1_247' title='bbox 1688 3016 2032 3073; x_wconf 85' lang='lat' dir='ltr'><strong>nihilominus</strong></span> 
     </span>
    </p>
   </div>
   <div class='ocr_carea' id='block_1_32' title="bbox 458 3109 2030 3173">
    <p class='ocr_par' dir='ltr' id='par_1_32' title="bbox 458 3109 2030 3173">
     <span class='ocr_line' id='line_1_32' title="bbox 458 3109 2030 3173; baseline 0.003 -14"><span class='ocrx_word' id='word_1_248' title='bbox 458 3111 707 3164; x_wconf 80' lang='lat' dir='ltr'><strong>virtutem</strong></span> <span class='ocrx_word' id='word_1_249' title='bbox 744 3110 1011 3164; x_wconf 71' lang='lat' dir='ltr'><strong>exvrcebit</strong></span> <span class='ocrx_word' id='word_1_250' title='bbox 1035 3151 1047 3173; x_wconf 88' lang='lat'><strong>,</strong></span> <span class='ocrx_word' id='word_1_251' title='bbox 1078 3126 1183 3163; x_wconf 82' lang='lat' dir='ltr'><strong>non</strong></span> <span class='ocrx_word' id='word_1_252' title='bbox 1224 3109 1615 3163; x_wconf 88' lang='lat' dir='ltr'><strong>calamitatibus</strong></span> <span class='ocrx_word' id='word_1_253' title='bbox 1655 3109 1897 3173; x_wconf 86' lang='lat' dir='ltr'><strong>obrutus,</strong></span> <span class='ocrx_word' id='word_1_254' title='bbox 1928 3125 2030 3164; x_wconf 89' lang='lat' dir='ltr'><strong>non</strong></span> 
     </span>
    </p>
   </div>
   <div class='ocr_carea' id='block_1_33' title="bbox 458 3200 2030 3272">
    <p class='ocr_par' dir='ltr' id='par_1_33' title="bbox 458 3200 2030 3272">
     <span class='ocr_line' id='line_1_33' title="bbox 458 3200 2030 3272; baseline 0.005 -22"><span class='ocrx_word' id='word_1_255' title='bbox 458 3216 523 3253; x_wconf 77' lang='lat' dir='ltr'><strong>cx</strong></span> <span class='ocrx_word' id='word_1_256' title='bbox 571 3201 925 3269; x_wconf 76' lang='lat' dir='ltr'><strong>prosperitate</strong></span> <span class='ocrx_word' id='word_1_257' title='bbox 977 3211 1319 3266; x_wconf 88' lang='lat' dir='ltr'><strong>tumescens;</strong></span> <span class='ocrx_word' id='word_1_258' title='bbox 1370 3200 1470 3254; x_wconf 86' lang='lat' dir='ltr'><strong>sed</strong></span> <span class='ocrx_word' id='word_1_259' title='bbox 1505 3200 1726 3272; x_wconf 89' lang='lat' dir='ltr'><strong>perinde</strong></span> <span class='ocrx_word' id='word_1_260' title='bbox 1772 3217 1834 3256; x_wconf 91' lang='lat' dir='ltr'><strong>ac</strong></span> <span class='ocrx_word' id='word_1_261' title='bbox 1880 3212 2030 3272; x_wconf 90' lang='lat' dir='ltr'><strong>petra</strong></span> 
     </span>
    </p>
   </div>
   <div class='ocr_carea' id='block_1_34' title="bbox 453 3290 2032 3362">
    <p class='ocr_par' dir='ltr' id='par_1_34' title="bbox 453 3290 2032 3362">
     <span class='ocr_line' id='line_1_34' title="bbox 453 3290 2032 3362; baseline 0.006 -20"><span class='ocrx_word' id='word_1_262' title='bbox 453 3290 697 3358; x_wconf 76' lang='lat' dir='ltr'><strong>qnzrdam</strong></span> <span class='ocrx_word' id='word_1_263' title='bbox 746 3293 1029 3355; x_wconf 90' lang='lat' dir='ltr'><strong>maritima,</strong></span> <span class='ocrx_word' id='word_1_264' title='bbox 1063 3292 1174 3347; x_wconf 85' lang='lat' dir='ltr'><strong>sive</strong></span> <span class='ocrx_word' id='word_1_265' title='bbox 1203 3301 1409 3362; x_wconf 81' lang='lat' dir='ltr'><strong>turgcat</strong></span> <span class='ocrx_word' id='word_1_266' title='bbox 1437 3308 1603 3356; x_wconf 89' lang='lat' dir='ltr'><strong>mare,</strong></span> <span class='ocrx_word' id='word_1_267' title='bbox 1654 3294 1765 3349; x_wconf 90' lang='lat' dir='ltr'><strong>sive</strong></span> <span class='ocrx_word' id='word_1_268' title='bbox 1810 3296 2032 3352; x_wconf 83' lang='lat' dir='ltr'><strong>malacia</strong></span> 
     </span>
    </p>
   </div>
   <div class='ocr_carea' id='block_1_35' title="bbox 456 3368 2033 3457">
    <p class='ocr_par' dir='ltr' id='par_1_35' title="bbox 456 3368 2033 3457">
     <span class='ocr_line' id='line_1_35' title="bbox 456 3368 2033 3457; baseline 0.005 -23"><span class='ocrx_word' id='word_1_269' title='bbox 456 3385 675 3437; x_wconf 64' lang='lat' dir='ltr'><strong>exsistat</strong></span> <span class='ocrx_word' id='word_1_270' title='bbox 700 3425 713 3445; x_wconf 90' lang='lat'><strong>,</strong></span> <span class='ocrx_word' id='word_1_271' title='bbox 759 3400 910 3454; x_wconf 74' lang='lat' dir='ltr'><strong>:rquc</strong></span> <span class='ocrx_word' id='word_1_272' title='bbox 941 3395 1120 3439; x_wconf 91' lang='lat' dir='ltr'><strong>manet</strong></span> <span class='ocrx_word' id='word_1_273' title='bbox 1165 3368 1473 3451; x_wconf 84' lang='lat' dir='ltr'><strong>immobilis,</strong></span> <span class='ocrx_word' id='word_1_274' title='bbox 1504 3401 1681 3457; x_wconf 81' lang='lat' dir='ltr'><strong>neque</strong></span> <span class='ocrx_word' id='word_1_275' title='bbox 1725 3403 1752 3440; x_wconf 89' lang='lat' dir='ltr'><strong>a</strong></span> <span class='ocrx_word' id='word_1_276' title='bbox 1788 3386 2033 3442; x_wconf 84' lang='lat' dir='ltr'><strong>ﬂuctibus</strong></span> 
     </span>
    </p>
   </div>
   <div class='ocr_carea' id='block_1_36' title="bbox 458 3474 2033 3546">
    <p class='ocr_par' dir='ltr' id='par_1_36' title="bbox 458 3474 2033 3546">
     <span class='ocr_line' id='line_1_36' title="bbox 458 3474 2033 3546; baseline 0.004 -20"><span class='ocrx_word' id='word_1_277' title='bbox 458 3474 646 3542; x_wconf 84' lang='lat' dir='ltr'><strong>fracta,</strong></span> <span class='ocrx_word' id='word_1_278' title='bbox 683 3490 857 3544; x_wconf 89' lang='lat' dir='ltr'><strong>neque</strong></span> <span class='ocrx_word' id='word_1_279' title='bbox 884 3491 911 3528; x_wconf 96' lang='lat' dir='ltr'><strong>a</strong></span> <span class='ocrx_word' id='word_1_280' title='bbox 943 3477 1160 3531; x_wconf 88' lang='lat' dir='ltr'><strong>malacia</strong></span> <span class='ocrx_word' id='word_1_281' title='bbox 1192 3477 1481 3546; x_wconf 87' lang='lat' dir='ltr'><strong>quidquam</strong></span> <span class='ocrx_word' id='word_1_282' title='bbox 1512 3477 1688 3531; x_wconf 90' lang='lat' dir='ltr'><strong>damni</strong></span> <span class='ocrx_word' id='word_1_283' title='bbox 1723 3493 1873 3545; x_wconf 87' lang='lat' dir='ltr'><strong>passa</strong></span> <span class='ocrx_word' id='word_1_284' title='bbox 1912 3497 1924 3533; x_wconf 92' lang='lat'>:</span> <span class='ocrx_word' id='word_1_285' title='bbox 1964 3479 2033 3533; x_wconf 89' lang='lat' dir='ltr'><strong>ita</strong></span> 
     </span>
    </p>
   </div>
   <div class='ocr_carea' id='block_1_37' title="bbox 457 3565 2035 3637">
    <p class='ocr_par' dir='ltr' id='par_1_37' title="bbox 457 3565 2035 3637">
     <span class='ocr_line' id='line_1_37' title="bbox 457 3565 2035 3637; baseline 0.004 -21"><span class='ocrx_word' id='word_1_286' title='bbox 457 3565 617 3619; x_wconf 84' lang='lat' dir='ltr'><strong>etiam</strong></span> <span class='ocrx_word' id='word_1_287' title='bbox 649 3566 853 3620; x_wconf 89' lang='lat' dir='ltr'><strong>solidus</strong></span> <span class='ocrx_word' id='word_1_288' title='bbox 895 3569 1103 3621; x_wconf 90' lang='lat' dir='ltr'><strong>animus</strong></span> <span class='ocrx_word' id='word_1_289' title='bbox 1145 3582 1295 3637; x_wconf 78' lang='lat' dir='ltr'><strong>:rquc</strong></span> <span class='ocrx_word' id='word_1_290' title='bbox 1323 3567 1526 3621; x_wconf 87' lang='lat' dir='ltr'><strong>stabilis</strong></span> <span class='ocrx_word' id='word_1_291' title='bbox 1558 3577 1759 3637; x_wconf 87' lang='lat' dir='ltr'><strong>perstat</strong></span> <span class='ocrx_word' id='word_1_292' title='bbox 1785 3569 1836 3623; x_wconf 92' lang='lat' dir='ltr'><strong>in</strong></span> <span class='ocrx_word' id='word_1_293' title='bbox 1863 3568 2035 3624; x_wconf 84' lang='lat' dir='ltr'><strong>llucti-</strong></span> 
     </span>
    </p>
   </div>
   <div class='ocr_carea' id='block_1_38' title="bbox 459 3654 2036 3726">
    <p class='ocr_par' dir='ltr' id='par_1_38' title="bbox 459 3654 2036 3726">
     <span class='ocr_line' id='line_1_38' title="bbox 459 3654 2036 3726; baseline 0.004 -21"><span class='ocrx_word' id='word_1_294' title='bbox 459 3654 576 3720; x_wconf 91' lang='lat' dir='ltr'><strong>bus,</strong></span> <span class='ocrx_word' id='word_1_295' title='bbox 606 3663 657 3707; x_wconf 94' lang='lat' dir='ltr'><strong>ct</strong></span> <span class='ocrx_word' id='word_1_296' title='bbox 690 3656 738 3709; x_wconf 91' lang='lat' dir='ltr'><strong>in</strong></span> <span class='ocrx_word' id='word_1_297' title='bbox 771 3657 1012 3710; x_wconf 88' lang='lat' dir='ltr'><strong>malacia.</strong></span> <span class='ocrx_word' id='word_1_298' title='bbox 1064 3656 1127 3710; x_wconf 86' lang='lat' dir='ltr'><strong>Et</strong></span> <span class='ocrx_word' id='word_1_299' title='bbox 1160 3656 1608 3725; x_wconf 88' lang='lat' dir='ltr'><strong>quemadmodum</strong></span> <span class='ocrx_word' id='word_1_300' title='bbox 1640 3658 1843 3726; x_wconf 90' lang='lat' dir='ltr'><strong>pueruli</strong></span> <span class='ocrx_word' id='word_1_301' title='bbox 1881 3659 2036 3712; x_wconf 55' lang='lat' dir='ltr'><strong>navi-</strong></span> 
     </span>
    </p>
   </div>
   <div class='ocr_carea' id='block_1_39' title="bbox 455 3745 2035 3815">
    <p class='ocr_par' dir='ltr' id='par_1_39' title="bbox 455 3745 2035 3815">
     <span class='ocr_line' id='line_1_39' title="bbox 455 3745 2035 3815; baseline 0.006 -22"><span class='ocrx_word' id='word_1_302' title='bbox 455 3745 544 3814; x_wconf 66' lang='grc' dir='ltr'><strong>ιςΞο</strong></span> <span class='ocrx_word' id='word_1_303' title='bbox 584 3746 720 3799; x_wconf 88' lang='lat' dir='ltr'><strong>vecti</strong></span> <span class='ocrx_word' id='word_1_304' title='bbox 760 3746 1059 3810; x_wconf 89' lang='lat' dir='ltr'><strong>turbantur,</strong></span> <span class='ocrx_word' id='word_1_305' title='bbox 1103 3746 1430 3815; x_wconf 76' lang='lat' dir='ltr'><strong>gubernator</strong></span> <span class='ocrx_word' id='word_1_306' title='bbox 1467 3756 1642 3801; x_wconf 90' lang='lat' dir='ltr'><strong>autem</strong></span> <span class='ocrx_word' id='word_1_307' title='bbox 1675 3747 1823 3802; x_wconf 86' lang='lat' dir='ltr'><strong>sedet</strong></span> <span class='ocrx_word' id='word_1_308' title='bbox 1854 3749 2035 3804; x_wconf 88' lang='lat' dir='ltr'><strong>ridens</strong></span> 
     </span>
    </p>
   </div>
   <div class='ocr_carea' id='block_1_40' title="bbox 459 3835 2031 3908">
    <p class='ocr_par' dir='ltr' id='par_1_40' title="bbox 459 3835 2031 3908">
     <span class='ocr_line' id='line_1_40' title="bbox 459 3835 2031 3908; baseline 0.004 -21"><span class='ocrx_word' id='word_1_309' title='bbox 459 3844 513 3887; x_wconf 92' lang='lat' dir='ltr'><strong>ct</strong></span> <span class='ocrx_word' id='word_1_310' title='bbox 554 3835 833 3896; x_wconf 82' lang='lat' dir='ltr'><strong>immotus,</strong></span> <span class='ocrx_word' id='word_1_311' title='bbox 887 3844 939 3887; x_wconf 92' lang='lat' dir='ltr'><strong>et</strong></span> <span class='ocrx_word' id='word_1_312' title='bbox 968 3850 1031 3888; x_wconf 82' lang='lat' dir='ltr'><strong>ex</strong></span> <span class='ocrx_word' id='word_1_313' title='bbox 1075 3835 1285 3888; x_wconf 92' lang='lat' dir='ltr'><strong>illorum</strong></span> <span class='ocrx_word' id='word_1_314' title='bbox 1321 3836 1674 3905; x_wconf 87' lang='lat' dir='ltr'><strong>trepidatione</strong></span> <span class='ocrx_word' id='word_1_315' title='bbox 1702 3838 2031 3908; x_wconf 80' lang='lat' dir='ltr'><strong>voluptatem</strong></span> 
     </span>
    </p>
   </div>
   <div class='ocr_carea' id='block_1_41' title="bbox 460 3924 2037 3995">
    <p class='ocr_par' dir='ltr' id='par_1_41' title="bbox 460 3924 2037 3995">
     <span class='ocr_line' id='line_1_41' title="bbox 460 3924 2037 3995; baseline 0.006 -18"><span class='ocrx_word' id='word_1_316' title='bbox 460 3924 603 3992; x_wconf 88' lang='lat' dir='ltr'><strong>capit</strong></span> <span class='ocrx_word' id='word_1_317' title='bbox 638 3941 650 3977; x_wconf 93' lang='lat'>:</span> <span class='ocrx_word' id='word_1_318' title='bbox 694 3924 761 3976; x_wconf 92' lang='lat' dir='ltr'><strong>ita</strong></span> <span class='ocrx_word' id='word_1_319' title='bbox 797 3925 1005 3977; x_wconf 88' lang='lat' dir='ltr'><strong>animus</strong></span> <span class='ocrx_word' id='word_1_320' title='bbox 1033 3925 1449 3995; x_wconf 78' lang='lat' dir='ltr'><strong>philosophicas,</strong></span> <span class='ocrx_word' id='word_1_321' title='bbox 1478 3927 1607 3983; x_wconf 90' lang='lat' dir='ltr'><strong>dum</strong></span> <span class='ocrx_word' id='word_1_322' title='bbox 1643 3930 1820 3985; x_wconf 47' lang='lat' dir='ltr'><strong>caeteri</strong></span> <span class='ocrx_word' id='word_1_323' title='bbox 1849 3945 2037 3987; x_wconf 91' lang='lat' dir='ltr'><strong>omnes</strong></span> 
     </span>
    </p>
   </div>
   <div class='ocr_carea' id='block_1_42' title="bbox 456 4013 2031 4087">
    <p class='ocr_par' dir='ltr' id='par_1_42' title="bbox 456 4013 2031 4087">
     <span class='ocr_line' id='line_1_42' title="bbox 456 4013 2031 4087; baseline 0.006 -20"><span class='ocrx_word' id='word_1_324' title='bbox 456 4013 760 4080; x_wconf 90' lang='lat' dir='ltr'><strong>turbantur,</strong></span> <span class='ocrx_word' id='word_1_325' title='bbox 804 4025 896 4068; x_wconf 90' lang='lat' dir='ltr'><strong>aut</strong></span> <span class='ocrx_word' id='word_1_326' title='bbox 918 4015 1149 4071; x_wconf 91' lang='lat' dir='ltr'><strong>vicissim</strong></span> <span class='ocrx_word' id='word_1_327' title='bbox 1175 4015 1351 4071; x_wconf 89' lang='lat' dir='ltr'><strong>rident</strong></span> <span class='ocrx_word' id='word_1_328' title='bbox 1381 4018 1756 4087; x_wconf 78' lang='lat' dir='ltr'><strong>intempestive</strong></span> <span class='ocrx_word' id='word_1_329' title='bbox 1779 4021 1830 4074; x_wconf 91' lang='lat' dir='ltr'><strong>in</strong></span> <span class='ocrx_word' id='word_1_330' title='bbox 1852 4037 2031 4077; x_wconf 87' lang='lat' dir='ltr'><strong>rerum</strong></span> 
     </span>
    </p>
   </div>
   <div class='ocr_carea' id='block_1_43' title="bbox 457 4104 2032 4183">
    <p class='ocr_par' dir='ltr' id='par_1_43' title="bbox 457 4104 2032 4183">
     <span class='ocr_line' id='line_1_43' title="bbox 457 4104 2032 4183; baseline 0.006 -24"><span class='ocrx_word' id='word_1_331' title='bbox 457 4104 882 4172; x_wconf 88' lang='lat' dir='ltr'><strong>mutationibus,</strong></span> <span class='ocrx_word' id='word_1_332' title='bbox 922 4106 1033 4176; x_wconf 90' lang='lat' dir='ltr'><strong>ipse</strong></span> <span class='ocrx_word' id='word_1_333' title='bbox 1071 4108 1220 4177; x_wconf 91' lang='lat' dir='ltr'><strong>quasi</strong></span> <span class='ocrx_word' id='word_1_334' title='bbox 1262 4109 1327 4163; x_wconf 89' lang='lat' dir='ltr'><strong>ad</strong></span> <span class='ocrx_word' id='word_1_335' title='bbox 1358 4109 1564 4164; x_wconf 87' lang='lat' dir='ltr'><strong>clavum</strong></span> <span class='ocrx_word' id='word_1_336' title='bbox 1600 4112 1887 4181; x_wconf 85' lang='lat' dir='ltr'><strong>quemdam</strong></span> <span class='ocrx_word' id='word_1_337' title='bbox 1917 4114 2032 4183; x_wconf 89' lang='lat' dir='ltr'><strong>pie-</strong></span> 
     </span>
    </p>
   </div>
   <div class='ocr_carea' id='block_1_44' title="bbox 1187 230 2959 320">
    <p class='ocr_par' dir='ltr' id='par_1_44' title="bbox 1187 230 2959 320">
     <span class='ocr_line' id='line_1_44' title="bbox 1187 230 2959 320; baseline 0 -2"><span class='ocrx_word' id='word_1_338' title='bbox 1187 263 1243 318; x_wconf 86' lang='lat' dir='ltr'><strong>S.</strong></span> <span class='ocrx_word' id='word_1_339' title='bbox 1270 261 1545 318; x_wconf 69' lang='lat' dir='ltr'><strong>JOANNIS</strong></span> <span class='ocrx_word' id='word_1_340' title='bbox 1578 260 2050 320; x_wconf 73' lang='lat' dir='ltr'><strong>CIIRYSOSTOMI</strong></span> <span class='ocrx_word' id='word_1_341' title='bbox 2089 230 2402 319; x_wconf 69' lang='lat' dir='ltr'><strong>ARClilEP.</strong></span> <span class='ocrx_word' id='word_1_342' title='bbox 2431 261 2959 319; x_wconf 73' lang='lat' dir='ltr'><strong>CONS&#39;I‘ANTINOP.</strong></span> 
     </span>
    </p>
   </div>
   <div class='ocr_carea' id='block_1_45' title="bbox 3599 272 3705 330">
    <p class='ocr_par' dir='ltr' id='par_1_45' title="bbox 3599 272 3705 330">
     <span class='ocr_line' id='line_1_45' title="bbox 3599 272 3705 330; baseline 0.038 -3"><span class='ocrx_word' id='word_1_343' title='bbox 3599 272 3705 330; x_wconf 75' lang='lat'><strong>276</strong></span> 
     </span>
    </p>
   </div>
   <div class='ocr_carea' id='block_1_46' title="bbox 2128 375 3741 451">
    <p class='ocr_par' dir='ltr' id='par_1_46' title="bbox 2128 375 3741 451">
     <span class='ocr_line' id='line_1_46' title="bbox 2128 375 3741 451; baseline 0.009 -25"><span class='ocrx_word' id='word_1_344' title='bbox 2128 375 2250 429; x_wconf 88' lang='lat' dir='ltr'><strong>tatis</strong></span> <span class='ocrx_word' id='word_1_345' title='bbox 2280 375 2474 431; x_wconf 87' lang='lat' dir='ltr'><strong>sedens</strong></span> <span class='ocrx_word' id='word_1_346' title='bbox 2516 383 2712 445; x_wconf 85' lang='lat' dir='ltr'><strong>perstat</strong></span> <span class='ocrx_word' id='word_1_347' title='bbox 2754 376 3029 431; x_wconf 88' lang='lat' dir='ltr'><strong>immotus.</strong></span> <span class='ocrx_word' id='word_1_348' title='bbox 3052 376 3188 444; x_wconf 87' lang='lat' dir='ltr'><strong>Qttid</strong></span> <span class='ocrx_word' id='word_1_349' title='bbox 3221 380 3385 445; x_wconf 88' lang='lat' dir='ltr'><strong>enim,</strong></span> <span class='ocrx_word' id='word_1_350' title='bbox 3419 383 3503 438; x_wconf 90' lang='lat' dir='ltr'><strong>dic</strong></span> <span class='ocrx_word' id='word_1_351' title='bbox 3530 385 3660 441; x_wconf 88' lang='lat' dir='ltr'><strong>mihi</strong></span> <span class='ocrx_word' id='word_1_352' title='bbox 3682 385 3741 451; x_wconf 68' lang='grc'><strong>,⁸,</strong></span> 
     </span>
    </p>
   </div>
   <div class='ocr_carea' id='block_1_47' title="bbox 2122 467 3705 539">
    <p class='ocr_par' dir='ltr' id='par_1_47' title="bbox 2122 467 3705 539">
     <span class='ocr_line' id='line_1_47' title="bbox 2122 467 3705 539; baseline 0.008 -19"><span class='ocrx_word' id='word_1_353' title='bbox 2122 468 2357 521; x_wconf 88' lang='lat' dir='ltr'><strong>animam</strong></span> <span class='ocrx_word' id='word_1_354' title='bbox 2412 468 2552 537; x_wconf 90' lang='lat' dir='ltr'><strong>piam</strong></span> <span class='ocrx_word' id='word_1_355' title='bbox 2612 467 2928 536; x_wconf 88' lang='lat' dir='ltr'><strong>perturbare</strong></span> <span class='ocrx_word' id='word_1_356' title='bbox 2974 470 3185 539; x_wconf 83' lang='lat' dir='ltr'><strong>potest?</strong></span> <span class='ocrx_word' id='word_1_357' title='bbox 3241 487 3369 526; x_wconf 90' lang='lat' dir='ltr'><strong>num</strong></span> <span class='ocrx_word' id='word_1_358' title='bbox 3417 475 3599 531; x_wconf 78' lang='lat' dir='ltr'><strong>mors?</strong></span> <span class='ocrx_word' id='word_1_359' title='bbox 3647 489 3705 533; x_wconf 84' lang='lat' dir='ltr'><strong>at</strong></span> 
     </span>
    </p>
   </div>
   <div class='ocr_carea' id='block_1_48' title="bbox 2126 555 3703 631">
    <p class='ocr_par' dir='ltr' id='par_1_48' title="bbox 2126 555 3703 631">
     <span class='ocr_line' id='line_1_48' title="bbox 2126 555 3703 631; baseline 0.008 -22"><span class='ocrx_word' id='word_1_360' title='bbox 2126 556 2228 611; x_wconf 92' lang='lat' dir='ltr'><strong>hoc</strong></span> <span class='ocrx_word' id='word_1_361' title='bbox 2271 555 2509 611; x_wconf 83' lang='lat' dir='ltr'><strong>nn-lioris</strong></span> <span class='ocrx_word' id='word_1_362' title='bbox 2557 557 2680 610; x_wconf 83' lang='lat' dir='ltr'><strong>vine</strong></span> <span class='ocrx_word' id='word_1_363' title='bbox 2734 557 2967 613; x_wconf 92' lang='lat' dir='ltr'><strong>initium.</strong></span> <span class='ocrx_word' id='word_1_364' title='bbox 3017 562 3096 614; x_wconf 80' lang='lat' dir='ltr'><strong>An</strong></span> <span class='ocrx_word' id='word_1_365' title='bbox 3142 564 3463 631; x_wconf 79' lang='lat' dir='ltr'><strong>paupertas?</strong></span> <span class='ocrx_word' id='word_1_366' title='bbox 3507 576 3562 619; x_wconf 89' lang='lat' dir='ltr'><strong>at</strong></span> <span class='ocrx_word' id='word_1_367' title='bbox 3600 566 3703 622; x_wconf 89' lang='lat' dir='ltr'><strong>hoc</strong></span> 
     </span>
    </p>
   </div>
   <div class='ocr_carea' id='block_1_49' title="bbox 2126 648 3704 725">
    <p class='ocr_par' dir='ltr' id='par_1_49' title="bbox 2126 648 3704 725">
     <span class='ocr_line' id='line_1_49' title="bbox 2126 648 3704 725; baseline 0.008 -23"><span class='ocrx_word' id='word_1_368' title='bbox 2126 649 2294 718; x_wconf 88' lang='lat' dir='ltr'><strong>ipsam</strong></span> <span class='ocrx_word' id='word_1_369' title='bbox 2322 648 2563 716; x_wconf 90' lang='lat' dir='ltr'><strong>provehit</strong></span> <span class='ocrx_word' id='word_1_370' title='bbox 2594 649 2645 702; x_wconf 91' lang='lat' dir='ltr'><strong>in</strong></span> <span class='ocrx_word' id='word_1_371' title='bbox 2679 649 2889 705; x_wconf 90' lang='lat' dir='ltr'><strong>virtutis</strong></span> <span class='ocrx_word' id='word_1_372' title='bbox 2920 652 3022 704; x_wconf 84' lang='lat' dir='ltr'><strong>via.</strong></span> <span class='ocrx_word' id='word_1_373' title='bbox 3074 654 3154 706; x_wconf 82' lang='lat' dir='ltr'><strong>An</strong></span> <span class='ocrx_word' id='word_1_374' title='bbox 3184 654 3445 709; x_wconf 85' lang='lat' dir='ltr'><strong>morbus?</strong></span> <span class='ocrx_word' id='word_1_375' title='bbox 3467 656 3570 711; x_wconf 87' lang='lat' dir='ltr'><strong>Sed</strong></span> <span class='ocrx_word' id='word_1_376' title='bbox 3607 675 3704 725; x_wconf 79' lang='lat' dir='ltr'><strong>pro</strong></span> 
     </span>
    </p>
   </div>
   <div class='ocr_carea' id='block_1_50' title="bbox 2125 739 3704 821">
    <p class='ocr_par' dir='ltr' id='par_1_50' title="bbox 2125 739 3704 821">
     <span class='ocr_line' id='line_1_50' title="bbox 2125 739 3704 821; baseline 0.007 -27"><span class='ocrx_word' id='word_1_377' title='bbox 2125 740 2293 794; x_wconf 90' lang='lat' dir='ltr'><strong>nihilo</strong></span> <span class='ocrx_word' id='word_1_378' title='bbox 2319 739 2479 794; x_wconf 82' lang='lat' dir='ltr'><strong>habet</strong></span> <span class='ocrx_word' id='word_1_379' title='bbox 2508 740 2643 795; x_wconf 88' lang='lat' dir='ltr'><strong>hanc</strong></span> <span class='ocrx_word' id='word_1_380' title='bbox 2668 741 2849 796; x_wconf 84' lang='lat' dir='ltr'><strong>vitam.</strong></span> <span class='ocrx_word' id='word_1_381' title='bbox 2895 742 2960 796; x_wconf 84' lang='lat' dir='ltr'><strong>Et</strong></span> <span class='ocrx_word' id='word_1_382' title='bbox 2982 743 3108 813; x_wconf 88' lang='lat' dir='ltr'><strong>quid</strong></span> <span class='ocrx_word' id='word_1_383' title='bbox 3136 744 3256 800; x_wconf 87' lang='lat' dir='ltr'><strong>dico</strong></span> <span class='ocrx_word' id='word_1_384' title='bbox 3280 749 3523 821; x_wconf 81' lang='lat' dir='ltr'><strong>merbum</strong></span> <span class='ocrx_word' id='word_1_385' title='bbox 3548 750 3570 802; x_wconf 70' lang='grc'>9</span> <span class='ocrx_word' id='word_1_386' title='bbox 3604 766 3704 820; x_wconf 92' lang='lat' dir='ltr'><strong>pro</strong></span> 
     </span>
    </p>
   </div>
   <div class='ocr_carea' id='block_1_51' title="bbox 2126 830 3700 906">
    <p class='ocr_par' dir='ltr' id='par_1_51' title="bbox 2126 830 3700 906">
     <span class='ocr_line' id='line_1_51' title="bbox 2126 830 3700 906; baseline 0.009 -22"><span class='ocrx_word' id='word_1_387' title='bbox 2126 831 2293 884; x_wconf 90' lang='lat' dir='ltr'><strong>nihilo</strong></span> <span class='ocrx_word' id='word_1_388' title='bbox 2338 847 2489 900; x_wconf 40' lang='lat' dir='ltr'><strong>alque</strong></span> <span class='ocrx_word' id='word_1_389' title='bbox 2536 830 2695 886; x_wconf 88' lang='lat' dir='ltr'><strong>habet</strong></span> <span class='ocrx_word' id='word_1_390' title='bbox 2745 832 3130 889; x_wconf 88' lang='lat' dir='ltr'><strong>delectationes</strong></span> <span class='ocrx_word' id='word_1_391' title='bbox 3201 844 3360 906; x_wconf 87' lang='lat' dir='ltr'><strong>atque</strong></span> <span class='ocrx_word' id='word_1_392' title='bbox 3390 855 3700 898; x_wconf 77' lang='lat' dir='ltr'><strong>:crumnas:</strong></span> 
     </span>
    </p>
   </div>
   <div class='ocr_carea' id='block_1_52' title="bbox 2124 921 3703 1002">
    <p class='ocr_par' dir='ltr' id='par_1_52' title="bbox 2124 921 3703 1002">
     <span class='ocr_line' id='line_1_52' title="bbox 2124 921 3703 1002; baseline 0.009 -29"><span class='ocrx_word' id='word_1_393' title='bbox 2124 921 2433 990; x_wconf 82' lang='lat' dir='ltr'><strong>anticipavit</strong></span> <span class='ocrx_word' id='word_1_394' title='bbox 2456 922 2597 975; x_wconf 90' lang='lat' dir='ltr'><strong>enim</strong></span> <span class='ocrx_word' id='word_1_395' title='bbox 2624 963 2637 985; x_wconf 93' lang='lat'><strong>,</strong></span> <span class='ocrx_word' id='word_1_396' title='bbox 2666 936 2728 977; x_wconf 87' lang='lat' dir='ltr'><strong>ac</strong></span> <span class='ocrx_word' id='word_1_397' title='bbox 2753 936 2813 978; x_wconf 93' lang='lat' dir='ltr'><strong>se</strong></span> <span class='ocrx_word' id='word_1_398' title='bbox 2842 923 2953 993; x_wconf 90' lang='lat' dir='ltr'><strong>ipsa</strong></span> <span class='ocrx_word' id='word_1_399' title='bbox 2980 926 3092 994; x_wconf 86' lang='lat' dir='ltr'><strong>jam</strong></span> <span class='ocrx_word' id='word_1_400' title='bbox 3121 926 3330 983; x_wconf 81' lang='lat' dir='ltr'><strong>afﬂixit.</strong></span> <span class='ocrx_word' id='word_1_401' title='bbox 3374 931 3451 984; x_wconf 80' lang='lat' dir='ltr'><strong>An</strong></span> <span class='ocrx_word' id='word_1_402' title='bbox 3492 932 3703 1002; x_wconf 73' lang='lat' dir='ltr'><strong>ignobi-</strong></span> 
     </span>
    </p>
   </div>
   <div class='ocr_carea' id='block_1_53' title="bbox 2122 1011 3706 1087">
    <p class='ocr_par' dir='ltr' id='par_1_53' title="bbox 2122 1011 3706 1087">
     <span class='ocr_line' id='line_1_53' title="bbox 2122 1011 3706 1087; baseline 0.007 -20"><span class='ocrx_word' id='word_1_403' title='bbox 2122 1011 2287 1068; x_wconf 87' lang='lat' dir='ltr'><strong>litas?</strong></span> <span class='ocrx_word' id='word_1_404' title='bbox 2325 1012 2419 1067; x_wconf 90' lang='lat' dir='ltr'><strong>sed</strong></span> <span class='ocrx_word' id='word_1_405' title='bbox 2466 1012 2693 1067; x_wconf 92' lang='lat' dir='ltr'><strong>mundus</strong></span> <span class='ocrx_word' id='word_1_406' title='bbox 2739 1015 2837 1083; x_wconf 91' lang='lat' dir='ltr'><strong>ipsi</strong></span> <span class='ocrx_word' id='word_1_407' title='bbox 2872 1018 3158 1072; x_wconf 76' lang='lat' dir='ltr'><strong>crucifixus</strong></span> <span class='ocrx_word' id='word_1_408' title='bbox 3196 1029 3279 1075; x_wconf 91' lang='lat' dir='ltr'><strong>est</strong></span> <span class='ocrx_word' id='word_1_409' title='bbox 3353 1023 3433 1076; x_wconf 84' lang='lat' dir='ltr'><strong>An</strong></span> <span class='ocrx_word' id='word_1_410' title='bbox 3484 1025 3706 1087; x_wconf 84' lang='lat' dir='ltr'><strong>amissio</strong></span> 
     </span>
    </p>
   </div>
   <div class='ocr_carea' id='block_1_54' title="bbox 2122 1102 2982 1172">
    <p class='ocr_par' dir='ltr' id='par_1_54' title="bbox 2122 1102 2982 1172">
     <span class='ocr_line' id='line_1_54' title="bbox 2122 1102 2982 1172; baseline 0.003 -15"><span class='ocrx_word' id='word_1_411' title='bbox 2122 1103 2462 1159; x_wconf 85' lang='lat' dir='ltr'><strong>liberorum?</strong></span> <span class='ocrx_word' id='word_1_412' title='bbox 2503 1102 2596 1157; x_wconf 91' lang='lat' dir='ltr'><strong>sed</strong></span> <span class='ocrx_word' id='word_1_413' title='bbox 2629 1119 2731 1157; x_wconf 87' lang='lat' dir='ltr'><strong>non</strong></span> <span class='ocrx_word' id='word_1_414' title='bbox 2755 1106 2942 1161; x_wconf 89' lang='lat' dir='ltr'><strong>metuit</strong></span> <span class='ocrx_word' id='word_1_415' title='bbox 2966 1122 2982 1172; x_wconf 92' lang='lat'><strong>;</strong></span> 
     </span>
    </p>
   </div>
   <div class='ocr_carea' id='block_1_55' title="bbox 3065 1106 3704 1170">
    <p class='ocr_par' dir='ltr' id='par_1_55' title="bbox 3065 1106 3704 1170">
     <span class='ocr_line' id='line_1_55' title="bbox 3065 1106 3704 1170; baseline 0.017 -12"><span class='ocrx_word' id='word_1_416' title='bbox 3065 1106 3300 1162; x_wconf 85' lang='lat' dir='ltr'><strong>futuram</strong></span> <span class='ocrx_word' id='word_1_417' title='bbox 3370 1110 3513 1166; x_wconf 89' lang='lat' dir='ltr'><strong>enim</strong></span> <span class='ocrx_word' id='word_1_418' title='bbox 3598 1113 3704 1170; x_wconf 88' lang='lat' dir='ltr'><strong>sibl</strong></span> 
     </span>
    </p>
   </div>
   <div class='ocr_carea' id='block_1_56' title="bbox 2127 1193 3704 1274">
    <p class='ocr_par' dir='ltr' id='par_1_56' title="bbox 2127 1193 3704 1274">
     <span class='ocr_line' id='line_1_56' title="bbox 2127 1193 3704 1274; baseline 0.007 -27"><span class='ocrx_word' id='word_1_419' title='bbox 2127 1193 2390 1262; x_wconf 87' lang='lat' dir='ltr'><strong>persuasit</strong></span> <span class='ocrx_word' id='word_1_420' title='bbox 2433 1195 2906 1251; x_wconf 90' lang='lat' dir='ltr'><strong>resurrectionem.</strong></span> <span class='ocrx_word' id='word_1_421' title='bbox 2937 1196 3075 1263; x_wconf 84' lang='lat' dir='ltr'><strong>Quid</strong></span> <span class='ocrx_word' id='word_1_422' title='bbox 3107 1208 3349 1255; x_wconf 85' lang='lat' dir='ltr'><strong>evertere</strong></span> <span class='ocrx_word' id='word_1_423' title='bbox 3376 1201 3518 1256; x_wconf 90' lang='lat' dir='ltr'><strong>illam</strong></span> <span class='ocrx_word' id='word_1_424' title='bbox 3550 1213 3704 1274; x_wconf 84' lang='lat' dir='ltr'><strong>pote-</strong></span> 
     </span>
    </p>
   </div>
   <div class='ocr_carea' id='block_1_57' title="bbox 2129 1284 3700 1349">
    <p class='ocr_par' dir='ltr' id='par_1_57' title="bbox 2129 1284 3700 1349">
     <span class='ocr_line' id='line_1_57' title="bbox 2129 1284 3700 1349; baseline 0.007 -11"><span class='ocrx_word' id='word_1_425' title='bbox 2129 1285 2236 1338; x_wconf 83' lang='lat' dir='ltr'><strong>rit?</strong></span> <span class='ocrx_word' id='word_1_426' title='bbox 2278 1284 2502 1339; x_wconf 67' lang='lat' dir='ltr'><strong>Prorsus</strong></span> <span class='ocrx_word' id='word_1_427' title='bbox 2554 1285 2708 1339; x_wconf 93' lang='lat' dir='ltr'><strong>nihil.</strong></span> <span class='ocrx_word' id='word_1_428' title='bbox 2753 1286 2823 1340; x_wconf 80' lang='lat' dir='ltr'><strong>At</strong></span> <span class='ocrx_word' id='word_1_429' title='bbox 2865 1286 3066 1343; x_wconf 65' lang='lat' dir='ltr'><strong>divitias</strong></span> <span class='ocrx_word' id='word_1_430' title='bbox 3093 1289 3392 1345; x_wconf 78' lang='lat' dir='ltr'><strong>extollunt?</strong></span> <span class='ocrx_word' id='word_1_431' title='bbox 3436 1294 3700 1349; x_wconf 90' lang='lat' dir='ltr'><strong>minime:</strong></span> 
     </span>
    </p>
   </div>
   <div class='ocr_carea' id='block_1_58' title="bbox 2128 1375 3701 1454">
    <p class='ocr_par' dir='ltr' id='par_1_58' title="bbox 2128 1375 3701 1454">
     <span class='ocr_line' id='line_1_58' title="bbox 2128 1375 3701 1454; baseline 0.006 -25"><span class='ocrx_word' id='word_1_432' title='bbox 2128 1375 2280 1429; x_wconf 90' lang='lat' dir='ltr'><strong>novit</strong></span> <span class='ocrx_word' id='word_1_433' title='bbox 2305 1377 2444 1429; x_wconf 87' lang='lat' dir='ltr'><strong>enim</strong></span> <span class='ocrx_word' id='word_1_434' title='bbox 2478 1375 2732 1445; x_wconf 88' lang='lat' dir='ltr'><strong>pecunias</strong></span> <span class='ocrx_word' id='word_1_435' title='bbox 2760 1376 2891 1431; x_wconf 89' lang='lat' dir='ltr'><strong>nihil</strong></span> <span class='ocrx_word' id='word_1_436' title='bbox 2919 1393 3064 1435; x_wconf 89' lang='lat' dir='ltr'><strong>esse.</strong></span> <span class='ocrx_word' id='word_1_437' title='bbox 3099 1380 3168 1434; x_wconf 83' lang='lat' dir='ltr'><strong>At</strong></span> <span class='ocrx_word' id='word_1_438' title='bbox 3211 1380 3418 1450; x_wconf 77' lang='lat' dir='ltr'><strong>gloria?</strong></span> <span class='ocrx_word' id='word_1_439' title='bbox 3454 1383 3550 1438; x_wconf 88' lang='lat' dir='ltr'><strong>sed</strong></span> <span class='ocrx_word' id='word_1_440' title='bbox 3587 1385 3701 1454; x_wconf 86' lang='lat' dir='ltr'><strong>jam</strong></span> 
     </span>
    </p>
   </div>
   <div class='ocr_carea' id='block_1_59' title="bbox 2130 1467 3700 1546">
    <p class='ocr_par' dir='ltr' id='par_1_59' title="bbox 2130 1467 3700 1546">
     <span class='ocr_line' id='line_1_59' title="bbox 2130 1467 3700 1546; baseline 0.006 -26"><span class='ocrx_word' id='word_1_441' title='bbox 2130 1468 2183 1520; x_wconf 92' lang='lat' dir='ltr'><strong>in</strong></span> <span class='ocrx_word' id='word_1_442' title='bbox 2238 1467 2336 1520; x_wconf 90' lang='lat' dir='ltr'><strong>hac</strong></span> <span class='ocrx_word' id='word_1_443' title='bbox 2362 1467 2634 1537; x_wconf 82' lang='lat' dir='ltr'><strong>disciplina</strong></span> <span class='ocrx_word' id='word_1_444' title='bbox 2659 1468 2897 1524; x_wconf 88' lang='lat' dir='ltr'><strong>eruditus</strong></span> <span class='ocrx_word' id='word_1_445' title='bbox 2937 1478 3037 1537; x_wconf 89' lang='lat' dir='ltr'><strong>est,</strong></span> <span class='ocrx_word' id='word_1_446' title='bbox 3070 1485 3284 1527; x_wconf 90' lang='lat' dir='ltr'><strong>omnem</strong></span> <span class='ocrx_word' id='word_1_447' title='bbox 3320 1473 3550 1530; x_wconf 57' lang='lat' dir='ltr'><strong>hominis</strong></span> <span class='ocrx_word' id='word_1_448' title='bbox 3576 1476 3700 1546; x_wconf 71' lang='lat' dir='ltr'><strong>glo-</strong></span> 
     </span>
    </p>
   </div>
   <div class='ocr_carea' id='block_1_60' title="bbox 2131 1556 3709 1634">
    <p class='ocr_par' dir='ltr' id='par_1_60' title="bbox 2131 1556 3709 1634">
     <span class='ocr_line' id='line_1_60' title="bbox 2131 1556 3709 1634; baseline 0.006 -24"><span class='ocrx_word' id='word_1_449' title='bbox 2131 1556 2262 1610; x_wconf 92' lang='lat' dir='ltr'><strong>riam</strong></span> <span class='ocrx_word' id='word_1_450' title='bbox 2293 1571 2412 1612; x_wconf 89' lang='lat' dir='ltr'><strong>esse</strong></span> <span class='ocrx_word' id='word_1_451' title='bbox 2452 1558 2614 1612; x_wconf 89' lang='lat' dir='ltr'><strong>veluti</strong></span> <span class='ocrx_word' id='word_1_452' title='bbox 2646 1557 2831 1612; x_wconf 76' lang='lat' dir='ltr'><strong>ﬂorem</strong></span> <span class='ocrx_word' id='word_1_453' title='bbox 2865 1558 2991 1616; x_wconf 70' lang='lat' dir='ltr'><strong>freni</strong></span> <span class='ocrx_word' id='word_1_454' title='bbox 3039 1559 3200 1632; x_wconf 84' lang='lat' dir='ltr'><strong>(Isai.</strong></span> <span class='ocrx_word' id='word_1_455' title='bbox 3232 1563 3323 1618; x_wconf 70' lang='lat'><strong>40.</strong></span> <span class='ocrx_word' id='word_1_456' title='bbox 3355 1565 3450 1634; x_wconf 90' lang='lat'><strong>6).</strong></span> <span class='ocrx_word' id='word_1_457' title='bbox 3478 1567 3544 1618; x_wconf 82' lang='lat' dir='ltr'><strong>At</strong></span> <span class='ocrx_word' id='word_1_458' title='bbox 3573 1565 3709 1620; x_wconf 90' lang='lat' dir='ltr'><strong>deli-</strong></span> 
     </span>
    </p>
   </div>
   <div class='ocr_carea' id='block_1_61' title="bbox 2131 1647 3708 1719">
    <p class='ocr_par' dir='ltr' id='par_1_61' title="bbox 2131 1647 3708 1719">
     <span class='ocr_line' id='line_1_61' title="bbox 2131 1647 3708 1719; baseline 0.004 -16"><span class='ocrx_word' id='word_1_459' title='bbox 2131 1647 2270 1703; x_wconf 74' lang='lat' dir='ltr'><strong>cize?</strong></span> <span class='ocrx_word' id='word_1_460' title='bbox 2298 1647 2392 1702; x_wconf 83' lang='lat' dir='ltr'><strong>sed</strong></span> <span class='ocrx_word' id='word_1_461' title='bbox 2422 1648 2625 1703; x_wconf 87' lang='lat' dir='ltr'><strong>audivit</strong></span> <span class='ocrx_word' id='word_1_462' title='bbox 2659 1648 2882 1704; x_wconf 88' lang='lat' dir='ltr'><strong>Paulum</strong></span> <span class='ocrx_word' id='word_1_463' title='bbox 2911 1649 3176 1706; x_wconf 87' lang='lat' dir='ltr'><strong>dicentem</strong></span> <span class='ocrx_word' id='word_1_464' title='bbox 3198 1694 3212 1714; x_wconf 86' lang='lat'><strong><em>.</em></strong></span> <span class='ocrx_word' id='word_1_465' title='bbox 3256 1652 3382 1719; x_wconf 69' lang='lat' dir='ltr'><strong>Qui:</strong></span> <span class='ocrx_word' id='word_1_466' title='bbox 3419 1655 3472 1708; x_wconf 86' lang='lat' dir='ltr'><strong>in</strong></span> <span class='ocrx_word' id='word_1_467' title='bbox 3512 1656 3708 1710; x_wconf 75' lang='lat' dir='ltr'><strong>deliciis</strong></span> 
     </span>
    </p>
   </div>
   <div class='ocr_carea' id='block_1_62' title="bbox 2131 1738 3708 1815">
    <p class='ocr_par' dir='ltr' id='par_1_62' title="bbox 2131 1738 3708 1815">
     <span class='ocr_line' id='line_1_62' title="bbox 2131 1738 3708 1815; baseline 0.008 -26"><span class='ocrx_word' id='word_1_468' title='bbox 2131 1747 2224 1799; x_wconf 82' lang='lat' dir='ltr'><strong>est,</strong></span> <span class='ocrx_word' id='word_1_469' title='bbox 2254 1738 2422 1792; x_wconf 82' lang='lat' dir='ltr'><strong>vivens</strong></span> <span class='ocrx_word' id='word_1_470' title='bbox 2450 1747 2649 1792; x_wconf 80' lang='lat' dir='ltr'><strong>mortua</strong></span> <span class='ocrx_word' id='word_1_471' title='bbox 2677 1748 2750 1792; x_wconf 84' lang='lat' dir='ltr'><strong>est</strong></span> <span class='ocrx_word' id='word_1_472' title='bbox 2776 1738 2825 1811; x_wconf 82' lang='lat' dir='ltr'><strong>(l</strong></span> <span class='ocrx_word' id='word_1_473' title='bbox 2888 1738 3020 1794; x_wconf 83' lang='lat' dir='ltr'><strong>Tim.</strong></span> <span class='ocrx_word' id='word_1_474' title='bbox 3037 1740 3093 1797; x_wconf 87' lang='lat'><strong>5.</strong></span> <span class='ocrx_word' id='word_1_475' title='bbox 3113 1739 3193 1814; x_wconf 87' lang='lat'><strong>6).</strong></span> <span class='ocrx_word' id='word_1_476' title='bbox 3218 1742 3360 1814; x_wconf 74' lang='lat' dir='ltr'><strong>Ergo</strong></span> <span class='ocrx_word' id='word_1_477' title='bbox 3380 1758 3499 1799; x_wconf 90' lang='lat' dir='ltr'><strong>eum</strong></span> <span class='ocrx_word' id='word_1_478' title='bbox 3531 1761 3708 1815; x_wconf 85' lang='lat' dir='ltr'><strong>neque</strong></span> 
     </span>
    </p>
   </div>
   <div class='ocr_carea' id='block_1_63' title="bbox 2133 1830 3711 1910">
    <p class='ocr_par' dir='ltr' id='par_1_63' title="bbox 2133 1830 3711 1910">
     <span class='ocr_line' id='line_1_63' title="bbox 2133 1830 3711 1910; baseline 0.008 -28"><span class='ocrx_word' id='word_1_479' title='bbox 2133 1836 2418 1897; x_wconf 80' lang='lat' dir='ltr'><strong>tumcscat,</strong></span> <span class='ocrx_word' id='word_1_480' title='bbox 2459 1845 2634 1900; x_wconf 88' lang='lat' dir='ltr'><strong>neque</strong></span> <span class='ocrx_word' id='word_1_481' title='bbox 2672 1830 3027 1901; x_wconf 85' lang='lat' dir='ltr'><strong>deprimatur,</strong></span> <span class='ocrx_word' id='word_1_482' title='bbox 3053 1834 3183 1906; x_wconf 86' lang='lat' dir='ltr'><strong>quid</strong></span> <span class='ocrx_word' id='word_1_483' title='bbox 3214 1835 3341 1892; x_wconf 89' lang='lat' dir='ltr'><strong>huic</strong></span> <span class='ocrx_word' id='word_1_484' title='bbox 3372 1839 3587 1894; x_wconf 86' lang='lat' dir='ltr'><strong>sanitati</strong></span> <span class='ocrx_word' id='word_1_485' title='bbox 3610 1855 3711 1910; x_wconf 78' lang='lat' dir='ltr'><strong>par</strong></span> 
     </span>
    </p>
   </div>
   <div class='ocr_carea' id='block_1_64' title="bbox 2134 1922 3707 1993">
    <p class='ocr_par' dir='ltr' id='par_1_64' title="bbox 2134 1922 3707 1993">
     <span class='ocr_line' id='line_1_64' title="bbox 2134 1922 3707 1993; baseline 0.007 -17"><span class='ocrx_word' id='word_1_486' title='bbox 2134 1922 2362 1978; x_wconf 90' lang='lat' dir='ltr'><strong>inveniri</strong></span> <span class='ocrx_word' id='word_1_487' title='bbox 2400 1924 2638 1993; x_wconf 78' lang='lat' dir='ltr'><strong>poterit?</strong></span> <span class='ocrx_word' id='word_1_488' title='bbox 2669 1924 2862 1980; x_wconf 87' lang='lat' dir='ltr'><strong>Verum</strong></span> <span class='ocrx_word' id='word_1_489' title='bbox 2890 1938 2996 1981; x_wconf 91' lang='lat' dir='ltr'><strong>non</strong></span> <span class='ocrx_word' id='word_1_490' title='bbox 3036 1925 3170 1983; x_wconf 85' lang='lat' dir='ltr'><strong>tales</strong></span> <span class='ocrx_word' id='word_1_491' title='bbox 3202 1936 3327 1985; x_wconf 87' lang='lat' dir='ltr'><strong>sunt</strong></span> <span class='ocrx_word' id='word_1_492' title='bbox 3352 1938 3563 1986; x_wconf 63' lang='lat' dir='ltr'><strong>caetera:</strong></span> <span class='ocrx_word' id='word_1_493' title='bbox 3584 1933 3707 1988; x_wconf 88' lang='lat' dir='ltr'><strong>ani-</strong></span> 
     </span>
    </p>
   </div>
   <div class='ocr_carea' id='block_1_65' title="bbox 2134 2015 3709 2087">
    <p class='ocr_par' dir='ltr' id='par_1_65' title="bbox 2134 2015 3709 2087">
     <span class='ocr_line' id='line_1_65' title="bbox 2134 2015 3709 2087; baseline 0.006 -20"><span class='ocrx_word' id='word_1_494' title='bbox 2134 2030 2256 2079; x_wconf 70' lang='lat' dir='ltr'><strong>mae,</strong></span> <span class='ocrx_word' id='word_1_495' title='bbox 2290 2015 2383 2069; x_wconf 88' lang='lat' dir='ltr'><strong>scd</strong></span> <span class='ocrx_word' id='word_1_496' title='bbox 2431 2016 2670 2069; x_wconf 67' lang='lat' dir='ltr'><strong>cra-brius</strong></span> <span class='ocrx_word' id='word_1_497' title='bbox 2694 2031 2852 2087; x_wconf 89' lang='lat' dir='ltr'><strong>quam</strong></span> <span class='ocrx_word' id='word_1_498' title='bbox 2879 2032 3025 2073; x_wconf 91' lang='lat' dir='ltr'><strong>mare</strong></span> <span class='ocrx_word' id='word_1_499' title='bbox 3048 2026 3102 2073; x_wconf 86' lang='lat' dir='ltr'><strong>et</strong></span> <span class='ocrx_word' id='word_1_500' title='bbox 3134 2018 3462 2075; x_wconf 73' lang='lat' dir='ltr'><strong>chammleon</strong></span> <span class='ocrx_word' id='word_1_501' title='bbox 3492 2031 3709 2077; x_wconf 78' lang='lat' dir='ltr'><strong>mutan-</strong></span> 
     </span>
    </p>
   </div>
   <div class='ocr_carea' id='block_1_66' title="bbox 2136 2106 3709 2174">
    <p class='ocr_par' dir='ltr' id='par_1_66' title="bbox 2136 2106 3709 2174">
     <span class='ocr_line' id='line_1_66' title="bbox 2136 2106 3709 2174; baseline 0.006 -14"><span class='ocrx_word' id='word_1_502' title='bbox 2136 2115 2239 2160; x_wconf 89' lang='lat' dir='ltr'><strong>tur.</strong></span> <span class='ocrx_word' id='word_1_503' title='bbox 2273 2106 2633 2174; x_wconf 87' lang='lat' dir='ltr'><strong>Quamobrem</strong></span> <span class='ocrx_word' id='word_1_504' title='bbox 2664 2108 2815 2164; x_wconf 82' lang='lat' dir='ltr'><strong>valde</strong></span> <span class='ocrx_word' id='word_1_505' title='bbox 2850 2109 3075 2165; x_wconf 82' lang='lat' dir='ltr'><strong>ridicula</strong></span> <span class='ocrx_word' id='word_1_506' title='bbox 3099 2119 3183 2166; x_wconf 89' lang='lat' dir='ltr'><strong>est</strong></span> <span class='ocrx_word' id='word_1_507' title='bbox 3208 2112 3415 2167; x_wconf 89' lang='lat' dir='ltr'><strong>illarum</strong></span> <span class='ocrx_word' id='word_1_508' title='bbox 3433 2114 3709 2170; x_wconf 89' lang='lat' dir='ltr'><strong>conditio:</strong></span> 
     </span>
    </p>
   </div>
   <div class='ocr_carea' id='block_1_67' title="bbox 2133 2200 3710 2276">
    <p class='ocr_par' dir='ltr' id='par_1_67' title="bbox 2133 2200 3710 2276">
     <span class='ocr_line' id='line_1_67' title="bbox 2133 2200 3710 2276; baseline 0.008 -23"><span class='ocrx_word' id='word_1_509' title='bbox 2133 2214 2253 2253; x_wconf 91' lang='lat' dir='ltr'><strong>cum</strong></span> <span class='ocrx_word' id='word_1_510' title='bbox 2289 2200 2386 2254; x_wconf 77' lang='lat' dir='ltr'><strong>vid.</strong></span> <span class='ocrx_word' id='word_1_511' title='bbox 2409 2216 2469 2255; x_wconf 91' lang='lat' dir='ltr'><strong>as</strong></span> <span class='ocrx_word' id='word_1_512' title='bbox 2517 2201 2764 2257; x_wconf 72' lang='lat' dir='ltr'><strong>eumdem</strong></span> <span class='ocrx_word' id='word_1_513' title='bbox 2808 2218 2950 2259; x_wconf 91' lang='lat' dir='ltr'><strong>nunc</strong></span> <span class='ocrx_word' id='word_1_514' title='bbox 2979 2205 3262 2269; x_wconf 87' lang='lat' dir='ltr'><strong>ridentem,</strong></span> <span class='ocrx_word' id='word_1_515' title='bbox 3291 2222 3430 2263; x_wconf 89' lang='lat' dir='ltr'><strong>nunc</strong></span> <span class='ocrx_word' id='word_1_516' title='bbox 3466 2207 3710 2276; x_wconf 79' lang='lat' dir='ltr'><strong>ﬂentem,</strong></span> 
     </span>
    </p>
   </div>
   <div class='ocr_carea' id='block_1_68' title="bbox 2137 2292 3713 2364">
    <p class='ocr_par' dir='ltr' id='par_1_68' title="bbox 2137 2292 3713 2364">
     <span class='ocr_line' id='line_1_68' title="bbox 2137 2292 3713 2364; baseline 0.008 -21"><span class='ocrx_word' id='word_1_517' title='bbox 2137 2306 2277 2345; x_wconf 91' lang='lat' dir='ltr'><strong>nunc</strong></span> <span class='ocrx_word' id='word_1_518' title='bbox 2316 2292 2622 2356; x_wconf 76' lang='lat' dir='ltr'><strong>sollicitum,</strong></span> <span class='ocrx_word' id='word_1_519' title='bbox 2680 2309 2820 2349; x_wconf 90' lang='lat' dir='ltr'><strong>nunc</strong></span> <span class='ocrx_word' id='word_1_520' title='bbox 2864 2307 3056 2364; x_wconf 83' lang='lat' dir='ltr'><strong>pr:cter</strong></span> <span class='ocrx_word' id='word_1_521' title='bbox 3098 2299 3309 2352; x_wconf 85' lang='lat' dir='ltr'><strong>modum</strong></span> <span class='ocrx_word' id='word_1_522' title='bbox 3335 2300 3618 2356; x_wconf 88' lang='lat' dir='ltr'><strong>remissum</strong></span> <span class='ocrx_word' id='word_1_523' title='bbox 3648 2318 3713 2356; x_wconf 87' lang='lat' dir='ltr'><strong>ac</strong></span> 
     </span>
    </p>
   </div>
   <div class='ocr_carea' id='block_1_69' title="bbox 2138 2383 3715 2457">
    <p class='ocr_par' dir='ltr' id='par_1_69' title="bbox 2138 2383 3715 2457">
     <span class='ocr_line' id='line_1_69' title="bbox 2138 2383 3715 2457; baseline 0.007 -22"><span class='ocrx_word' id='word_1_524' title='bbox 2138 2390 2455 2451; x_wconf 89' lang='lat' dir='ltr'><strong>torpentem.</strong></span> <span class='ocrx_word' id='word_1_525' title='bbox 2514 2383 2802 2453; x_wconf 85' lang='lat' dir='ltr'><strong>Propterea</strong></span> <span class='ocrx_word' id='word_1_526' title='bbox 2858 2385 3052 2439; x_wconf 83' lang='lat' dir='ltr'><strong>Paulus</strong></span> <span class='ocrx_word' id='word_1_527' title='bbox 3102 2388 3308 2457; x_wconf 84' lang='lat' dir='ltr'><strong>inquit,</strong></span> <span class='ocrx_word' id='word_1_528' title='bbox 3360 2389 3538 2445; x_wconf 84' lang='lat' dir='ltr'><strong>Nolite</strong></span> <span class='ocrx_word' id='word_1_529' title='bbox 3589 2408 3715 2446; x_wconf 79' lang='lat' dir='ltr'><strong>con-</strong></span> 
     </span>
    </p>
   </div>
   <div class='ocr_carea' id='block_1_70' title="bbox 2136 2471 3712 2549">
    <p class='ocr_par' dir='ltr' id='par_1_70' title="bbox 2136 2471 3712 2549">
     <span class='ocr_line' id='line_1_70' title="bbox 2136 2471 3712 2549; baseline 0.006 -26"><span class='ocrx_word' id='word_1_530' title='bbox 2136 2472 2349 2541; x_wconf 79' lang='lat' dir='ltr'><strong>formari</strong></span> <span class='ocrx_word' id='word_1_531' title='bbox 2399 2471 2515 2525; x_wconf 88' lang='lat' dir='ltr'><strong>huic</strong></span> <span class='ocrx_word' id='word_1_532' title='bbox 2558 2474 2744 2527; x_wconf 76' lang='lat' dir='ltr'><strong>stcculo</strong></span> <span class='ocrx_word' id='word_1_533' title='bbox 2791 2472 2990 2547; x_wconf 82' lang='lat' dir='ltr'><strong>(Rom.</strong></span> <span class='ocrx_word' id='word_1_534' title='bbox 3024 2476 3110 2532; x_wconf 73' lang='grc'><strong>12.</strong></span> <span class='ocrx_word' id='word_1_535' title='bbox 3139 2477 3174 2530; x_wconf 75' lang='grc'><strong>2</strong></span> <span class='ocrx_word' id='word_1_536' title='bbox 3205 2477 3244 2549; x_wconf 91' lang='grc'><strong>).</strong></span> <span class='ocrx_word' id='word_1_537' title='bbox 3297 2478 3351 2532; x_wconf 89' lang='lat' dir='ltr'><strong>ln</strong></span> <span class='ocrx_word' id='word_1_538' title='bbox 3396 2481 3529 2535; x_wconf 70' lang='grc' dir='ltr'><strong>οειιιο</strong></span> <span class='ocrx_word' id='word_1_539' title='bbox 3565 2484 3712 2537; x_wconf 86' lang='lat' dir='ltr'><strong>enim</strong></span> 
     </span>
    </p>
   </div>
   <div class='ocr_carea' id='block_1_71' title="bbox 2136 2563 3712 2635">
    <p class='ocr_par' dir='ltr' id='par_1_71' title="bbox 2136 2563 3712 2635">
     <span class='ocr_line' id='line_1_71' title="bbox 2136 2563 3712 2635; baseline 0.007 -17"><span class='ocrx_word' id='word_1_540' title='bbox 2136 2563 2414 2635; x_wconf 82' lang='lat' dir='ltr'><strong>degimus,</strong></span> <span class='ocrx_word' id='word_1_541' title='bbox 2461 2574 2516 2619; x_wconf 90' lang='lat' dir='ltr'><strong>ct</strong></span> <span class='ocrx_word' id='word_1_542' title='bbox 2558 2567 2709 2635; x_wconf 89' lang='lat' dir='ltr'><strong>quasi</strong></span> <span class='ocrx_word' id='word_1_543' title='bbox 2761 2568 2904 2623; x_wconf 85' lang='lat' dir='ltr'><strong>cives</strong></span> <span class='ocrx_word' id='word_1_544' title='bbox 2950 2584 3245 2631; x_wconf 87' lang='lat' dir='ltr'><strong>versamur.</strong></span> <span class='ocrx_word' id='word_1_545' title='bbox 3280 2572 3365 2624; x_wconf 89' lang='lat' dir='ltr'><strong>ubi</strong></span> <span class='ocrx_word' id='word_1_546' title='bbox 3414 2573 3555 2627; x_wconf 91' lang='lat' dir='ltr'><strong>nulla</strong></span> <span class='ocrx_word' id='word_1_547' title='bbox 3592 2590 3712 2628; x_wconf 81' lang='lat' dir='ltr'><strong>mu-</strong></span> 
     </span>
    </p>
   </div>
   <div class='ocr_carea' id='block_1_72' title="bbox 2140 2656 3713 2728">
    <p class='ocr_par' dir='ltr' id='par_1_72' title="bbox 2140 2656 3713 2728">
     <span class='ocr_line' id='line_1_72' title="bbox 2140 2656 3713 2728; baseline 0.003 -18"><span class='ocrx_word' id='word_1_548' title='bbox 2140 2657 2286 2710; x_wconf 90' lang='lat' dir='ltr'><strong>tatio.</strong></span> <span class='ocrx_word' id='word_1_549' title='bbox 2346 2656 2613 2710; x_wconf 88' lang='lat' dir='ltr'><strong>Promissa</strong></span> <span class='ocrx_word' id='word_1_550' title='bbox 2663 2667 2785 2711; x_wconf 83' lang='lat' dir='ltr'><strong>sunt</strong></span> <span class='ocrx_word' id='word_1_551' title='bbox 2834 2658 2987 2713; x_wconf 89' lang='lat' dir='ltr'><strong>nobis</strong></span> <span class='ocrx_word' id='word_1_552' title='bbox 3033 2660 3248 2728; x_wconf 69' lang='lat' dir='ltr'><strong>prmmia</strong></span> <span class='ocrx_word' id='word_1_553' title='bbox 3298 2661 3642 2717; x_wconf 88' lang='lat' dir='ltr'><strong>immutabilia</strong></span> <span class='ocrx_word' id='word_1_554' title='bbox 3699 2681 3713 2695; x_wconf 85' lang='lat'><strong>-</strong></span> 
     </span>
    </p>
   </div>
   <div class='ocr_carea' id='block_1_73' title="bbox 2136 2749 3715 2824">
    <p class='ocr_par' dir='ltr' id='par_1_73' title="bbox 2136 2749 3715 2824">
     <span class='ocr_line' id='line_1_73' title="bbox 2136 2749 3715 2824; baseline 0.003 -23"><span class='ocrx_word' id='word_1_555' title='bbox 2136 2750 2296 2802; x_wconf 89' lang='lat' dir='ltr'><strong>talem</strong></span> <span class='ocrx_word' id='word_1_556' title='bbox 2338 2758 2392 2803; x_wconf 91' lang='lat' dir='ltr'><strong>et</strong></span> <span class='ocrx_word' id='word_1_557' title='bbox 2435 2763 2531 2802; x_wconf 78' lang='lat' dir='ltr'><strong>nos</strong></span> <span class='ocrx_word' id='word_1_558' title='bbox 2560 2749 2681 2824; x_wconf 64' lang='lat' dir='ltr'><strong>vita:</strong></span> <span class='ocrx_word' id='word_1_559' title='bbox 2712 2749 2972 2803; x_wconf 89' lang='lat' dir='ltr'><strong>rationem</strong></span> <span class='ocrx_word' id='word_1_560' title='bbox 3020 2750 3399 2813; x_wconf 82' lang='lat' dir='ltr'><strong>cxhibcamus;</strong></span> <span class='ocrx_word' id='word_1_561' title='bbox 3454 2751 3581 2807; x_wconf 87' lang='lat' dir='ltr'><strong>inde</strong></span> <span class='ocrx_word' id='word_1_562' title='bbox 3602 2753 3715 2823; x_wconf 86' lang='lat' dir='ltr'><strong>jam</strong></span> 
     </span>
    </p>
   </div>
   <div class='ocr_carea' id='block_1_74' title="bbox 2136 2839 3717 2914">
    <p class='ocr_par' dir='ltr' id='par_1_74' title="bbox 2136 2839 3717 2914">
     <span class='ocr_line' id='line_1_74' title="bbox 2136 2839 3717 2914; baseline 0.005 -21"><span class='ocrx_word' id='word_1_563' title='bbox 2136 2839 2409 2910; x_wconf 89' lang='lat' dir='ltr'><strong>capiamus</strong></span> <span class='ocrx_word' id='word_1_564' title='bbox 2466 2841 2623 2895; x_wconf 88' lang='lat' dir='ltr'><strong>bona.</strong></span> <span class='ocrx_word' id='word_1_565' title='bbox 2661 2841 2862 2911; x_wconf 87' lang='lat' dir='ltr'><strong>Ecquid</strong></span> <span class='ocrx_word' id='word_1_566' title='bbox 2913 2841 3072 2912; x_wconf 82' lang='lat' dir='ltr'><strong>igitur</strong></span> <span class='ocrx_word' id='word_1_567' title='bbox 3115 2858 3212 2896; x_wconf 87' lang='lat' dir='ltr'><strong>nos</strong></span> <span class='ocrx_word' id='word_1_568' title='bbox 3255 2845 3352 2914; x_wconf 85' lang='lat' dir='ltr'><strong>ipsi</strong></span> <span class='ocrx_word' id='word_1_569' title='bbox 3388 2845 3437 2898; x_wconf 90' lang='lat' dir='ltr'><strong>in</strong></span> <span class='ocrx_word' id='word_1_570' title='bbox 3469 2847 3717 2913; x_wconf 87' lang='lat' dir='ltr'><strong>euripum</strong></span> 
     </span>
    </p>
   </div>
   <div class='ocr_carea' id='block_1_75' title="bbox 2142 2931 3720 3005">
    <p class='ocr_par' dir='ltr' id='par_1_75' title="bbox 2142 2931 3720 3005">
     <span class='ocr_line' id='line_1_75' title="bbox 2142 2931 3720 3005; baseline 0.004 -21"><span class='ocrx_word' id='word_1_571' title='bbox 2142 2931 2481 3002; x_wconf 84' lang='lat' dir='ltr'><strong>projicimus,</strong></span> <span class='ocrx_word' id='word_1_572' title='bbox 2531 2939 2586 2985; x_wconf 90' lang='lat' dir='ltr'><strong>et</strong></span> <span class='ocrx_word' id='word_1_573' title='bbox 2632 2932 2684 2985; x_wconf 92' lang='lat' dir='ltr'><strong>in</strong></span> <span class='ocrx_word' id='word_1_574' title='bbox 2736 2931 2943 2986; x_wconf 89' lang='lat' dir='ltr'><strong>medios</strong></span> <span class='ocrx_word' id='word_1_575' title='bbox 2972 2932 3166 2988; x_wconf 85' lang='lat' dir='ltr'><strong>tinctus</strong></span> <span class='ocrx_word' id='word_1_576' title='bbox 3201 2944 3255 2988; x_wconf 90' lang='lat' dir='ltr'><strong>et</strong></span> <span class='ocrx_word' id='word_1_577' title='bbox 3286 2935 3337 2990; x_wconf 91' lang='lat' dir='ltr'><strong>in</strong></span> <span class='ocrx_word' id='word_1_578' title='bbox 3372 2936 3635 3005; x_wconf 83' lang='lat' dir='ltr'><strong>procellas</strong></span> <span class='ocrx_word' id='word_1_579' title='bbox 3664 2947 3720 2993; x_wconf 88' lang='lat' dir='ltr'><strong>et</strong></span> 
     </span>
    </p>
   </div>
   <div class='ocr_carea' id='block_1_76' title="bbox 2139 3021 3717 3094">
    <p class='ocr_par' dir='ltr' id='par_1_76' title="bbox 2139 3021 3717 3094">
     <span class='ocr_line' id='line_1_76' title="bbox 2139 3021 3717 3094; baseline 0.004 -20"><span class='ocrx_word' id='word_1_580' title='bbox 2139 3021 2422 3077; x_wconf 84' lang='lat' dir='ltr'><strong>turbines?</strong></span> <span class='ocrx_word' id='word_1_581' title='bbox 2451 3022 2852 3088; x_wconf 86' lang='lat' dir='ltr'><strong>Amplectamur</strong></span> <span class='ocrx_word' id='word_1_582' title='bbox 2886 3024 3323 3094; x_wconf 86' lang='lat' dir='ltr'><strong>tranquillitatem</strong></span> <span class='ocrx_word' id='word_1_583' title='bbox 3357 3044 3371 3080; x_wconf 90' lang='lat'>:</span> <span class='ocrx_word' id='word_1_584' title='bbox 3403 3041 3463 3080; x_wconf 90' lang='lat' dir='ltr'><strong>ea</strong></span> <span class='ocrx_word' id='word_1_585' title='bbox 3495 3041 3602 3083; x_wconf 91' lang='lat' dir='ltr'><strong>non</strong></span> <span class='ocrx_word' id='word_1_586' title='bbox 3643 3042 3717 3082; x_wconf 71' lang='lat' dir='ltr'><strong>ex</strong></span> 
     </span>
    </p>
   </div>
   <div class='ocr_carea' id='block_1_77' title="bbox 2139 3113 3719 3191">
    <p class='ocr_par' dir='ltr' id='par_1_77' title="bbox 2139 3113 3719 3191">
     <span class='ocr_line' id='line_1_77' title="bbox 2139 3113 3719 3191; baseline 0.004 -24"><span class='ocrx_word' id='word_1_587' title='bbox 2139 3113 2337 3167; x_wconf 88' lang='lat' dir='ltr'><strong>divitiis</strong></span> <span class='ocrx_word' id='word_1_588' title='bbox 2385 3113 2601 3183; x_wconf 84' lang='lat' dir='ltr'><strong>pendet.</strong></span> <span class='ocrx_word' id='word_1_589' title='bbox 2649 3130 2751 3167; x_wconf 92' lang='lat' dir='ltr'><strong>non</strong></span> <span class='ocrx_word' id='word_1_590' title='bbox 2798 3129 2864 3169; x_wconf 77' lang='lat' dir='ltr'><strong>ex</strong></span> <span class='ocrx_word' id='word_1_591' title='bbox 2914 3125 3255 3186; x_wconf 85' lang='lat' dir='ltr'><strong>paupertate,</strong></span> <span class='ocrx_word' id='word_1_592' title='bbox 3283 3134 3386 3173; x_wconf 89' lang='lat' dir='ltr'><strong>non</strong></span> <span class='ocrx_word' id='word_1_593' title='bbox 3418 3134 3482 3176; x_wconf 76' lang='lat' dir='ltr'><strong>ex</strong></span> <span class='ocrx_word' id='word_1_594' title='bbox 3509 3120 3719 3191; x_wconf 71' lang='lat' dir='ltr'><strong>gloria,</strong></span> 
     </span>
    </p>
   </div>
   <div class='ocr_carea' id='block_1_78' title="bbox 2140 3206 3721 3279">
    <p class='ocr_par' dir='ltr' id='par_1_78' title="bbox 2140 3206 3721 3279">
     <span class='ocr_line' id='line_1_78' title="bbox 2140 3206 3721 3279; baseline 0.005 -19"><span class='ocrx_word' id='word_1_595' title='bbox 2140 3221 2244 3260; x_wconf 91' lang='lat' dir='ltr'><strong>non</strong></span> <span class='ocrx_word' id='word_1_596' title='bbox 2279 3221 2341 3259; x_wconf 79' lang='lat' dir='ltr'><strong>ex</strong></span> <span class='ocrx_word' id='word_1_597' title='bbox 2375 3206 2723 3276; x_wconf 76' lang='lat' dir='ltr'><strong>ignobilitate,</strong></span> <span class='ocrx_word' id='word_1_598' title='bbox 2752 3221 2859 3263; x_wconf 87' lang='lat' dir='ltr'><strong>non</strong></span> <span class='ocrx_word' id='word_1_599' title='bbox 2888 3223 2955 3264; x_wconf 78' lang='lat' dir='ltr'><strong>ex</strong></span> <span class='ocrx_word' id='word_1_600' title='bbox 2985 3210 3192 3272; x_wconf 89' lang='lat' dir='ltr'><strong>morbo,</strong></span> <span class='ocrx_word' id='word_1_601' title='bbox 3227 3226 3330 3265; x_wconf 91' lang='lat' dir='ltr'><strong>non</strong></span> <span class='ocrx_word' id='word_1_602' title='bbox 3363 3226 3428 3267; x_wconf 76' lang='lat' dir='ltr'><strong>ex</strong></span> <span class='ocrx_word' id='word_1_603' title='bbox 3456 3213 3721 3279; x_wconf 88' lang='lat' dir='ltr'><strong>sanitate,</strong></span> 
     </span>
    </p>
   </div>
   <div class='ocr_carea' id='block_1_79' title="bbox 2140 3297 3723 3372">
    <p class='ocr_par' dir='ltr' id='par_1_79' title="bbox 2140 3297 3723 3372">
     <span class='ocr_line' id='line_1_79' title="bbox 2140 3297 3723 3372; baseline 0.006 -21"><span class='ocrx_word' id='word_1_604' title='bbox 2140 3313 2245 3351; x_wconf 90' lang='lat' dir='ltr'><strong>non</strong></span> <span class='ocrx_word' id='word_1_605' title='bbox 2272 3312 2335 3352; x_wconf 82' lang='lat' dir='ltr'><strong>ex</strong></span> <span class='ocrx_word' id='word_1_606' title='bbox 2366 3297 2695 3363; x_wconf 81' lang='lat' dir='ltr'><strong>inﬁrmitate,</strong></span> <span class='ocrx_word' id='word_1_607' title='bbox 2724 3298 2819 3352; x_wconf 88' lang='lat' dir='ltr'><strong>sed</strong></span> <span class='ocrx_word' id='word_1_608' title='bbox 2848 3313 2911 3354; x_wconf 76' lang='lat' dir='ltr'><strong>ex</strong></span> <span class='ocrx_word' id='word_1_609' title='bbox 2940 3310 3125 3355; x_wconf 89' lang='lat' dir='ltr'><strong>nostro</strong></span> <span class='ocrx_word' id='word_1_610' title='bbox 3146 3302 3402 3372; x_wconf 86' lang='lat' dir='ltr'><strong>cujusque</strong></span> <span class='ocrx_word' id='word_1_611' title='bbox 3429 3306 3629 3358; x_wconf 87' lang='lat' dir='ltr'><strong>animo.</strong></span> <span class='ocrx_word' id='word_1_612' title='bbox 3660 3304 3723 3360; x_wconf 89' lang='lat' dir='ltr'><strong>Si</strong></span> 
     </span>
    </p>
   </div>
   <div class='ocr_carea' id='block_1_80' title="bbox 2141 3390 3720 3466">
    <p class='ocr_par' dir='ltr' id='par_1_80' title="bbox 2141 3390 3720 3466">
     <span class='ocr_line' id='line_1_80' title="bbox 2141 3390 3720 3466; baseline 0.006 -21"><span class='ocrx_word' id='word_1_613' title='bbox 2141 3391 2228 3447; x_wconf 92' lang='lat' dir='ltr'><strong>hic</strong></span> <span class='ocrx_word' id='word_1_614' title='bbox 2256 3391 2460 3447; x_wconf 91' lang='lat' dir='ltr'><strong>solidus</strong></span> <span class='ocrx_word' id='word_1_615' title='bbox 2490 3390 2671 3458; x_wconf 85' lang='lat' dir='ltr'><strong>fuerit,</strong></span> <span class='ocrx_word' id='word_1_616' title='bbox 2700 3407 2763 3446; x_wconf 87' lang='lat' dir='ltr'><strong>ac</strong></span> <span class='ocrx_word' id='word_1_617' title='bbox 2786 3403 2933 3449; x_wconf 90' lang='lat' dir='ltr'><strong>recte</strong></span> <span class='ocrx_word' id='word_1_618' title='bbox 2961 3395 3012 3448; x_wconf 92' lang='lat' dir='ltr'><strong>iu</strong></span> <span class='ocrx_word' id='word_1_619' title='bbox 3047 3395 3257 3450; x_wconf 89' lang='lat' dir='ltr'><strong>virtutis</strong></span> <span class='ocrx_word' id='word_1_620' title='bbox 3284 3397 3562 3466; x_wconf 60' lang='lat' dir='ltr'><strong>disciplina</strong></span> <span class='ocrx_word' id='word_1_621' title='bbox 3592 3412 3720 3454; x_wconf 86' lang='lat' dir='ltr'><strong>eru-</strong></span> 
     </span>
    </p>
   </div>
   <div class='ocr_carea' id='block_1_81' title="bbox 2139 3482 3723 3558">
    <p class='ocr_par' dir='ltr' id='par_1_81' title="bbox 2139 3482 3723 3558">
     <span class='ocr_line' id='line_1_81' title="bbox 2139 3482 3723 3558; baseline 0.004 -21"><span class='ocrx_word' id='word_1_622' title='bbox 2139 3482 2305 3549; x_wconf 91' lang='lat' dir='ltr'><strong>ditus,</strong></span> <span class='ocrx_word' id='word_1_623' title='bbox 2353 3483 2532 3536; x_wconf 88' lang='lat' dir='ltr'><strong>omnia</strong></span> <span class='ocrx_word' id='word_1_624' title='bbox 2571 3483 2647 3538; x_wconf 92' lang='lat' dir='ltr'><strong>illi</strong></span> <span class='ocrx_word' id='word_1_625' title='bbox 2696 3482 2871 3540; x_wconf 86' lang='lat' dir='ltr'><strong>facilia</strong></span> <span class='ocrx_word' id='word_1_626' title='bbox 2914 3496 3090 3541; x_wconf 87' lang='lat' dir='ltr'><strong>erunt.</strong></span> <span class='ocrx_word' id='word_1_627' title='bbox 3139 3488 3308 3557; x_wconf 78' lang='lat' dir='ltr'><strong>Atque</strong></span> <span class='ocrx_word' id='word_1_628' title='bbox 3338 3489 3461 3543; x_wconf 91' lang='lat' dir='ltr'><strong>hinc</strong></span> <span class='ocrx_word' id='word_1_629' title='bbox 3485 3489 3596 3558; x_wconf 91' lang='lat' dir='ltr'><strong>jam</strong></span> <span class='ocrx_word' id='word_1_630' title='bbox 3628 3505 3723 3544; x_wconf 88' lang='lat' dir='ltr'><strong>rc-</strong></span> 
     </span>
    </p>
   </div>
   <div class='ocr_carea' id='block_1_82' title="bbox 2141 3576 3726 3652">
    <p class='ocr_par' dir='ltr' id='par_1_82' title="bbox 2141 3576 3726 3652">
     <span class='ocr_line' id='line_1_82' title="bbox 2141 3576 3726 3652; baseline 0.006 -26"><span class='ocrx_word' id='word_1_631' title='bbox 2141 3576 2317 3645; x_wconf 89' lang='lat' dir='ltr'><strong>quiem</strong></span> <span class='ocrx_word' id='word_1_632' title='bbox 2349 3585 2554 3640; x_wconf 85' lang='lat' dir='ltr'><strong>cernet,</strong></span> <span class='ocrx_word' id='word_1_633' title='bbox 2584 3586 2903 3646; x_wconf 89' lang='lat' dir='ltr'><strong>portumque</strong></span> <span class='ocrx_word' id='word_1_634' title='bbox 2930 3579 3272 3648; x_wconf 86' lang='lat' dir='ltr'><strong>tranquillum</strong></span> <span class='ocrx_word' id='word_1_635' title='bbox 3294 3621 3307 3642; x_wconf 88' lang='lat'><strong>,</strong></span> <span class='ocrx_word' id='word_1_636' title='bbox 3337 3588 3392 3634; x_wconf 85' lang='lat' dir='ltr'><strong>et</strong></span> <span class='ocrx_word' id='word_1_637' title='bbox 3436 3581 3563 3638; x_wconf 90' lang='lat' dir='ltr'><strong>illuc</strong></span> <span class='ocrx_word' id='word_1_638' title='bbox 3599 3596 3726 3652; x_wconf 86' lang='lat' dir='ltr'><strong>pro-</strong></span> 
     </span>
    </p>
   </div>
   <div class='ocr_carea' id='block_1_83' title="bbox 2142 3664 3721 3740">
    <p class='ocr_par' dir='ltr' id='par_1_83' title="bbox 2142 3664 3721 3740">
     <span class='ocr_line' id='line_1_83' title="bbox 2142 3664 3721 3740; baseline 0.005 -21"><span class='ocrx_word' id='word_1_639' title='bbox 2142 3664 2310 3721; x_wconf 82' lang='lat' dir='ltr'><strong>fectus</strong></span> <span class='ocrx_word' id='word_1_640' title='bbox 2341 3668 2742 3722; x_wconf 87' lang='lat' dir='ltr'><strong>innumerabilia</strong></span> <span class='ocrx_word' id='word_1_641' title='bbox 2772 3667 2909 3723; x_wconf 90' lang='lat' dir='ltr'><strong>bona</strong></span> <span class='ocrx_word' id='word_1_642' title='bbox 2936 3679 3291 3740; x_wconf 79' lang='lat' dir='ltr'><strong>consequetur</strong></span> <span class='ocrx_word' id='word_1_643' title='bbox 3319 3688 3332 3726; x_wconf 90' lang='lat'><strong>:</strong></span> <span class='ocrx_word' id='word_1_644' title='bbox 3372 3687 3491 3740; x_wconf 74' lang='lat' dir='ltr'><strong>quas</strong></span> <span class='ocrx_word' id='word_1_645' title='bbox 3513 3672 3721 3727; x_wconf 90' lang='lat' dir='ltr'><strong>utinam</strong></span> 
     </span>
    </p>
   </div>
   <div class='ocr_carea' id='block_1_84' title="bbox 2143 3761 3725 3831">
    <p class='ocr_par' dir='ltr' id='par_1_84' title="bbox 2143 3761 3725 3831">
     <span class='ocr_line' id='line_1_84' title="bbox 2143 3761 3725 3831; baseline 0.004 -20"><span class='ocrx_word' id='word_1_646' title='bbox 2143 3773 2243 3812; x_wconf 91' lang='lat' dir='ltr'><strong>nos</strong></span> <span class='ocrx_word' id='word_1_647' title='bbox 2271 3773 2459 3813; x_wconf 90' lang='lat' dir='ltr'><strong>omnes</strong></span> <span class='ocrx_word' id='word_1_648' title='bbox 2485 3773 2893 3830; x_wconf 86' lang='lat' dir='ltr'><strong>consequamur,</strong></span> <span class='ocrx_word' id='word_1_649' title='bbox 2937 3761 3104 3831; x_wconf 79' lang='lat' dir='ltr'><strong>gratia</strong></span> <span class='ocrx_word' id='word_1_650' title='bbox 3146 3769 3201 3815; x_wconf 89' lang='lat' dir='ltr'><strong>et</strong></span> <span class='ocrx_word' id='word_1_651' title='bbox 3249 3761 3572 3831; x_wconf 76' lang='lat' dir='ltr'><strong>benignitate</strong></span> <span class='ocrx_word' id='word_1_652' title='bbox 3614 3763 3725 3817; x_wconf 81' lang='lat' dir='ltr'><strong>Do-</strong></span> 
     </span>
    </p>
   </div>
   <div class='ocr_carea' id='block_1_85' title="bbox 2143 3851 3726 3925">
    <p class='ocr_par' dir='ltr' id='par_1_85' title="bbox 2143 3851 3726 3925">
     <span class='ocr_line' id='line_1_85' title="bbox 2143 3851 3726 3925; baseline 0.003 -21"><span class='ocrx_word' id='word_1_653' title='bbox 2143 3852 2270 3904; x_wconf 91' lang='lat' dir='ltr'><strong>mini</strong></span> <span class='ocrx_word' id='word_1_654' title='bbox 2320 3852 2487 3905; x_wconf 91' lang='lat' dir='ltr'><strong>nostri</strong></span> <span class='ocrx_word' id='word_1_655' title='bbox 2537 3851 2665 3906; x_wconf 79' lang='lat' dir='ltr'><strong>Jesu</strong></span> <span class='ocrx_word' id='word_1_656' title='bbox 2718 3852 2949 3919; x_wconf 85' lang='lat' dir='ltr'><strong>Christi,</strong></span> <span class='ocrx_word' id='word_1_657' title='bbox 2997 3869 3117 3908; x_wconf 92' lang='lat' dir='ltr'><strong>cum</strong></span> <span class='ocrx_word' id='word_1_658' title='bbox 3150 3869 3256 3925; x_wconf 90' lang='lat' dir='ltr'><strong>quo</strong></span> <span class='ocrx_word' id='word_1_659' title='bbox 3284 3854 3427 3909; x_wconf 87' lang='lat' dir='ltr'><strong>Patri</strong></span> <span class='ocrx_word' id='word_1_660' title='bbox 3457 3856 3726 3924; x_wconf 83' lang='lat' dir='ltr'><strong>simulque</strong></span> 
     </span>
    </p>
   </div>
   <div class='ocr_carea' id='block_1_86' title="bbox 2142 3942 3729 4015">
    <p class='ocr_par' dir='ltr' id='par_1_86' title="bbox 2142 3942 3729 4015">
     <span class='ocr_line' id='line_1_86' title="bbox 2142 3942 3729 4015; baseline 0.005 -20"><span class='ocrx_word' id='word_1_661' title='bbox 2142 3951 2327 3997; x_wconf 90' lang='lat' dir='ltr'><strong>sancto</strong></span> <span class='ocrx_word' id='word_1_662' title='bbox 2365 3942 2583 4013; x_wconf 90' lang='lat' dir='ltr'><strong>Spiritui</strong></span> <span class='ocrx_word' id='word_1_663' title='bbox 2633 3945 2835 4014; x_wconf 81' lang='lat' dir='ltr'><strong>gloria,</strong></span> <span class='ocrx_word' id='word_1_664' title='bbox 2887 3945 3198 4015; x_wconf 80' lang='lat' dir='ltr'><strong>imperium,</strong></span> <span class='ocrx_word' id='word_1_665' title='bbox 3236 3947 3429 4015; x_wconf 88' lang='lat' dir='ltr'><strong>honor,</strong></span> <span class='ocrx_word' id='word_1_666' title='bbox 3479 3963 3620 4003; x_wconf 91' lang='lat' dir='ltr'><strong>nunc</strong></span> <span class='ocrx_word' id='word_1_667' title='bbox 3667 3958 3729 4003; x_wconf 85' lang='lat' dir='ltr'><strong>et</strong></span> 
     </span>
    </p>
   </div>
   <div class='ocr_carea' id='block_1_87' title="bbox 2144 4034 3362 4104">
    <p class='ocr_par' dir='ltr' id='par_1_87' title="bbox 2144 4034 3362 4104">
     <span class='ocr_line' id='line_1_87' title="bbox 2144 4034 3362 4104; baseline 0.005 -17"><span class='ocrx_word' id='word_1_668' title='bbox 2144 4046 2379 4104; x_wconf 84' lang='lat' dir='ltr'><strong>semper,</strong></span> <span class='ocrx_word' id='word_1_669' title='bbox 2413 4044 2465 4089; x_wconf 89' lang='lat' dir='ltr'><strong>et</strong></span> <span class='ocrx_word' id='word_1_670' title='bbox 2494 4034 2545 4088; x_wconf 91' lang='lat' dir='ltr'><strong>in</strong></span> <span class='ocrx_word' id='word_1_671' title='bbox 2578 4036 2773 4089; x_wconf 67' lang='lat' dir='ltr'><strong>smcula</strong></span> <span class='ocrx_word' id='word_1_672' title='bbox 2798 4034 3140 4091; x_wconf 73' lang='lat' dir='ltr'><strong>stt-culorum.</strong></span> <span class='ocrx_word' id='word_1_673' title='bbox 3174 4041 3362 4093; x_wconf 82' lang='lat' dir='ltr'><strong>Amen.</strong></span> 
     </span>
    </p>
   </div>
   <div class='ocr_carea' id='block_1_88' title="bbox 1860 4328 2422 4391">
    <p class='ocr_par' dir='ltr' id='par_1_88' title="bbox 1860 4328 2422 4391">
     <span class='ocr_line' id='line_1_88' title="bbox 1860 4328 2422 4391; baseline -0.007 0"><span class='ocrx_word' id='word_1_674' title='bbox 1860 4328 2203 4391; x_wconf 83' lang='lat' dir='ltr'><strong>HOMILIA</strong></span> <span class='ocrx_word' id='word_1_675' title='bbox 2249 4328 2422 4390; x_wconf 82' lang='lat' dir='ltr'><strong>XIII.</strong></span> 
     </span>
    </p>
   </div>
   <div class='ocr_carea' id='block_1_89' title="bbox 455 4475 2034 4553">
    <p class='ocr_par' dir='ltr' id='par_1_89' title="bbox 455 4475 2034 4553">
     <span class='ocr_line' id='line_1_89' title="bbox 455 4475 2034 4553; baseline 0 -23"><span class='ocrx_word' id='word_1_676' title='bbox 455 4475 585 4532; x_wconf 68' lang='lat' dir='ltr'><strong>Car.</strong></span> <span class='ocrx_word' id='word_1_677' title='bbox 618 4480 670 4532; x_wconf 80' lang='grc'><strong>5.</strong></span> <span class='ocrx_word' id='word_1_678' title='bbox 708 4494 758 4530; x_wconf 93' lang='lat' dir='ltr'><strong>v.</strong></span> <span class='ocrx_word' id='word_1_679' title='bbox 795 4476 969 4553; x_wconf 10' lang='lat'><strong>18.771&quot;</strong></span> <span class='ocrx_word' id='word_1_680' title='bbox 979 4477 1070 4531; x_wconf 79' lang='lat' dir='ltr'><strong>ulti</strong></span> <span class='ocrx_word' id='word_1_681' title='bbox 1094 4479 1228 4530; x_wconf 88' lang='lat' dir='ltr'><strong>enim</strong></span> <span class='ocrx_word' id='word_1_682' title='bbox 1256 4477 1536 4542; x_wconf 82' lang='lat' dir='ltr'><strong>ambulant,</strong></span> <span class='ocrx_word' id='word_1_683' title='bbox 1579 4495 1704 4549; x_wconf 82' lang='lat' dir='ltr'><strong>quos</strong></span> <span class='ocrx_word' id='word_1_684' title='bbox 1732 4494 1866 4547; x_wconf 65' lang='lat' dir='ltr'><strong>stupe</strong></span> <span class='ocrx_word' id='word_1_685' title='bbox 1894 4480 2034 4531; x_wconf 85' lang='lat' dir='ltr'><strong>dice-</strong></span> 
     </span>
    </p>
   </div>
   <div class='ocr_carea' id='block_1_90' title="bbox 526 4568 2034 4639">
    <p class='ocr_par' dir='ltr' id='par_1_90' title="bbox 526 4568 2034 4639">
     <span class='ocr_line' id='line_1_90' title="bbox 526 4568 2034 4639; baseline -0.001 -17"><span class='ocrx_word' id='word_1_686' title='bbox 526 4569 639 4622; x_wconf 84' lang='lat' dir='ltr'><strong>bant</strong></span> <span class='ocrx_word' id='word_1_687' title='bbox 672 4569 826 4634; x_wconf 75' lang='lat' dir='ltr'><strong>vobis,</strong></span> <span class='ocrx_word' id='word_1_688' title='bbox 858 4585 990 4622; x_wconf 84' lang='lat' dir='ltr'><strong>nunc</strong></span> <span class='ocrx_word' id='word_1_689' title='bbox 1018 4580 1180 4622; x_wconf 80' lang='lat' dir='ltr'><strong>autem</strong></span> <span class='ocrx_word' id='word_1_690' title='bbox 1207 4579 1252 4622; x_wconf 89' lang='lat' dir='ltr'><strong>et</strong></span> <span class='ocrx_word' id='word_1_691' title='bbox 1281 4569 1413 4639; x_wconf 77' lang='lat' dir='ltr'><strong>[lens</strong></span> <span class='ocrx_word' id='word_1_692' title='bbox 1433 4568 1543 4621; x_wconf 79' lang='lat' dir='ltr'><strong>diro</strong></span> <span class='ocrx_word' id='word_1_693' title='bbox 1564 4610 1579 4633; x_wconf 96' lang='lat'><strong>,</strong></span> <span class='ocrx_word' id='word_1_694' title='bbox 1612 4569 1843 4621; x_wconf 89' lang='lat' dir='ltr'><strong>inimicos</strong></span> <span class='ocrx_word' id='word_1_695' title='bbox 1868 4570 2034 4621; x_wconf 87' lang='lat' dir='ltr'><strong>crucis</strong></span> 
     </span>
    </p>
   </div>
   <div class='ocr_carea' id='block_1_91' title="bbox 527 4659 2032 4730">
    <p class='ocr_par' dir='ltr' id='par_1_91' title="bbox 527 4659 2032 4730">
     <span class='ocr_line' id='line_1_91' title="bbox 527 4659 2032 4730; baseline 0.001 -18"><span class='ocrx_word' id='word_1_696' title='bbox 527 4660 734 4724; x_wconf 75' lang='lat' dir='ltr'><strong>Christi,</strong></span> <span class='ocrx_word' id='word_1_697' title='bbox 785 4659 871 4714; x_wconf 76' lang='lat' dir='ltr'><strong>l9.</strong></span> <span class='ocrx_word' id='word_1_698' title='bbox 901 4676 1112 4730; x_wconf 86' lang='lat' dir='ltr'><strong>quarunt</strong></span> <span class='ocrx_word' id='word_1_699' title='bbox 1161 4660 1278 4726; x_wconf 82' lang='lat' dir='ltr'><strong>linis</strong></span> <span class='ocrx_word' id='word_1_700' title='bbox 1324 4659 1588 4723; x_wconf 80' lang='lat' dir='ltr'><strong>interitus;</strong></span> <span class='ocrx_word' id='word_1_701' title='bbox 1637 4676 1851 4728; x_wconf 88' lang='lat' dir='ltr'><strong>quorum</strong></span> <span class='ocrx_word' id='word_1_702' title='bbox 1891 4659 2032 4714; x_wconf 82' lang='lat' dir='ltr'><strong>Deus</strong></span> 
     </span>
    </p>
   </div>
   <div class='ocr_carea' id='block_1_92' title="bbox 526 4752 2031 4822">
    <p class='ocr_par' dir='ltr' id='par_1_92' title="bbox 526 4752 2031 4822">
     <span class='ocr_line' id='line_1_92' title="bbox 526 4752 2031 4822; baseline 0 -18"><span class='ocrx_word' id='word_1_703' title='bbox 526 4760 693 4804; x_wconf 67' lang='lat' dir='ltr'><strong>water</strong></span> <span class='ocrx_word' id='word_1_704' title='bbox 722 4760 814 4813; x_wconf 82' lang='lat' dir='ltr'><strong>est,</strong></span> <span class='ocrx_word' id='word_1_705' title='bbox 846 4761 891 4803; x_wconf 89' lang='lat' dir='ltr'><strong>et</strong></span> <span class='ocrx_word' id='word_1_706' title='bbox 919 4752 1083 4821; x_wconf 91' lang='lat' dir='ltr'><strong>gloria</strong></span> <span class='ocrx_word' id='word_1_707' title='bbox 1104 4752 1154 4804; x_wconf 87' lang='lat' dir='ltr'><strong>in</strong></span> <span class='ocrx_word' id='word_1_708' title='bbox 1177 4752 1476 4822; x_wconf 75' lang='lat' dir='ltr'><strong>confusione</strong></span> <span class='ocrx_word' id='word_1_709' title='bbox 1504 4756 1757 4816; x_wconf 80' lang='lat' dir='ltr'><strong>ipsorum,</strong></span> <span class='ocrx_word' id='word_1_710' title='bbox 1805 4753 1893 4821; x_wconf 85' lang='lat' dir='ltr'><strong>qui</strong></span> <span class='ocrx_word' id='word_1_711' title='bbox 1930 4762 2031 4805; x_wconf 83' lang='lat' dir='ltr'><strong>ter-</strong></span> 
     </span>
    </p>
   </div>
   <div class='ocr_carea' id='block_1_93' title="bbox 526 4841 2033 4910">
    <p class='ocr_par' dir='ltr' id='par_1_93' title="bbox 526 4841 2033 4910">
     <span class='ocr_line' id='line_1_93' title="bbox 526 4841 2033 4910; baseline 0.001 -16"><span class='ocrx_word' id='word_1_712' title='bbox 526 4859 648 4895; x_wconf 82' lang='lat' dir='ltr'><strong>rena</strong></span> <span class='ocrx_word' id='word_1_713' title='bbox 684 4843 908 4910; x_wconf 81' lang='lat' dir='ltr'><strong>sapiunt.</strong></span> <span class='ocrx_word' id='word_1_714' title='bbox 935 4842 1027 4896; x_wconf 75' lang='lat'><strong>20.</strong></span> <span class='ocrx_word' id='word_1_715' title='bbox 1082 4841 1268 4894; x_wconf 77' lang='lat' dir='ltr'><strong>Nostra</strong></span> <span class='ocrx_word' id='word_1_716' title='bbox 1310 4843 1441 4894; x_wconf 87' lang='lat' dir='ltr'><strong>enim</strong></span> <span class='ocrx_word' id='word_1_717' title='bbox 1479 4842 1788 4895; x_wconf 71' lang='lat' dir='ltr'><strong>conversatio</strong></span> <span class='ocrx_word' id='word_1_718' title='bbox 1817 4843 1868 4895; x_wconf 88' lang='lat' dir='ltr'><strong>in</strong></span> <span class='ocrx_word' id='word_1_719' title='bbox 1895 4842 2033 4895; x_wconf 74' lang='lat' dir='ltr'><strong>aclis</strong></span> 
     </span>
    </p>
   </div>
   <div class='ocr_carea' id='block_1_94' title="bbox 527 4930 2035 5001">
    <p class='ocr_par' dir='ltr' id='par_1_94' title="bbox 527 4930 2035 5001">
     <span class='ocr_line' id='line_1_94' title="bbox 527 4930 2035 5001; baseline 0 -16"><span class='ocrx_word' id='word_1_720' title='bbox 527 4949 598 4988; x_wconf 68' lang='lat' dir='ltr'><strong>est</strong></span> <span class='ocrx_word' id='word_1_721' title='bbox 633 4949 651 4984; x_wconf 75' lang='lat'><strong>.&#39;</strong></span> <span class='ocrx_word' id='word_1_722' title='bbox 685 4931 820 4985; x_wconf 84' lang='lat' dir='ltr'><strong>unde</strong></span> <span class='ocrx_word' id='word_1_723' title='bbox 845 4932 993 4984; x_wconf 87' lang='lat' dir='ltr'><strong>etiam</strong></span> <span class='ocrx_word' id='word_1_724' title='bbox 1027 4931 1341 4986; x_wconf 82' lang='lat' dir='ltr'><strong>Snlvatorem</strong></span> <span class='ocrx_word' id='word_1_725' title='bbox 1385 4940 1729 5001; x_wconf 76' lang='lat' dir='ltr'><strong>exspectamus</strong></span> <span class='ocrx_word' id='word_1_726' title='bbox 1763 4930 2035 4985; x_wconf 87' lang='lat' dir='ltr'><strong>Dominum</strong></span> 
     </span>
    </p>
   </div>
   <div class='ocr_carea' id='block_1_95' title="bbox 524 5021 2038 5093">
    <p class='ocr_par' dir='ltr' id='par_1_95' title="bbox 524 5021 2038 5093">
     <span class='ocr_line' id='line_1_95' title="bbox 524 5021 2038 5093; baseline 0.001 -17"><span class='ocrx_word' id='word_1_727' title='bbox 524 5022 703 5079; x_wconf 79' lang='lat' dir='ltr'><strong>Jesunt</strong></span> <span class='ocrx_word' id='word_1_728' title='bbox 735 5023 1003 5085; x_wconf 82' lang='lat' dir='ltr'><strong>Christum,</strong></span> <span class='ocrx_word' id='word_1_729' title='bbox 1029 5021 1117 5074; x_wconf 71' lang='grc'><strong>21.</strong></span> <span class='ocrx_word' id='word_1_730' title='bbox 1150 5023 1239 5090; x_wconf 79' lang='lat' dir='ltr'><strong>qui</strong></span> <span class='ocrx_word' id='word_1_731' title='bbox 1260 5023 1638 5092; x_wconf 84' lang='lat' dir='ltr'><strong>trans/igurabit</strong></span> <span class='ocrx_word' id='word_1_732' title='bbox 1668 5040 1847 5093; x_wconf 78' lang='lat' dir='ltr'><strong>corpus</strong></span> <span class='ocrx_word' id='word_1_733' title='bbox 1875 5024 2038 5077; x_wconf 81' lang='lat' dir='ltr'><strong>humi-</strong></span> 
     </span>
    </p>
   </div>
   <div class='ocr_carea' id='block_1_96' title="bbox 530 5114 2028 5185">
    <p class='ocr_par' dir='ltr' id='par_1_96' title="bbox 530 5114 2028 5185">
     <span class='ocr_line' id='line_1_96' title="bbox 530 5114 2028 5185; baseline -0.001 -16"><span class='ocrx_word' id='word_1_734' title='bbox 530 5116 687 5171; x_wconf 70' lang='lat' dir='ltr'><strong>litatis</strong></span> <span class='ocrx_word' id='word_1_735' title='bbox 717 5124 919 5175; x_wconf 75' lang='lat' dir='ltr'><strong>nostraz,</strong></span> <span class='ocrx_word' id='word_1_736' title='bbox 945 5123 998 5166; x_wconf 91' lang='lat' dir='ltr'><strong>ut</strong></span> <span class='ocrx_word' id='word_1_737' title='bbox 1031 5116 1287 5184; x_wconf 74' lang='lat' dir='ltr'><strong>conformo</strong></span> <span class='ocrx_word' id='word_1_738' title='bbox 1308 5114 1396 5179; x_wconf 81' lang='lat' dir='ltr'><strong>ﬁat</strong></span> <span class='ocrx_word' id='word_1_739' title='bbox 1417 5117 1616 5185; x_wconf 84' lang='lat' dir='ltr'><strong>corpori</strong></span> <span class='ocrx_word' id='word_1_740' title='bbox 1643 5116 1886 5168; x_wconf 76' lang='lat' dir='ltr'><strong>claritatis</strong></span> <span class='ocrx_word' id='word_1_741' title='bbox 1903 5130 2028 5179; x_wconf 71' lang='lat' dir='ltr'><strong>suta,</strong></span> 
     </span>
    </p>
   </div>
   <div class='ocr_carea' id='block_1_97' title="bbox 527 5203 2034 5275">
    <p class='ocr_par' dir='ltr' id='par_1_97' title="bbox 527 5203 2034 5275">
     <span class='ocr_line' id='line_1_97' title="bbox 527 5203 2034 5275; baseline -0.001 -16"><span class='ocrx_word' id='word_1_742' title='bbox 527 5206 800 5259; x_wconf 80' lang='lat' dir='ltr'><strong>secundum</strong></span> <span class='ocrx_word' id='word_1_743' title='bbox 822 5204 1163 5270; x_wconf 86' lang='lat' dir='ltr'><strong>operationem</strong></span> <span class='ocrx_word' id='word_1_744' title='bbox 1192 5203 1385 5257; x_wconf 81' lang='lat' dir='ltr'><strong>virtutis</strong></span> <span class='ocrx_word' id='word_1_745' title='bbox 1409 5220 1535 5268; x_wconf 73' lang='lat' dir='ltr'><strong>saw,</strong></span> <span class='ocrx_word' id='word_1_746' title='bbox 1560 5222 1657 5274; x_wconf 84' lang='lat' dir='ltr'><strong>qua</strong></span> <span class='ocrx_word' id='word_1_747' title='bbox 1695 5207 1845 5258; x_wconf 84' lang='lat' dir='ltr'><strong>etiam</strong></span> <span class='ocrx_word' id='word_1_748' title='bbox 1877 5207 2034 5275; x_wconf 82' lang='lat' dir='ltr'><strong>possit</strong></span> 
     </span>
    </p>
   </div>
   <div class='ocr_carea' id='block_1_98' title="bbox 526 5296 1101 5367">
    <p class='ocr_par' dir='ltr' id='par_1_98' title="bbox 526 5296 1101 5367">
     <span class='ocr_line' id='line_1_98' title="bbox 526 5296 1101 5367; baseline -0.007 -17"><span class='ocrx_word' id='word_1_749' title='bbox 526 5297 770 5367; x_wconf 72' lang='lat' dir='ltr'><strong>subjicere</strong></span> <span class='ocrx_word' id='word_1_750' title='bbox 793 5296 886 5349; x_wconf 85' lang='lat' dir='ltr'><strong>sibi</strong></span> <span class='ocrx_word' id='word_1_751' title='bbox 913 5296 1101 5349; x_wconf 84' lang='lat' dir='ltr'><strong>omnia.</strong></span> 
     </span>
    </p>
   </div>
   <div class='ocr_carea' id='block_1_99' title="bbox 531 5386 2034 5458">
    <p class='ocr_par' dir='ltr' id='par_1_99' title="bbox 531 5386 2034 5458">
     <span class='ocr_line' id='line_1_99' title="bbox 531 5386 2034 5458; baseline -0.001 -17"><span class='ocrx_word' id='word_1_752' title='bbox 531 5390 582 5442; x_wconf 85' lang='lat' dir='ltr'><strong>l.</strong></span> <span class='ocrx_word' id='word_1_753' title='bbox 625 5387 765 5440; x_wconf 79' lang='lat' dir='ltr'><strong>Nihil</strong></span> <span class='ocrx_word' id='word_1_754' title='bbox 814 5403 964 5458; x_wconf 80' lang='lat' dir='ltr'><strong>aeque</strong></span> <span class='ocrx_word' id='word_1_755' title='bbox 1010 5387 1408 5441; x_wconf 88' lang='lat' dir='ltr'><strong>dissentanemn</strong></span> <span class='ocrx_word' id='word_1_756' title='bbox 1457 5395 1560 5450; x_wconf 90' lang='lat' dir='ltr'><strong>est,</strong></span> <span class='ocrx_word' id='word_1_757' title='bbox 1616 5386 1955 5454; x_wconf 87' lang='lat' dir='ltr'><strong>alienumque</strong></span> <span class='ocrx_word' id='word_1_758' title='bbox 2005 5400 2034 5439; x_wconf 92' lang='lat' dir='ltr'><strong>a</strong></span> 
     </span>
    </p>
   </div>
   <div class='ocr_carea' id='block_1_100' title="bbox 455 5474 2036 5546">
    <p class='ocr_par' dir='ltr' id='par_1_100' title="bbox 455 5474 2036 5546">
     <span class='ocr_line' id='line_1_100' title="bbox 455 5474 2036 5546; baseline -0.003 -13"><span class='ocrx_word' id='word_1_759' title='bbox 455 5477 782 5541; x_wconf 84' lang='lat' dir='ltr'><strong>Christiano,</strong></span> <span class='ocrx_word' id='word_1_760' title='bbox 811 5491 873 5531; x_wconf 92' lang='lat' dir='ltr'><strong>ac</strong></span> <span class='ocrx_word' id='word_1_761' title='bbox 894 5492 1132 5546; x_wconf 90' lang='lat' dir='ltr'><strong>requtetn</strong></span> <span class='ocrx_word' id='word_1_762' title='bbox 1161 5485 1215 5532; x_wconf 92' lang='lat' dir='ltr'><strong>et</strong></span> <span class='ocrx_word' id='word_1_763' title='bbox 1234 5477 1398 5530; x_wconf 85' lang='lat' dir='ltr'><strong>otium</strong></span> <span class='ocrx_word' id='word_1_764' title='bbox 1421 5491 1662 5546; x_wconf 82' lang='lat' dir='ltr'><strong>qtncrerc</strong></span> <span class='ocrx_word' id='word_1_765' title='bbox 1691 5493 1703 5527; x_wconf 86' lang='lat'><strong>:</strong></span> <span class='ocrx_word' id='word_1_766' title='bbox 1731 5474 1859 5529; x_wconf 89' lang='lat' dir='ltr'><strong>nihil</strong></span> <span class='ocrx_word' id='word_1_767' title='bbox 1884 5490 2036 5544; x_wconf 80' lang='lat' dir='ltr'><strong>a-quc</strong></span> 
     </span>
    </p>
   </div>
   <div class='ocr_carea' id='block_1_101' title="bbox 461 5566 2031 5638">
    <p class='ocr_par' dir='ltr' id='par_1_101' title="bbox 461 5566 2031 5638">
     <span class='ocr_line' id='line_1_101' title="bbox 461 5566 2031 5638; baseline -0.002 -16"><span class='ocrx_word' id='word_1_768' title='bbox 461 5587 486 5622; x_wconf 84' lang='lat' dir='ltr'><strong>a</strong></span> <span class='ocrx_word' id='word_1_769' title='bbox 525 5568 858 5638; x_wconf 63' lang='lat' dir='ltr'><strong>professione</strong></span> <span class='ocrx_word' id='word_1_770' title='bbox 904 5576 1081 5622; x_wconf 52' lang='lat' dir='ltr'><strong>nostra</strong></span> <span class='ocrx_word' id='word_1_771' title='bbox 1108 5577 1162 5623; x_wconf 87' lang='lat' dir='ltr'><strong>et</strong></span> <span class='ocrx_word' id='word_1_772' title='bbox 1193 5568 1399 5632; x_wconf 88' lang='lat' dir='ltr'><strong>militia,</strong></span> <span class='ocrx_word' id='word_1_773' title='bbox 1432 5568 1514 5620; x_wconf 88' lang='lat' dir='ltr'><strong>cui</strong></span> <span class='ocrx_word' id='word_1_774' title='bbox 1545 5582 1737 5620; x_wconf 88' lang='lat' dir='ltr'><strong>nomen</strong></span> <span class='ocrx_word' id='word_1_775' title='bbox 1767 5566 2031 5629; x_wconf 88' lang='lat' dir='ltr'><strong>dedimus,</strong></span> 
     </span>
    </p>
   </div>
   <div class='ocr_carea' id='block_1_102' title="bbox 462 5657 2039 5727">
    <p class='ocr_par' dir='ltr' id='par_1_102' title="bbox 462 5657 2039 5727">
     <span class='ocr_line' id='line_1_102' title="bbox 462 5657 2039 5727; baseline 0 -15"><span class='ocrx_word' id='word_1_776' title='bbox 462 5659 785 5727; x_wconf 84' lang='lat' dir='ltr'><strong>alicuum,ac</strong></span> <span class='ocrx_word' id='word_1_777' title='bbox 809 5659 1053 5727; x_wconf 71' lang='lat' dir='ltr'><strong>praesenti</strong></span> <span class='ocrx_word' id='word_1_778' title='bbox 1075 5660 1197 5715; x_wconf 67' lang='lat' dir='ltr'><strong>vitae</strong></span> <span class='ocrx_word' id='word_1_779' title='bbox 1225 5659 1460 5714; x_wconf 75' lang='lat' dir='ltr'><strong>defixum</strong></span> <span class='ocrx_word' id='word_1_780' title='bbox 1482 5672 1619 5714; x_wconf 89' lang='lat' dir='ltr'><strong>esse.</strong></span> <span class='ocrx_word' id='word_1_781' title='bbox 1646 5657 1898 5712; x_wconf 83' lang='lat' dir='ltr'><strong>Dominus</strong></span> <span class='ocrx_word' id='word_1_782' title='bbox 1916 5666 2039 5713; x_wconf 88' lang='lat' dir='ltr'><strong>tuus</strong></span> 
     </span>
    </p>
   </div>
   <div class='ocr_carea' id='block_1_103' title="bbox 2145 4476 3732 4546">
    <p class='ocr_par' dir='ltr' id='par_1_103' title="bbox 2145 4476 3732 4546">
     <span class='ocr_line' id='line_1_103' title="bbox 2145 4476 3732 4546; baseline 0.001 -16"><span class='ocrx_word' id='word_1_783' title='bbox 2145 4477 2197 4530; x_wconf 90' lang='lat' dir='ltr'><strong>in</strong></span> <span class='ocrx_word' id='word_1_784' title='bbox 2220 4491 2434 4531; x_wconf 90' lang='lat' dir='ltr'><strong>crucem</strong></span> <span class='ocrx_word' id='word_1_785' title='bbox 2467 4485 2616 4529; x_wconf 91' lang='lat' dir='ltr'><strong>actus</strong></span> <span class='ocrx_word' id='word_1_786' title='bbox 2638 4484 2735 4538; x_wconf 90' lang='lat' dir='ltr'><strong>cst,</strong></span> <span class='ocrx_word' id='word_1_787' title='bbox 2766 4484 2820 4529; x_wconf 81' lang='lat' dir='ltr'><strong>et</strong></span> <span class='ocrx_word' id='word_1_788' title='bbox 2848 4487 2901 4529; x_wconf 92' lang='lat' dir='ltr'><strong>tu</strong></span> <span class='ocrx_word' id='word_1_789' title='bbox 2934 4476 3170 4546; x_wconf 84' lang='lat' dir='ltr'><strong>requiem</strong></span> <span class='ocrx_word' id='word_1_790' title='bbox 3203 4478 3437 4546; x_wconf 54' lang='lat' dir='ltr'><strong>quartis?</strong></span> <span class='ocrx_word' id='word_1_791' title='bbox 3470 4477 3509 4531; x_wconf 86' lang='lat' dir='ltr'>D</span> <span class='ocrx_word' id='word_1_792' title='bbox 3534 4493 3732 4531; x_wconf 82' lang='lat' dir='ltr'><strong>nutans</strong></span> 
     </span>
    </p>
   </div>
   <div class='ocr_carea' id='block_1_104' title="bbox 2147 4566 3731 4631">
    <p class='ocr_par' dir='ltr' id='par_1_104' title="bbox 2147 4566 3731 4631">
     <span class='ocr_line' id='line_1_104' title="bbox 2147 4566 3731 4631; baseline -0.001 -10"><span class='ocrx_word' id='word_1_793' title='bbox 2147 4576 2265 4621; x_wconf 89' lang='lat' dir='ltr'><strong>tuus</strong></span> <span class='ocrx_word' id='word_1_794' title='bbox 2290 4567 2455 4620; x_wconf 70' lang='lat' dir='ltr'><strong>clavis</strong></span> <span class='ocrx_word' id='word_1_795' title='bbox 2480 4567 2721 4620; x_wconf 71' lang='lat' dir='ltr'><strong>conlisus</strong></span> <span class='ocrx_word' id='word_1_796' title='bbox 2749 4574 2850 4631; x_wconf 85' lang='lat' dir='ltr'><strong>est,</strong></span> <span class='ocrx_word' id='word_1_797' title='bbox 2869 4574 2924 4621; x_wconf 89' lang='lat' dir='ltr'><strong>et</strong></span> <span class='ocrx_word' id='word_1_798' title='bbox 2955 4575 3010 4620; x_wconf 90' lang='lat' dir='ltr'><strong>tu</strong></span> <span class='ocrx_word' id='word_1_799' title='bbox 3036 4566 3343 4623; x_wconf 81' lang='lat' dir='ltr'><strong>deliciaris?</strong></span> <span class='ocrx_word' id='word_1_800' title='bbox 3371 4567 3605 4622; x_wconf 78' lang='lat' dir='ltr'><strong>haeccine</strong></span> <span class='ocrx_word' id='word_1_801' title='bbox 3624 4570 3731 4621; x_wconf 84' lang='lat' dir='ltr'><strong>tui-</strong></span> 
     </span>
    </p>
   </div>
   <div class='ocr_carea' id='block_1_105' title="bbox 2145 4658 3729 4729">
    <p class='ocr_par' dir='ltr' id='par_1_105' title="bbox 2145 4658 3729 4729">
     <span class='ocr_line' id='line_1_105' title="bbox 2145 4658 3729 4729; baseline 0 -16"><span class='ocrx_word' id='word_1_802' title='bbox 2145 4660 2250 4713; x_wconf 85' lang='lat' dir='ltr'><strong>Iitis</strong></span> <span class='ocrx_word' id='word_1_803' title='bbox 2275 4658 2564 4729; x_wconf 78' lang='lat' dir='ltr'><strong>generosi?</strong></span> <span class='ocrx_word' id='word_1_804' title='bbox 2594 4658 2878 4727; x_wconf 84' lang='lat' dir='ltr'><strong>Propterea</strong></span> <span class='ocrx_word' id='word_1_805' title='bbox 2910 4658 3069 4712; x_wconf 90' lang='lat' dir='ltr'><strong>etiam</strong></span> <span class='ocrx_word' id='word_1_806' title='bbox 3093 4658 3288 4713; x_wconf 85' lang='lat' dir='ltr'><strong>Paulus</strong></span> <span class='ocrx_word' id='word_1_807' title='bbox 3344 4659 3536 4729; x_wconf 85' lang='lat' dir='ltr'><strong>inquit,</strong></span> <span class='ocrx_word' id='word_1_808' title='bbox 3570 4658 3729 4713; x_wconf 70' lang='lat' dir='ltr'><strong>Multi</strong></span> 
     </span>
    </p>
   </div>
   <div class='ocr_carea' id='block_1_106' title="bbox 2144 4749 3797 4821">
    <p class='ocr_par' dir='ltr' id='par_1_106' title="bbox 2144 4749 3797 4821">
     <span class='ocr_line' id='line_1_106' title="bbox 2144 4749 3797 4821; baseline 0.001 -18"><span class='ocrx_word' id='word_1_809' title='bbox 2144 4752 2565 4818; x_wconf 82' lang='lat' dir='ltr'><strong>ambulant,un</strong></span> <span class='ocrx_word' id='word_1_810' title='bbox 2580 4766 2717 4821; x_wconf 65' lang='lat' dir='ltr'><strong>sa&#39;pe</strong></span> <span class='ocrx_word' id='word_1_811' title='bbox 2744 4751 2970 4804; x_wconf 78' lang='lat' dir='ltr'><strong>dicebam</strong></span> <span class='ocrx_word' id='word_1_812' title='bbox 2996 4749 3150 4813; x_wconf 74' lang='lat' dir='ltr'><strong>vobis,</strong></span> <span class='ocrx_word' id='word_1_813' title='bbox 3170 4766 3305 4805; x_wconf 81' lang='lat' dir='ltr'><strong>nunc</strong></span> <span class='ocrx_word' id='word_1_814' title='bbox 3331 4760 3499 4803; x_wconf 79' lang='lat' dir='ltr'><strong>autem</strong></span> <span class='ocrx_word' id='word_1_815' title='bbox 3526 4762 3572 4804; x_wconf 85' lang='lat' dir='ltr'><strong>et</strong></span> <span class='ocrx_word' id='word_1_816' title='bbox 3595 4751 3729 4820; x_wconf 67' lang='lat' dir='ltr'><strong>ﬂens</strong></span> <span class='ocrx_word' id='word_1_817' title='bbox 3786 4775 3797 4821; x_wconf 80' lang='lat'><strong>;</strong></span> 
     </span>
    </p>
   </div>
   <div class='ocr_carea' id='block_1_107' title="bbox 2145 4839 3725 4908">
    <p class='ocr_par' dir='ltr' id='par_1_107' title="bbox 2145 4839 3725 4908">
     <span class='ocr_line' id='line_1_107' title="bbox 2145 4839 3725 4908; baseline -0.001 -14"><span class='ocrx_word' id='word_1_818' title='bbox 2145 4841 2280 4901; x_wconf 85' lang='lat' dir='ltr'><strong>dico,</strong></span> <span class='ocrx_word' id='word_1_819' title='bbox 2312 4841 2539 4895; x_wconf 81' lang='lat' dir='ltr'><strong>inimicos</strong></span> <span class='ocrx_word' id='word_1_820' title='bbox 2565 4841 2728 4894; x_wconf 83' lang='lat' dir='ltr'><strong>crucis</strong></span> <span class='ocrx_word' id='word_1_821' title='bbox 2753 4839 2961 4894; x_wconf 84' lang='lat' dir='ltr'><strong>Christi.</strong></span> <span class='ocrx_word' id='word_1_822' title='bbox 2985 4840 3247 4907; x_wconf 90' lang='lat' dir='ltr'><strong>Quoniam</strong></span> <span class='ocrx_word' id='word_1_823' title='bbox 3278 4849 3432 4896; x_wconf 88' lang='lat' dir='ltr'><strong>erant</strong></span> <span class='ocrx_word' id='word_1_824' title='bbox 3458 4841 3725 4908; x_wconf 80' lang='lat' dir='ltr'><strong>nonnulli,</strong></span> 
     </span>
    </p>
   </div>
   <div class='ocr_carea' id='block_1_108' title="bbox 2145 4931 3729 5000">
    <p class='ocr_par' dir='ltr' id='par_1_108' title="bbox 2145 4931 3729 5000">
     <span class='ocr_line' id='line_1_108' title="bbox 2145 4931 3729 5000; baseline 0.002 -16"><span class='ocrx_word' id='word_1_825' title='bbox 2145 4933 2233 5000; x_wconf 92' lang='lat' dir='ltr'><strong>qui</strong></span> <span class='ocrx_word' id='word_1_826' title='bbox 2262 4931 2726 4986; x_wconf 83' lang='lat' dir='ltr'><strong>Christianismum</strong></span> <span class='ocrx_word' id='word_1_827' title='bbox 2745 4931 2957 5000; x_wconf 89' lang='lat' dir='ltr'><strong>quidem</strong></span> <span class='ocrx_word' id='word_1_828' title='bbox 2982 4931 3326 4992; x_wconf 85' lang='lat' dir='ltr'><strong>simulabant,</strong></span> <span class='ocrx_word' id='word_1_829' title='bbox 3347 4931 3441 4986; x_wconf 90' lang='lat' dir='ltr'><strong>sed</strong></span> <span class='ocrx_word' id='word_1_830' title='bbox 3463 4932 3514 4986; x_wconf 87' lang='lat' dir='ltr'><strong>itt</strong></span> <span class='ocrx_word' id='word_1_831' title='bbox 3531 4932 3641 4986; x_wconf 88' lang='lat' dir='ltr'><strong>otio</strong></span> <span class='ocrx_word' id='word_1_832' title='bbox 3657 4947 3729 4987; x_wconf 81' lang='lat' dir='ltr'><strong>ac</strong></span> 
     </span>
    </p>
   </div>
   <div class='ocr_carea' id='block_1_109' title="bbox 2145 5022 3729 5090">
    <p class='ocr_par' dir='ltr' id='par_1_109' title="bbox 2145 5022 3729 5090">
     <span class='ocr_line' id='line_1_109' title="bbox 2145 5022 3729 5090; baseline 0.003 -14"><span class='ocrx_word' id='word_1_833' title='bbox 2145 5022 2348 5077; x_wconf 88' lang='lat' dir='ltr'><strong>deliciis</strong></span> <span class='ocrx_word' id='word_1_834' title='bbox 2368 5024 2633 5086; x_wconf 85' lang='lat' dir='ltr'><strong>vivebant,</strong></span> <span class='ocrx_word' id='word_1_835' title='bbox 2656 5023 2705 5076; x_wconf 90' lang='lat' dir='ltr'><strong>id</strong></span> <span class='ocrx_word' id='word_1_836' title='bbox 2731 5037 2857 5077; x_wconf 87' lang='lat' dir='ltr'><strong>vero</strong></span> <span class='ocrx_word' id='word_1_837' title='bbox 2885 5022 3197 5078; x_wconf 88' lang='lat' dir='ltr'><strong>adversatur</strong></span> <span class='ocrx_word' id='word_1_838' title='bbox 3224 5026 3402 5090; x_wconf 89' lang='lat' dir='ltr'><strong>cruci;</strong></span> <span class='ocrx_word' id='word_1_839' title='bbox 3429 5025 3625 5079; x_wconf 87' lang='lat' dir='ltr'><strong>idcirco</strong></span> <span class='ocrx_word' id='word_1_840' title='bbox 3651 5026 3729 5081; x_wconf 75' lang='lat' dir='ltr'><strong>ita</strong></span> 
     </span>
    </p>
   </div>
   <div class='ocr_carea' id='block_1_110' title="bbox 2145 5114 3726 5184">
    <p class='ocr_par' dir='ltr' id='par_1_110' title="bbox 2145 5114 3726 5184">
     <span class='ocr_line' id='line_1_110' title="bbox 2145 5114 3726 5184; baseline 0.002 -16"><span class='ocrx_word' id='word_1_841' title='bbox 2145 5114 2376 5169; x_wconf 91' lang='lat' dir='ltr'><strong>dicebat.</strong></span> <span class='ocrx_word' id='word_1_842' title='bbox 2405 5116 2541 5168; x_wconf 77' lang='lat' dir='ltr'><strong>Crux</strong></span> <span class='ocrx_word' id='word_1_843' title='bbox 2562 5116 2702 5169; x_wconf 90' lang='lat' dir='ltr'><strong>enim</strong></span> <span class='ocrx_word' id='word_1_844' title='bbox 2729 5116 2937 5184; x_wconf 87' lang='lat' dir='ltr'><strong>propria</strong></span> <span class='ocrx_word' id='word_1_845' title='bbox 2964 5117 3156 5170; x_wconf 73' lang='lat' dir='ltr'><strong>anima:</strong></span> <span class='ocrx_word' id='word_1_846' title='bbox 3186 5126 3268 5171; x_wconf 91' lang='lat' dir='ltr'><strong>est</strong></span> <span class='ocrx_word' id='word_1_847' title='bbox 3294 5117 3345 5170; x_wconf 92' lang='lat' dir='ltr'><strong>in</strong></span> <span class='ocrx_word' id='word_1_848' title='bbox 3368 5118 3485 5172; x_wconf 89' lang='lat' dir='ltr'><strong>acie</strong></span> <span class='ocrx_word' id='word_1_849' title='bbox 3510 5118 3726 5179; x_wconf 82' lang='lat' dir='ltr'><strong>stantis,</strong></span> 
     </span>
    </p>
   </div>
   <div class='ocr_carea' id='block_1_111' title="bbox 2145 5205 3723 5276">
    <p class='ocr_par' dir='ltr' id='par_1_111' title="bbox 2145 5205 3723 5276">
     <span class='ocr_line' id='line_1_111' title="bbox 2145 5205 3723 5276; baseline -0.002 -17"><span class='ocrx_word' id='word_1_850' title='bbox 2145 5206 2279 5260; x_wconf 91' lang='lat' dir='ltr'><strong>mori</strong></span> <span class='ocrx_word' id='word_1_851' title='bbox 2307 5207 2570 5275; x_wconf 89' lang='lat' dir='ltr'><strong>cupientis</strong></span> <span class='ocrx_word' id='word_1_852' title='bbox 2589 5247 2604 5270; x_wconf 91' lang='lat'><strong>,</strong></span> <span class='ocrx_word' id='word_1_853' title='bbox 2646 5206 2845 5258; x_wconf 89' lang='lat' dir='ltr'><strong>nullam</strong></span> <span class='ocrx_word' id='word_1_854' title='bbox 2875 5205 2975 5260; x_wconf 85' lang='lat' dir='ltr'><strong>sibi</strong></span> <span class='ocrx_word' id='word_1_855' title='bbox 3005 5205 3414 5262; x_wconf 84' lang='lat' dir='ltr'><strong>oblectationem</strong></span> <span class='ocrx_word' id='word_1_856' title='bbox 3440 5205 3723 5276; x_wconf 67' lang='lat' dir='ltr'><strong>postulan-</strong></span> 
     </span>
    </p>
   </div>
   <div class='ocr_carea' id='block_1_112' title="bbox 2148 5295 3728 5367">
    <p class='ocr_par' dir='ltr' id='par_1_112' title="bbox 2148 5295 3728 5367">
     <span class='ocr_line' id='line_1_112' title="bbox 2148 5295 3728 5367; baseline -0.001 -17"><span class='ocrx_word' id='word_1_857' title='bbox 2148 5298 2216 5351; x_wconf 88' lang='lat' dir='ltr'><strong>tis</strong></span> <span class='ocrx_word' id='word_1_858' title='bbox 2246 5314 2260 5350; x_wconf 92' lang='lat'><strong>:</strong></span> <span class='ocrx_word' id='word_1_859' title='bbox 2287 5296 2360 5350; x_wconf 87' lang='lat' dir='ltr'><strong>illi</strong></span> <span class='ocrx_word' id='word_1_860' title='bbox 2390 5311 2517 5352; x_wconf 86' lang='lat' dir='ltr'><strong>vero</strong></span> <span class='ocrx_word' id='word_1_861' title='bbox 2559 5295 2882 5351; x_wconf 88' lang='lat' dir='ltr'><strong>contrariam</strong></span> <span class='ocrx_word' id='word_1_862' title='bbox 2931 5296 3054 5350; x_wconf 80' lang='lat' dir='ltr'><strong>vitae</strong></span> <span class='ocrx_word' id='word_1_863' title='bbox 3099 5296 3362 5351; x_wconf 87' lang='lat' dir='ltr'><strong>rationem</strong></span> <span class='ocrx_word' id='word_1_864' title='bbox 3408 5305 3728 5367; x_wconf 84' lang='lat' dir='ltr'><strong>sequuntur.</strong></span> 
     </span>
    </p>
   </div>
   <div class='ocr_carea' id='block_1_113' title="bbox 2147 5381 3728 5453">
    <p class='ocr_par' dir='ltr' id='par_1_113' title="bbox 2147 5381 3728 5453">
     <span class='ocr_line' id='line_1_113' title="bbox 2147 5381 3728 5453; baseline -0.001 -14"><span class='ocrx_word' id='word_1_865' title='bbox 2147 5387 2502 5453; x_wconf 89' lang='lat' dir='ltr'><strong>Quamobrem</strong></span> <span class='ocrx_word' id='word_1_866' title='bbox 2551 5385 2757 5440; x_wconf 85' lang='lat' dir='ltr'><strong>tametsi</strong></span> <span class='ocrx_word' id='word_1_867' title='bbox 2802 5384 2986 5439; x_wconf 88' lang='lat' dir='ltr'><strong>dicunt</strong></span> <span class='ocrx_word' id='word_1_868' title='bbox 3014 5400 3072 5440; x_wconf 89' lang='lat' dir='ltr'><strong>se</strong></span> <span class='ocrx_word' id='word_1_869' title='bbox 3097 5381 3293 5440; x_wconf 87' lang='lat' dir='ltr'><strong>Christi</strong></span> <span class='ocrx_word' id='word_1_870' title='bbox 3328 5399 3469 5448; x_wconf 89' lang='lat' dir='ltr'><strong>esse,</strong></span> <span class='ocrx_word' id='word_1_871' title='bbox 3520 5384 3728 5438; x_wconf 84' lang='lat' dir='ltr'><strong>inimici</strong></span> 
     </span>
    </p>
   </div>
   <div class='ocr_carea' id='block_1_114' title="bbox 2150 5475 3733 5545">
    <p class='ocr_par' dir='ltr' id='par_1_114' title="bbox 2150 5475 3733 5545">
     <span class='ocr_line' id='line_1_114' title="bbox 2150 5475 3733 5545; baseline -0.001 -13"><span class='ocrx_word' id='word_1_872' title='bbox 2150 5488 2323 5533; x_wconf 87' lang='lat' dir='ltr'><strong>tamen</strong></span> <span class='ocrx_word' id='word_1_873' title='bbox 2356 5487 2477 5531; x_wconf 91' lang='lat' dir='ltr'><strong>sunt</strong></span> <span class='ocrx_word' id='word_1_874' title='bbox 2503 5478 2679 5532; x_wconf 90' lang='lat' dir='ltr'><strong>crucis</strong></span> <span class='ocrx_word' id='word_1_875' title='bbox 2706 5494 2720 5530; x_wconf 87' lang='lat'><strong>:</strong></span> <span class='ocrx_word' id='word_1_876' title='bbox 2752 5476 2970 5545; x_wconf 84' lang='lat' dir='ltr'><strong>alioqui,</strong></span> <span class='ocrx_word' id='word_1_877' title='bbox 3019 5477 3062 5530; x_wconf 92' lang='lat' dir='ltr'><strong>si</strong></span> <span class='ocrx_word' id='word_1_878' title='bbox 3107 5491 3319 5532; x_wconf 87' lang='lat' dir='ltr'><strong>crucem</strong></span> <span class='ocrx_word' id='word_1_879' title='bbox 3350 5483 3625 5537; x_wconf 88' lang='lat' dir='ltr'><strong>amarent,</strong></span> <span class='ocrx_word' id='word_1_880' title='bbox 3672 5475 3733 5531; x_wconf 79' lang='lat' dir='ltr'><strong>id</strong></span> 
     </span>
    </p>
   </div>
   <div class='ocr_carea' id='block_1_115' title="bbox 2145 5565 3733 5640">
    <p class='ocr_par' dir='ltr' id='par_1_115' title="bbox 2145 5565 3733 5640">
     <span class='ocr_line' id='line_1_115' title="bbox 2145 5565 3733 5640; baseline -0.003 -18"><span class='ocrx_word' id='word_1_881' title='bbox 2145 5584 2361 5640; x_wconf 88' lang='lat' dir='ltr'><strong>quoque</strong></span> <span class='ocrx_word' id='word_1_882' title='bbox 2408 5567 2723 5631; x_wconf 88' lang='lat' dir='ltr'><strong>studerent,</strong></span> <span class='ocrx_word' id='word_1_883' title='bbox 2772 5576 2831 5621; x_wconf 94' lang='lat' dir='ltr'><strong>ut</strong></span> <span class='ocrx_word' id='word_1_884' title='bbox 2877 5567 3186 5621; x_wconf 78' lang='lat' dir='ltr'><strong>crucillsatn</strong></span> <span class='ocrx_word' id='word_1_885' title='bbox 3239 5565 3401 5620; x_wconf 89' lang='lat' dir='ltr'><strong>vitam</strong></span> <span class='ocrx_word' id='word_1_886' title='bbox 3454 5566 3733 5619; x_wconf 82' lang='lat' dir='ltr'><strong>viverent.</strong></span> 
     </span>
    </p>
   </div>
   <div class='ocr_carea' id='block_1_116' title="bbox 2145 5654 3731 5716">
    <p class='ocr_par' dir='ltr' id='par_1_116' title="bbox 2145 5654 3731 5716">
     <span class='ocr_line' id='line_1_116' title="bbox 2145 5654 3731 5716; baseline -0.011 0"><span class='ocrx_word' id='word_1_887' title='bbox 2145 5659 2333 5716; x_wconf 85' lang='lat' dir='ltr'><strong>Nonne</strong></span> <span class='ocrx_word' id='word_1_888' title='bbox 2367 5659 2420 5713; x_wconf 91' lang='lat' dir='ltr'><strong>in</strong></span> <span class='ocrx_word' id='word_1_889' title='bbox 2448 5672 2661 5714; x_wconf 86' lang='lat' dir='ltr'><strong>crucem</strong></span> <span class='ocrx_word' id='word_1_890' title='bbox 2688 5667 2838 5712; x_wconf 90' lang='lat' dir='ltr'><strong>actus</strong></span> <span class='ocrx_word' id='word_1_891' title='bbox 2870 5667 2952 5712; x_wconf 89' lang='lat' dir='ltr'><strong>cst</strong></span> <span class='ocrx_word' id='word_1_892' title='bbox 2985 5657 3239 5711; x_wconf 86' lang='lat' dir='ltr'><strong>Dominus</strong></span> <span class='ocrx_word' id='word_1_893' title='bbox 3283 5665 3404 5707; x_wconf 70' lang='lat' dir='ltr'><strong>tum</strong></span> <span class='ocrx_word' id='word_1_894' title='bbox 3425 5656 3449 5694; x_wconf 73' lang='grc' dir='ltr'><strong>ν</strong></span> <span class='ocrx_word' id='word_1_895' title='bbox 3494 5654 3549 5697; x_wconf 68' lang='lat' dir='ltr'><strong>Ri</strong></span> <span class='ocrx_word' id='word_1_896' title='bbox 3583 5656 3731 5699; x_wconf 63' lang='grc' dir='ltr'><strong>ηιερη</strong></span> 
     </span>
    </p>
   </div>
   <div class='ocr_carea' id='block_1_117' title="bbox 3759 4878 3827 5095">
    <p class='ocr_par' dir='ltr' id='par_1_117' title="bbox 3759 4878 3827 5095">
     <span class='ocr_line' id='line_1_117' title="bbox 3759 4878 3827 5095; baseline 0 -208"><span class='ocrx_word' id='word_1_897' title='bbox 3759 4878 3827 5095; x_wconf 38' lang='grc' dir='ltr'>ᾗ</span> 
     </span>
    </p>
   </div>
  </div>
