4014 6200
500 278 605 335 977

504 396 607 464 σθη
640 408 734 446 σου
764 391 792 442 6
836 385 1153 456 Δεσπότης;
1205 384 1459 454 Μίμησαι
1506 382 1569 434 σὺ
1607 380 1778 443 ἄλλως
1812 376 1995 439 αὑτὸν,
2029 379 2077 427 εἰ

509 486 585 557 μὴ
612 485 702 537 τὸν
733 479 942 536 ἐκείνου
974 476 1200 529 δύνασαι
1231 475 1434 546 τρόπον
1456 487 1470 502 ·
1523 472 1837 542 σταύρωσον
1867 468 2074 530 ἑαυτὸν,

504 576 608 631 κᾶν
638 572 822 642 μηδείς
856 586 915 622 σε
944 566 1261 637 σταυρώσῃ·
1304 564 1619 635 σταύρωσον
1661 561 1887 615 σεαυτὸν
1915 559 2075 626 λέγω,

505 666 603 733 οὐχ
630 662 718 715 ἶνα
742 658 965 713 σεαυτὸν
1000 656 1198 726 ἀνέλῃς
1233 654 1331 725 (μὴ
1357 653 1589 722 γένοιτο,
1626 652 1783 704 τοῦτο
1814 650 1922 720 γὰρ
1950 650 2080 702 ἀσε-

508 754 645 818 ϐὲς),
672 752 785 805 ἀλλ’
813 750 888 813 ώς
910 747 1123 810 Παῦλος
1156 745 1360 811 ἔλεγεν
1388 742 1549 810 Ἐμοὶ
1585 744 1713 811 γὰρ,
1744 739 1895 812 [298]
1923 738 2076 809 φησὶ,

507 859 732 911 κοσμος
760 841 1143 910 ἐσταύρωται,
1175 837 1335 907 κάγὼ
1364 833 1443 900 τῷ
1474 835 1695 901 κόσμῳ.

580 949 640 999 Εἰ
671 944 844 1014 φιλεῖς
868 945 958 996 τὸν
984 940 1261 1009 Δεσπότην
1298 954 1415 1001 σου,
1450 935 1541 987 τὸν
1575 933 1806 986 θάνατον
1844 928 2079 983 ἀπόθανε

509 1039 598 1093 τὸν
631 1037 875 1091 ὲκείνου’
932 1033 1069 1105 μάθε
1105 1032 1248 1101 πόση
1275 1027 1366 1081 τοῦ
1401 1024 1632 1096 σταυροῦ
1667 1025 1700 1094 ἡ
1735 1023 1906 1092 ἰσχὺς,
1941 1019 2082 1071 πόσα

511 1129 858 1200 κατώρθωσε,
892 1126 1030 1179 πόσα
1067 1120 1338 1191 κατορθοῖ,
1372 1118 1489 1181 πῶς
1523 1119 1665 1169 ἐστιν
1697 1112 1968 1181 ἀσφάλεια
1988 1109 2082 1163 τοῦ

514 1220 650 1289 βίου.
683 1216 780 1269 Διά
801 1215 990 1268 τούτου
1023 1214 1196 1265 πάντα
1220 1209 1488 1263 τελεῖται·
1525 1206 1807 1276 βάπτισμα
1852 1200 1942 1253 διὰ
1987 1198 2080 1253 τοῦ

514 1310 750 1380 σταυροῦ
806 1308 905 1377 (δεῖ
937 1308 1048 1376 γὰρ
1099 1301 1386 1357 ἀναλαϐεῖν
1424 1299 1522 1369 τὴν
1560 1294 1869 1367 σφραγῖδα)⁶
1903 1309 2081 1364 χειροο

512 1401 661 1455 τονία
692 1399 779 1452 διὰ
826 1397 919 1450 τοῦ
968 1394 1233 1466 σταυροῦ·
1270 1390 1373 1446 κᾶν
1403 1392 1460 1444 ὲν
1485 1389 1622 1451 ὁδοῖς
1658 1381 1828 1457 ὦμεν,
1872 1383 1975 1437 κᾶν
2026 1384 2083 1435 ὲν

513 1493 680 1562 οἰκίᾳ,
718 1489 822 1543 κᾶν
873 1489 1005 1543 ὅπου
1037 1485 1102 1539 ἄν
1134 1501 1287 1549 ποτε,
1343 1481 1485 1552 μέγα
1519 1477 1719 1546 ἀγαθὸν
1752 1476 1780 1527 6
1832 1474 2082 1544 σταυρὸς,

518 1585 785 1655 σωτήριον
813 1580 996 1642 ὅπλον,
1022 1576 1191 1638 ἀσπὶς
1220 1575 1450 1645 ἄμαχος,
1496 1570 1573 1639 τῷ
1598 1568 1827 1638 διαϐόλῳ
1856 1566 2083 1619 ἀντίπα-

515 1671 622 1733 λος.
654 1654 841 1737 Τούτῳ
877 1662 969 1719 οῦν
1006 1663 1305 1735 ὲχθραίνων
1356 1658 1643 1730 βαστάζεις
1691 1656 1781 1709 τὸν
1832 1654 2083 1726 σταυρὸν,

518 1762 592 1831 μὴ
617 1758 804 1820 ἁπλῶς
835 1754 1288 1827 σφραγιζόμενος,
1322 1750 1460 1805 ἀλλά
1491 1750 1559 1803 τά
1594 1747 1688 1802 τοῦ
1721 1745 1953 1816 σταυροῦ
1982 1744 2087 1797 πά-

517 1865 679 1919 σχων.
713 1842 834 1900 Οἵδε
891 1847 1118 1917 σταυρὸν
1143 1847 1170 1897 6
1196 1842 1431 1915 Χριστὸς
1457 1841 1526 1895 τά
1572 1839 1715 1910 πάθη
1762 1839 1959 1906 λέγειν,
2008 1835 2085 1899 ὡς

514 1942 642 1993 ὅταν
666 1938 800 2009 λέγῃ
819 1952 832 1967 °
881 1936 1017 1989 Ἐὰν
1046 1934 1124 2003 μή
1172 1951 1260 1999 τις
1310 1932 1422 2001 ἄρῃ
1454 1932 1560 1985 τὸν
1585 1928 1849 1997 σταυρὸν
1877 1924 2083 1989 αὐτοῦ,

518 2028 613 2082 καὶ
645 2025 1034 2094 ἀκολουθήσῃ
1066 2042 1167 2094 μοι
1188 2040 1202 2053 ⁸
1242 2023 1536 2087 τουτέστιν,
1560 2021 1656 2075 ὲάν
1681 2021 1754 2091 μή
1781 2013 1919 2092 τιςῇ
1948 2034 2086 2087 παρ-

517 2115 915 2185 εσκευασμένος
944 2114 1077 2183 πρὸς
1112 2112 1359 2167 θάνατον.
1386 2104 1549 2165 Οὗτοι
1592 2110 1650 2163 δὲ
1695 2111 1909 2178 ἀγενεῖς
1933 2108 2087 2169 ὄντες

516 2206 612 2259 καὶ
639 2205 888 2274 φιλόςωοι
923 2205 1017 2257 καὶ
1059 2203 1442 2273 φιλοσώματοι,
1490 2201 1675 2272 ἐχθροὶ
1719 2198 1812 2254 τοῦ
1852 2196 2086 2268 σταυροῦ

516 2296 844 2366 τυγχάνουσι
870 2313 882 2325 ·
915 2296 1009 2349 καὶ
1036 2297 1164 2358 πᾶς,
1196 2295 1255 2357 ὃς
1280 2294 1345 2347 ἂν
1435 2294 1535 2363 τῆς
1558 2291 1768 2363 τρυφῆς
1794 2289 1945 2359 φίλος
1995 2288 2089 2343 καὶ

519 2390 616 2459 τῆς
647 2386 880 2441 ἐνταῦθα
913 2386 1230 2455 ἀσφαλείας,
1266 2385 1454 2456 ἐχθρός
1481 2385 1598 2436 ἐστι
1623 2381 1715 2435 τοῦ
1745 2378 2000 2450 σταυροῦ,
2032 2379 2090 2431 ὲν

519 2476 563 2548 ᾧ
596 2480 807 2542 Παῦλος
835 2480 1104 2549 καυχᾶται
1131 2477 1225 2531 καὶ¹
1262 2475 1671 2548 περιπλέκεται,
1709 2467 1755 2541 ᾧ
1801 2469 2090 2534 σπουδάζει

525 2571 969 2640 συνουσιωθῆναι,
1027 2569 1101 2632 ώς
1152 2570 1280 2622 ὅταν
1313 2567 1480 2639 λέγῃο
1529 2565 1675 2635 Ἐγὼ
1717 2564 2090 2631 ἑσταύρωμαι

520 2663 601 2730 τῷ
632 2666 858 2731 κόσμῳ,
896 2660 994 2715 καί
1047 2663 1079 2714 ό
1133 2661 1359 2730 κόσμος
1394 2658 1543 2727 ἐμοί.
1569 2656 1682 2709 Νῦν
1712 2656 1768 2709 δέ
1802 2672 1955 2726 φησι,
1983 2652 2092 2707 Καί

522 2755 747 2809 κλαίων
782 2752 954 2822 λέγω.
983 2751 1081 2805 Διά
1111 2751 1197 2817 τί;
1232 2752 1354 2804 ’Ότι
1393 2750 1629 2803 ἐπέτεινε
1681 2747 1742 2800 τὸ
1786 2746 1971 2813 κακὸν,
2010 2748 2093 2800 ὅτι

523 2843 773 2915 δακρύων
806 2843 945 2906 ἄξιοι
976 2844 1025 2894 οἱ
1054 2841 1304 2894 τοιοῦτοι.
1347 2842 1556 2902 Ὄντως
1585 2835 1834 2907 δακρύων
1868 2835 2007 2899 ἄξιοι
2044 2837 2092 2888 οἱ

523 2934 855 3006 τρυφῶντες,
891 2934 953 2986 τὸ
986 2931 1085 3002 μὲν
1131 2930 1494 2999 περιϐόλαιον,
1537 2929 1804 2990 τουτέστι,
1838 2927 1898 2980 τὸ
1937 2926 2095 2994 σῶμα

525 3025 884 3086 λιπαίνοντες,
911 3021 1009 3089 τῆς
1054 3020 1111 3072 δὲ
1147 3018 1445 3089 μελλούσης
1498 3018 1726 3078 εὐθύνας
1770 3016 1966 3069 διδόναι
2002 3015 2093 3067 ού-

525 3114 652 3168 δένα
682 3113 990 3183 ποιούμενοι
1039 3110 1215 3182 λόγον.
1260 3110 1391 3162 Ἰδοὺ
1432 3108 1662 3178 τρυφᾷς,
1694 3107 1801 3159 ἰδοὺ
1846 3105 2087 3176 μεθύεις,

530 3207 769 3275 σήμερον
820 3203 913 3256 καὶ
961 3200 1169 3271 αὔριον,
1206 3199 1300 3251 καὶ
1350 3197 1481 3250 δέκα
1509 3199 1601 3267 ἐτη
1655 3196 1748 3248 καὶ
1797 3195 1969 3247 εἴκοσι
2003 3195 2097 3246 καὶ

530 3295 819 3363 τριάκοντα
858 3292 951 3342 καὶ
981 3289 1317 3358 πεντήκοντα
1364 3286 1458 3339 καὶ
1492 3284 1706 3346 ἑκατὸν,
1741 3284 1874 3353 ὅπερ
1902 3282 2095 3335 ἀδύνα-

530 3400 655 3439 τον·
694 3382 833 3454 πλὴν
862 3381 996 3443 ἀλλ’,
1049 3381 1098 3433 εἰ
1148 3379 1346 3450 βούλει,
1382 3376 1597 3448 θῶμεν
1633 3375 1684 3429 τί
1722 3375 1783 3427 τὸ
1817 3374 2018 3444 πέρας;
2046 3372 2097 3425 τί

532 3476 592 3530 τὸ
632 3473 851 3546 κέρδος;
905 3471 1091 3525 Οὐδέν.
1122 3471 1194 3523 Τὸ
1237 3466 1330 3524 οὖν
1373 3467 1611 3522 τοιοῦτον
1656 3465 1768 3536 βίον
1803 3464 1981 3536 ζῇνού
2009 3465 2100 3517 δα-

533 3567 716 3639 κρύων
737 3565 885 3631 ἄξιον
910 3564 1004 3617 καὶ
1042 3562 1253 3633 θρήνων
1278 3580 1293 3625 ;
1322 3564 1566 3631 Ἤγαγεν
1600 3560 1745 3631 ημᾶς
1775 3559 1855 3620 εἰς
1882 3556 1942 3609 τὸ
1978 3557 2103 3609 στά-

534 3659 645 3711 δ;ον
679 3657 830 3710 τοῦτο
857 3657 884 3709 6
912 3653 1064 3717 Θεὸς,
1108 3654 1194 3706 ἵνα
1221 3651 1562 3722 στεφανώσῃ,
1591 3652 1683 3705 καί⁵
1715 3652 1875 3720 ἡμεῖς
1900 3649 2100 3716 ἄπιμεν

540 3748 706 3815 μηδὲν
734 3746 1098 3816 ἐργασάμενοι
1125 3745 1388 3810 γενναῖον.
1405 3742 1595 3794 Κλαίει
1622 3740 1801 3793 τοίνυν
1835 3742 1863 3792 6
1894 3737 2104 3800 Παῦλος

537 3838 620 3904 ἐφ’
650 3831 729 3896 οἷς
756 3835 932 3903 ἕτεροι
991 3832 1188 3900 γελῶσι
1233 3833 1325 3885 καὶ
1370 3830 1749 3883 σπαταλῶσιψ
1789 3828 1959 3891 οὕτως
1989 3828 2105 3880 ἐστὶ

540 3922 974 3992 συμπαθητικὸς,
1023 3919 1167 3973 οὓτω
1207 3921 1483 3990 φροντίζει
1519 3921 1734 3974 πάντων
1780 3917 2102 3987 ἀνθρώπων.

540 4008 653 4067 Ὠν
690 4014 721 4066 ὸ
760 4011 918 4077 θεὸς,
951 4010 1136 4080 φησὶν,
1184 4010 1222 4077 ἡ
1279 4011 1497 4063 κοιλία.
1527 4011 1625 4063 Διά
1655 4009 1812 4062 τοῦτό
1841 4011 1955 4063 ἐστι
1986 4010 2106 4072 θεὸς

541 4107 750 4170 αὐτοῖς’
786 4101 945 4155 τοῦτό
996 4103 1136 4165 ὲστι,
1183 4100 1467 4169 Φάγωμεν
1513 4100 1609 4153 καὶ
1657 4101 1902 4169 πίωμεν.
1943 4101 2106 4171 Ὁρᾷς

541 4196 662 4249 ὅσον
698 4195 732 4263 ἡ
755 4192 933 4264 τρυφὴ
958 4191 1159 4252 κακόν;
1217 4192 1328 4253 τοῖς
1362 4189 1459 4259 μὲν
1487 4188 1554 4241 τὰ
1576 4190 1858 4259 χρήματα,
1905 4190 2019 4250 τοῖς
2050 4188 2107 4240 δὲ

540 4292 575 4359 ἡ
608 4283 787 4342 κοιλία
822 4287 850 4338 6
892 4283 1031 4347 θεός.
1086 4281 1223 4352 Οὐχὶ
1270 4280 1649 4351 εἰδωλολάτραι
1691 4280 1785 4332 καὶ
1814 4271 1978 4341 οῦτοι,
2015 4278 2110 4330 καὶ

544 4384 765 4438 ἐκείνων
780 4381 993 4452 χείρους
1017 4398 1030 4444 ;
1066 4379 1171 4433 Καὶ
1200 4380 1238 4446 ἡ
1262 4378 1431 4441 δόξα,
1465 4376 1646 4447 φησὶν,
1664 4376 1732 4428 ἐν
1751 4372 1824 4442 τῇ
1849 4374 2111 4443 αἰσχύνῃ

543 4475 760 4528 αὐτῶν.
790 4473 944 4535 Τινὲς
973 4469 1069 4540 τὴν
1098 4471 1396 4538 περιτομήν
1418 4484 1548 4537 φασι
1580 4465 1772 4536 δηλοῦν
1793 4464 1880 4517 διὰ
1899 4464 2110 4517 τούτου·

546 4565 655 4634 ἐγὼ
684 4565 739 4616 δὲ
774 4564 834 4616 ού
868 4561 1025 4616 τοῦτό
1082 4578 1245 4629 φημι,
1284 4559 1418 4613 ἀλλά
1450 4557 1606 4612 τοῦτό
1660 4560 1807 4610 ἐστιν
1828 4572 1842 4587 ο
1879 4557 1997 4624 Ἐφ’
2030 4550 2113 4617 οἷς

547 4658 655 4709 ἔδει
688 4654 1145 4723 ὲγκαλύπτεσθαι,
1173 4653 1265 4705 ἐπὶ
1305 4651 1514 4713 τούτοις
1549 4648 1921 4720 σεμνύνονται.
1947 4646 2116 4701 Τοῦτό

546 4749 694 4800 ἐστιν
745 4747 773 4799 ὃ
822 4762 987 4815 φησιν
1034 4744 1264 4814 ἀλλαχοῦ
1291 4759 1303 4772 ·
1351 4743 1489 4796 Τίνα
1523 4737 1638 4795 οὖν
1672 4741 1893 4809 μισθὸν
1922 4740 2114 4807 εἷχετε

544 4838 698 4898 τότε,
733 4837 825 4905 ἐφ’
854 4832 943 4901 οἷς
975 4835 1091 4888 νῦν
1127 4834 1604 4900 ἐπαισχύνεσθε;
1651 4832 1831 4884 Δεινὸν
1868 4831 1968 4898 μὲν
2007 4830 2115 4899 γὰρ

548 4930 609 4981 τὸ
638 4928 841 4998 αἰσχρὰ
888 4928 1170 4998 πράττειν,
1207 4927 1267 4979 τὸ
1312 4927 1368 4980 δὲ
1398 4926 1702 4998 πράττοντα
1740 4920 2114 4992 αἰσχύνεσθαι,

549 5021 610 5085 ἐξ
641 5018 896 5088 ἡμισείας
930 5018 1046 5070 ἐστὶ
1067 5018 1237 5070 δεινόν
1258 5034 1270 5047 ·
1314 5019 1445 5071 ὅταν
1475 5017 1655 5087 μέντοι
1683 5030 1766 5077 τις
1798 5012 1893 5066 καὶ
1917 5012 2116 5080 ἐγκαλ-

549 5105 875 5175 λωπίζηται,
909 5103 1180 5176 ὑπερϐολὴ
1229 5105 1605 5175 ἀναισθησίας.
1635 5099 1783 5175 *Αρα
1811 5102 1938 5172 περὶ
1971 5101 2116 5154 ὲκεί-

552 5215 658 5250 νων
689 5197 848 5267 μόνον
878 5194 1050 5249 ταῦτα
1084 5194 1320 5265 εἴρηται,
1366 5196 1416 5247 οἰ
1459 5195 1515 5247 δὲ
1552 5195 1818 5264 παρόντες
1857 5196 1991 5263 ἡμῖν
2036 5194 2120 5245 έν-

552 5285 725 5341 ταῦθα
754 5286 1012 5356 ἐξέφυγον
1039 5286 1100 5339 τὸ
1126 5286 1408 5355 ἐγκλημας
1445 5286 1537 5338 καὶ
1577 5286 1751 5349 οὐδείς
1775 5288 1921 5338 ἐστιν
1951 5282 2118 5337 ύπεύ-

555 5378 713 5441 θυνος
743 5377 949 5448 τούτῳ;
980 5380 1100 5433 οὐδὲ
1128 5379 1259 5431 Θεὸν
1289 5378 1401 5448 ἔχει
1433 5378 1530 5450 τὴν
1555 5378 1790 5443 κοιλίαν;
1851 5376 1969 5429 οὐδὲ
2024 5375 2119 5446 τὴν

554 5466 710 5530 δόξαν
756 5468 812 5519 ὲν
858 5471 924 5538 τῇ
977 5469 1237 5539 αἰσχύνῃ;
1268 5467 1556 5537 Βούλομαι,
1599 5465 1747 5538 [ἳθθ]
1779 5468 1872 5522 καὶ
1918 5467 2122 5539 σφόδρα

558 5558 816 5629 βούλομαι
846 5561 1011 5630 μηδὲν
1035 5563 1237 5616 τούτων
1265 5556 1405 5616 εἶναι
1438 5562 1574 5633 πρὸς
1603 5561 1774 5631 ἡμᾶς,
1812 5558 1943 5630 μηδὲ
1984 5558 2121 5612 εἰδέ-

556 5666 643 5702 ναι
672 5650 792 5703 τινὰ
818 5649 998 5719 ἔνοχον
1024 5654 1135 5714 τοῖς
1157 5652 1468 5722 λεγομένοις
1489 5668 1500 5681 ⁸
1532 5650 1744 5703 δέδοικα
1772 5648 1828 5701 δὲ
1876 5647 1950 5718 μὴ
1988 5646 2123 5716 πρὸς

1218 267 1275 321 S.
1320 262 1606 321 JOANNIS
1646 253 2131 318 CIIRYSOSTOHI
2194 252 2516 311 ARCHIEP.
2560 250 3109 313 CONSTANTlNOP.

3639 247 3741 302 ἰῗὸ

2183 375 2331 443 ἡμᾶς
2364 373 2583 443 μᾶλλον,
2610 372 2643 441 ἢ
2670 372 2795 435 τοὺς
2819 372 2936 423 τότε
2966 369 3210 436 λέγηται.
3243 365 3411 418 Ὅταν
3440 363 3545 433 γάρ
3571 363 3751 415 πάντα

2180 464 2271 516 τὸν
2297 463 2408 533 βίον
2442 464 2499 517 ὲν
2522 462 2706 524 πότοις
2751 461 2846 514 καὶ
2874 458 3082 529 κώμοις
3113 455 3382 526 ἀναλίσκῃ
3409 470 3514 515 τις,
3542 453 3639 505 καὶ
3666 455 3747 515 εἰς

2185 552 2283 621 μὲν
2313 550 2548 621 πένητας
2575 550 2732 617 ὀλίγα
2760 547 2882 601 τινὰ
2904 546 3137 614 δαπανᾷ,
3185 543 3247 595 τὸ
3273 541 3331 594 δὲ
3362 540 3525 593 πλέον
3566 540 3751 592 ἀναλί-

2184 657 2288 711 σκη
2319 642 2400 703 εἰς
2454 640 2553 710 τὴν
2604 639 2832 702 κοιλίαν,
2864 637 2963 690 οὐκ
3000 634 3224 697 εἰκότως
3275 633 3370 685 καὶ
3408 632 3538 702 περὶ
3584 630 3749 684 αὐτοῦ

2181 731 2502 801 λεχθήσεται
2522 747 2535 795 ;

2255 820 2500 890 β’.οῦδὲν
2535 817 3023 888 ὲντρεπτικώτερον
3054 817 3154 885 τῆς
3181 812 3398 876 λέξεως,
3432 806 3589 864 οῦδὲν
3619 810 3753 880 πλη-

2184 911 2413 966 κτικώτε
2423 927 2531 984 ρον,
2554 903 2668 965 Ὦν
2690 913 2721 963 ό
2743 908 2895 973 θεὸς,
2920 906 3101 976 φησὶν,
3130 905 3169 971 η
3189 903 3406 965 κοιλία,
3425 903 3525 955 καὶ
3544 903 3584 969 ἠ
3603 901 3755 964 δόξα

2182 1003 2253 1055 ἐν
2290 1000 2366 1071 τῇ
2402 1003 2665 1070 αἰσχύνῃ
2705 997 2921 1055 αὐτῶν.
2952 994 3106 1057 Τίνες
3135 986 3283 1047 οὗτοί
3326 993 3499 1057 είσιν;
3532 993 3600 1043 Ol
3631 991 3755 1043 ἐπί-

2185 1110 2311 1164 γεια
2353 1093 2739 1162 φρονοῦντες,
2770 1091 2817 1142 οἰ
2852 1087 3129 1156 λέγοντες’
3170 1083 3631 1152 Οἰκοδομήσωμεν
3670 1082 3747 1133 οἰ-

2184 1185 2328 1247 κίας.
2362 1183 2506 1248 Ποῦ;
2559 1184 2646 1235 Ἐν
2670 1184 2735 1252 τῇ
2763 1182 2856 1251 γῇ,
2880 1180 3012 1249 φησί
3037 1197 3052 1210 ο
3085 1173 3416 1246 κτησώμεθα
3444 1172 3673 1241 ἀγροὺς,
3699 1171 3755 1223 ὲν

2183 1279 2251 1346 τῇ
2284 1277 2353 1346 γῇ
2384 1274 2547 1328 πάλιν
2571 1290 2584 1302 ·
2628 1271 2970 1342 ἐπιτύχωμεν
3018 1268 3217 1339 ἀρχῆς,
3245 1264 3408 1317 πάλιν
3433 1264 3492 1315 ὲν
3538 1264 3609 1331 τῇ
3651 1263 3750 1331 γῇ·

2186 1368 2435 1437 τύχωμεν
2468 1365 2646 1436 δόξης,
2705 1363 2867 1417 πάλιν
2918 1363 2975 1415 ὲν
3034 1362 3098 1430 τῇ
3156 1361 3262 1428 γῇ·
3338 1353 3751 1422 πλουτήσωμεν,

2188 1462 2363 1515 πάντα
2391 1462 2448 1512 ὲν
2475 1461 2541 1529 τῇ
2576 1459 2668 1529 γῇ.
2722 1450 2882 1510 Οὗτοί
2915 1456 3052 1507 εἰσιν
3080 1445 3156 1505 ὧν
3178 1452 3207 1503 6
3231 1447 3352 1509 θεὸς
3379 1448 3414 1516 ἡ
3447 1443 3653 1497 κοιλία.
3692 1443 3753 1493 Οἰ

2186 1552 2292 1622 γὰρ
2323 1550 2488 1621 μηδὲν
2544 1547 2908 1618 πνευματικὸν
2958 1542 3301 1615 φρονοῦντες,
3349 1537 3465 1592 ἀλλ’
3523 1533 3757 1587 ἐνταῦθα

2188 1644 2366 1696 πάντα
2391 1640 2737 1709 κεκτημένοι,
2777 1637 2871 1690 καὶ
2917 1633 3090 1687 ταῦτα
3133 1628 3480 1702 φρονοῦντες,
3535 1625 3761 1685 εἰκότως

2187 1735 2285 1803 τὴν
2338 1731 2543 1785 κοιλίαν
2591 1728 2710 1782 θεὸν
2754 1726 2955 1795 ἔχουσι,
3009 1722 3281 1790 λέγοντες,
3336 1715 3627 1803 Φὰγωμεν
3664 1712 3760 1764 καί

2188 1800 2445 1889 πίωμεν-ο
2496 1819 2707 1886 αὔριον
2732 1816 2841 1886 γὰρ
2873 1809 3359 1877 ἀποθνήσκομεν.
3392 1800 3529 1858 Εἶτα
3558 1801 3626 1855 σὺ
3668 1801 3761 1870 μὲν

2190 1913 2317 1982 περὶ
2344 1909 2438 1963 τοῦ
2489 1909 2740 1979 σώματος
2767 1906 2975 1972 ἀλγεῖς,
3028 1902 3109 1954 ὅτι
3163 1897 3350 1967 γήῖνόν
3392 1896 3533 1955 ὲστι,
3587 1891 3762 1944 καίτοι

2189 1979 2349 2053 τοῦτό
2376 2016 2433 2052 σε
2461 1998 2613 2052 οὐδὲν
2653 1993 3036 2066 παραϐλάπτει
3075 1991 3156 2052 εἰς
3195 1986 3403 2058 ἀρετῆς.
3426 1983 3624 2050 λόγον·
3670 1979 3766 2048 τὴν

2190 2090 2249 2143 δὲ
2274 2088 2451 2158 ψυχὴν
2507 2089 2587 2149 εἰς
2641 2085 2743 2154 γῆν
2775 2080 3069 2136 κατασπῶν
3090 2079 3156 2148 τῇ
3189 2076 3390 2145 τρυφῇ,
3423 2072 3521 2124 καὶ
3562 2068 3763 2139 μηδένα

2189 2178 2346 2246 λόγον
2371 2176 2559 2230 τούτου
2586 2174 2774 2239 ποιῶν,
2795 2172 2976 2241 γελᾷς,
3000 2167 3120 2221 εἰπέ
3154 2182 3266 2236 μοι,
3293 2163 3387 2217 καὶ
3410 2160 3758 2230 διακέχυσαι;
3865 2217 3871 2221 _

2193 2268 2287 2323 καὶ
2318 2267 2476 2329 ποίας
2506 2264 2670 2335 τεύξῃ
2698 2261 3028 2330 συγγνώμης
3051 2256 3392 2325 διακείμενος
3417 2250 3760 2319 ἀναλγήτως,

2192 2360 2309 2414 δέον
2329 2358 2424 2412 καὶ
2455 2356 2516 2409 τὸ
2551 2355 2713 2425 σῶμα
2736 2352 2962 2421 ποιῆσαι
2989 2344 3391 2417 πνευματικόν;
3426 2341 3610 2405 ἔξεστι
3637 2338 3760 2408 γὰρ,

2193 2450 2257 2504 ἂν
2288 2449 2467 2520 θέλῃς.
2496 2446 2712 2499 Κοιλίαν
2747 2442 2955 2507 ἔλαϐες,
3003 2441 3093 2492 ἵνα
3136 2436 3364 2507 τρέψῃς,
3393 2433 3493 2501 οὐχ
3530 2431 3620 2483 ἵνα
3650 2429 3761 2481 δια-

2197 2543 2336 2612 σπᾷς
2355 2557 2369 2571 .
2416 2541 2504 2592 ἵνα
2535 2538 2744 2610 κρατῇς
2799 2533 2988 2602 αὐτῆς,
3020 2530 3121 2598 οὐχ
3159 2528 3247 2579 ἵνα
3278 2525 3567 2576 δέσποιναν
3596 2521 3725 2591 ἔχῃς
3745 2534 3762 2549 ⁶

2194 2632 2282 2685 ἶνα
2319 2647 2401 2683 σοι
2424 2629 2674 2698 ὑπηρετῇ
2705 2623 2841 2695 πρὸς
2871 2623 2970 2690 τὴν
2995 2620 3106 2671 τῶν
3152 2613 3356 2669 λοιπῶν
3407 2612 3615 2682 μορίων
3653 2610 3764 2662 δια-

2197 2722 2423 2795 τροφὴν,
2452 2721 2551 2790 ούχ
2607 2719 2696 2771 ἵνα
2747 2717 2811 2768 σὺ
2842 2713 2979 2783 αὐτῇ
3010 2710 3314 2779 ὑπηρετῇς,
3349 2705 3449 2774 οὐχ
3505 2703 3598 2756 ἵνα
3646 2701 3766 2762 τοὺς

2196 2790 2357 2886 ὄρους
2385 2810 2662 2882 ὲκϐαίνῃς.
2698 2808 2772 2860 Οὐ
2803 2802 3044 2886 τοσαῦτα
3069 2799 3214 2853 κακά
3252 2794 3550 2866 ἐργάζεται
3587 2793 3621 2861 ἡ
3675 2790 3767 2886 θάι-

2196 2875 2371 2957 λασσα
2419 2901 2545 2962 τοὺς
2585 2875 2746 2969 δρους
2787 2884 3207 2961 ὑπερϐαίνουσα,
3233 2886 3357 2947 ,ὅσα
3386 2885 3420 2952 ή
3463 2880 3679 2950 γαστὴρ
3709 2875 3767 2929 τὸ

2200 2994 2361 3064 σῶμα
2379 2993 2441 3046 τὸ
2471 2966 2737 3061 ἡμέτερον
2780 2983 2917 3055 μετά
2956 2982 3053 3051 τῆς
3078 2978 3289 3048 ψυχῆς·
3324 2976 3507 3027 πᾶσαν
3535 2966 3766 3064 Δἐπικλύ-

2200 3058 2298 3147 ζει-
2313 3081 2413 3151 τὴν
2456 3058 2778 3147 οἰκουμένην
2803 3071 3007 3139 ἐκείνη,
3038 3067 3134 3121 καὶ
3161 3064 3301 3133 αῦτη
3329 3065 3471 3115 ἅπαν
3501 3059 3565 3111 τὸ
3590 3058 3761 3127 σῶμα.

2199 3175 2301 3237 Θὲς
2329 3149 2465 3242 αύτῇ
2499 3171 2623 3241 ὅρον
2656 3167 2750 3238 τὴν
2780 3164 3128 3232 αὐτάρκειαν,
3151 3156 3331 3218 καθὼς
3356 3153 3487 3214 Θεὸς
3516 3150 3670 3202 ἔθετο
3702 3149 3763 3215 τῇ

2203 3239 2463 3332 θαλάσση*
2496 3239 2593 3331 τὴν
2644 3259 2862 3328 ἄμμον·
2900 3254 3003 3307 κᾶν
3042 3249 3302 3320 κυμαίνη,
3354 3246 3457 3298 κᾶν
3494 3239 3766 3312 ἀγριαίνη,

2202 3329 2599 3422 ἐπιτίμαναύτῇ
2629 3353 2694 3420 τῇ
2724 3347 2952 3416 δυνάμει
2980 3346 3046 3413 τῇ
3077 3340 3210 3411 οῦσῃ
3234 3341 3292 3390 ὲν
3328 3336 3430 3388 σοί.
3468 3335 3613 3401 Ὅρα

2203 3418 2432 3518 λόγῳ-σε
2473 3418 2734 3513 ἐτίμησεν
2759 3441 2787 3492 6
2815 3438 2968 3501 θεὸς,
3006 3436 3095 3487 ἴνα
3127 3431 3287 3486 αὐτὸν
3325 3429 3463 3499 μιμῇ
3489 3442 3503 3455 ’
3536 3425 3600 3477 σὺ
3629 3422 3686 3474 δὲ
3713 3418 3772 3471 οὐ

2205 3512 2403 3600 θέλέις,
2431 3533 2542 3586 ἀλλ’
2566 3512 2712 3602 νδρῶν
2757 3527 2927 3598 αὐτὴν
2964 3519 3429 3593 ύπερϐλύζουσαν,
3463 3513 3562 3566 καὶ
3594 3512 3777 3602 πᾶσαν

2206 3627 2622 3696 διαφθείρουσαν
2653 3621 2753 3691 τὴν
2785 3617 2967 3686 φύσιν,
3004 3613 3100 3667 καὶ
3127 3607 3514 3678 λιμνάζουσαν,
3546 3602 3609 3654 ού
3658 3600 3778 3652 τολ-

2212 3691 2322 3790 μᾷς
2356 3691 2652 3783 κατασχεῖν
2680 3710 2800 3764 οὐδὲ
2828 3705 3180 3776 σωφρονίσαι.
3208 3696 3323 3753 ΊΓΩν
3344 3700 3377 3751 ὁ
3404 3693 3559 3758 θεὸς,
3591 3691 3775 3762 φησὶν,

2208 3782 2501 3877 iacula.
2524 3782 2755 3873 ’έίδωμεν
2793 3800 2908 3861 πῶς
2941 3795 3151 3856 Παῦλος
3184 3789 3463 3844 ἐδούλευσε
3495 3785 3573 3854 τῷ
3620 3782 3739 3851 Θεῷ
3760 3798 3775 3810 ο

2212 3872 2407 3970 ἴδωμεν
2463 3899 2579 3961 πῶς
2626 3872 2720 3950 καὶ
2766 3895 2812 3946 οἱ
2854 3888 3256 3960 γαστρίμαργοι
3302 3884 3369 3952 τῇ
3416 3876 3612 3947 κοιλία.
3648 3872 3783 3943 οὐχὶ

2215 3991 2444 4063 μυρίους
2477 3986 2837 4055 ὑπομένουσιν
2863 3976 3005 4034 οὗτοι
3040 3978 3299 4036 θανάτους
3324 3990 3339 4037 ;
3366 3973 3485 4041 οὐχ,
3524 3971 3669 4037 ἆπερ
3716 3966 3783 4018 ἂν

2213 4082 2545 4154 προστάττῃ,
2577 4077 2846 4131 δεδοίκασι
2874 4068 3218 4142 παρακοῦσαι
3245 4083 3260 4131 ;
3300 4064 3418 4133 ούχί
3446 4061 3514 4114 τά
3548 4059 3783 4113 ἀδύνατα

2212 4148 2580 4228 διακονοῦνται
2617 4168 2791 4237 αὐτῇς
2823 4165 2955 4233 Οὐχὶ
2993 4158 3339 4230 ἀνδραπόδων
3362 4155 3574 4224 χείρους
3605 4148 3781 4208 εἰσίν;

2226 4264 2364 4318 Ἀλλ’
2396 4264 2493 4332 οὐχ
2520 4264 2548 4314 ὁ
2570 4258 2780 4320 Παῦλος
2803 4255 3044 4316 τοιοῦτος
3066 4269 3080 4283 ’
3111 4250 3193 4303 διὸ
3225 4248 3318 4302 καὶ
3352 4246 3554 4312 ἔλεγεν,
3597 4239 3785 4309 Ἡμῶν

2215 4355 2283 4409 δὲ
2312 4354 2376 4408 τὸ
2414 4339 2745 4419 πολίτευιὶα
2774 4348 2842 4400 ἐν
2871 4341 3104 4414 οὐρανῷ
3144 4338 3420 4408 ὑπάρχει.
3467 4336 3559 4402 Μὴ
3607 4332 3783 4384 τοίνυν

2221 4447 2354 4518 μηδὲ
2400 4446 2559 4514 ἡμεῖς
2589 4439 2823 4494 ἐνταῦθα
2851 4436 3101 4508 ζητῶμεν
3133 4433 3317 4487 ἄνεσιν
3341 4447 3353 4460 ⁸
3400 4428 3516 4481 ἐκεῖ
3546 4424 3786 4491 θελήσω-

2222 4512 2319 4610 μεν
2347 4512 2598 4606 γενέσθαι
2651 4530 2914 4602 λαμπροὶ,
2943 4527 3071 4580 ἔνθα
3112 4526 3207 4578 καὶ
3241 4516 3655 4586 πολιτευόμεθα.
3694 4512 3785 4572 Ἐξ

2217 4608 2288 4685 οὗ
2346 4626 2443 4680 καί
2497 4622 2777 4691 Σωτῆρα,
2839 4620 3026 4689 φησὶν,
3078 4612 3524 4681 ἀπεκδεχόμεθα
3570 4608 3787 4672 Κύριον

2229 4719 2484 4789 Ἰησοῦν,
2518 4716 2585 4782 ὃς
2608 4712 3117 4786 μετασχηματίσει
3157 4706 3224 4759 τὸ
3253 4704 3421 4772 σῶμα
3452 4699 3565 4766 τῆς
3592 4712 3789 4749 ταπει-

2218 4814 2456 4877 νώσεως
2494 4807 2662 4878 ἡμῶν
2704 4808 2792 4870 εἰς
2820 4805 2886 4857 τὸ
2918 4800 3200 4872 γενέσθαι
3243 4793 3388 4850 αὐτὸ
3433 4793 3791 4878 σύμμορφον

2219 4904 2299 4971 τῷ
2328 4874 2553 4972 σώματι
2580 4900 2690 4968 τῆς
2736 4898 2923 4963 δόξης
2959 4890 3106 4964 [500]
3137 4886 3344 4942 αὑτοῦ.
3406 4880 3564 4936 Κατά
3597 4874 3791 4972 μικρὸν

2222 4968 2493 5064 ἀνήγαγεν
2532 4994 2710 5061 ἡμᾶς·
2775 4988 2868 5041 ἀπ’
2907 4981 3162 5055 ούρανοῦ,
3214 4977 3397 5047 φησὶν,
3446 4975 3474 5024 6
3525 4968 3792 5064 ἡμέτερος

2222 5090 2412 5158 Σωτήρ
2435 5103 2447 5116 ·
2480 5085 2587 5138 ἀπὸ
2612 5083 2705 5137 τοῦ
2726 5082 2913 5143 τόπου,
2946 5076 3052 5130 ἀπὸ
3079 5073 3171 5125 τοῦ
3198 5067 3489 5141 προσώπου
3515 5063 3575 5115 τὸ
3599 5058 3793 5129 σεμνὸν

2221 5152 2450 5243 δεικνύς.
2487 5181 2591 5244 ’⁸ος
2613 5170 3126 5246 μετασχηματίσει
3158 5165 3226 5217 τὸ
3257 5161 3449 5229 σῶμα,
3482 5155 3642 5246 φησὶ..
3689 5152 3792 5217 τῆς

2223 5245 2633 5332 ταπεινώσεως
2656 5263 2842 5334 ἡμῶν.
2878 5258 3056 5314 Πολλὰ
3083 5257 3279 5325 πάσχει
3306 5251 3402 5304 νῦν
3431 5249 3492 5301 τὸ
3516 5245 3787 5334 ἡμέτερον

2227 5366 2406 5434 σῶμα,
2433 5362 2730 5431 δεσμεῖται,
2770 5353 3109 5428 μαστίζεται,
3163 5344 3330 5418 μυρία
3364 5342 3562 5408 πάσχει
3610 5333 3786 5388 δεινάο

2226 5459 2360 5514 ἀλλά
2394 5457 2488 5510 καλ⁸
2521 5455 2582 5506 τὸ
2633 5451 2727 5505 τοῦ
2784 5445 3022 5518 Χριστοῦ
3070 5439 3307 5495 τοσαῦτα
3372 5433 3565 5487 ἔπαθε.
3628 5426 3795 5480 Τοῦτο

2227 5548 2356 5621 γοῦν
2385 5547 2605 5620 ᾐνίξατο
2642 5542 2833 5604 εἰπὼν,
2893 5540 3000 5604 Εἰς
3050 5534 3118 5587 τὸ
3154 5529 3429 5601 γενέσθαι
3463 5521 3618 5621 (fin-6
3644 5520 3796 5621 σύμῗ

2223 5609 2454 5714 ίιορςρὲν
2487 5609 2590 5704 -τῷ
2639 5633 2861 5704 σώματι
2917 5627 3029 5696 τῆς
3078 5623 3264 5690 δόξης
3312 5614 3521 5672 αὐτοῦ.
3563 5612 3709 5679 Ἄρα
3742 5609 3794 5661 τὸ
