4044 6202
250 353 362 406 277

246 467 472 524 modum
525 473 635 514 non
687 462 874 526 potes,
925 450 1135 507 imitare
1177 451 1279 504 alia
1319 449 1526 504 ratione
1553 449 1836 502 Dominum

247 569 404 614 tuutn
437 572 451 606 :
482 553 598 620 ipse
625 559 676 603 te
705 543 956 613 cruciﬁge
977 585 991 607 ,
1021 541 1229 596 etiamsi
1264 555 1424 594 nemo
1452 551 1502 594 te
1531 538 1836 606 crnciligat;

241 645 503 713 crucifigo
533 651 605 701 te,
631 638 870 706 inquam,
894 648 1000 686 non
1029 640 1085 686 ut
1116 633 1229 699 ipse
1263 640 1313 684 te
1344 631 1641 693 interimas,
1674 629 1834 691 absit;

244 736 475 805 impium
524 728 666 784 enim
708 733 824 788 est;
876 723 969 777 sed
1021 729 1177 790 prout
1205 720 1397 774 Paulus
1428 719 1655 783 dicebat,
1706 717 1838 771 Mihi

204 813 209 836 ²
241 833 392 887 enim
412 873 424 893 ,
459 828 626 895 inquit
647 867 662 892 ,
709 823 930 878 mundus
970 821 1242 888 cruciﬁxus
1287 829 1358 872 est
1383 858 1396 882 ,
1427 829 1472 872 ct
1502 833 1596 887 ego
1621 815 1810 870 mundo

242 922 392 993 (Gal.
419 921 471 976 6.
506 918 614 990 Η).

319 1017 500 1072 Cruci:
544 1016 743 1085 signum
790 1014 841 1066 in
895 1012 1142 1080 baptismo
1183 1020 1229 1064 et
1268 1011 1321 1064 in
1352 1025 1596 1063 manuum
1625 1007 1836 1078 imposi-

241 1110 402 1163 tione.
428 1137 496 1147 —
525 1106 580 1161 Si
609 1106 893 1160 Dominum
925 1112 1071 1157 tuum
1104 1117 1274 1165 amas,
1319 1112 1492 1156 morte
1533 1101 1674 1154 illius
1715 1114 1832 1153 mo-

239 1217 366 1255 rere
399 1218 412 1253 :
444 1199 590 1254 disce
639 1205 838 1267 quanta
885 1197 954 1251 sit
1001 1197 1178 1250 crucis
1224 1195 1480 1265 potentia,
1531 1201 1661 1263 quot
1692 1193 1830 1247 bona

238 1292 407 1355 fecit,
437 1301 566 1362 quot
595 1292 753 1345 iaciat
777 1332 792 1356 ,
824 1304 985 1360 quam
1013 1289 1066 1343 in
1100 1297 1214 1344 tuto
1241 1289 1402 1342 vitam
1425 1287 1672 1342 collocet.
1731 1285 1832 1340 Per

244 1384 383 1438 hanc
437 1383 615 1438 omnia
664 1381 1021 1451 perﬁciuntur
1071 1395 1088 1436 :
1145 1379 1409 1449 baptisma
1461 1393 1556 1448 per
1613 1391 1827 1432 crucem

242 1476 481 1544 (oportet
505 1473 648 1527 enim
678 1472 924 1539 accipere
945 1469 1340 1540 signaculum);
1377 1484 1429 1522 m
1450 1481 1632 1521 uiuum
1665 1465 1830 1535 impo-

239 1566 368 1621 sitio
392 1580 486 1635 per
506 1578 724 1619 crucem
755 1579 768 1614 :
799 1563 1146 1631 omninoque,
1175 1561 1293 1616 sive
1317 1559 1366 1614 in
1390 1560 1472 1613 via
1499 1559 1688 1623 simus,
1713 1557 1828 1611 sive

235 1657 409 1724 denti,
444 1659 556 1712 sive
579 1656 666 1711 ubi
696 1656 798 1722 vis,
828 1669 1077 1724 magnum
1108 1653 1306 1709 bonum
1334 1661 1416 1706 est
1440 1667 1592 1714 crux,
1624 1649 1824 1704 saluta-

235 1752 316 1802 ris
345 1758 615 1803 armatura
637 1788 652 1812 ,
684 1745 904 1816 clypeus
928 1742 1356 1813 inexpugnabilis
1385 1741 1678 1796 adversans
1706 1739 1824 1795 dia-

231 1839 387 1893 bolo.
435 1837 569 1892 Cum
602 1838 703 1890 hoc
743 1837 901 1904 igitur
938 1834 982 1889 si
1028 1834 1223 1888 bellum
1265 1847 1441 1902 geras,
1481 1840 1605 1885 tunc
1647 1838 1826 1900 gestas

229 1943 488 1986 crucem.
537 1943 642 1980 non
689 1935 887 1979 tantum
929 1935 1151 1994 accepto
1192 1923 1494 1994 signaculo,
1539 1923 1633 1976 sed
1662 1922 1822 1976 etiam

230 2035 370 2088 quae
402 2018 574 2071 crucis
601 2017 806 2087 propria
832 2025 955 2071 sunt
982 2015 1202 2070 subiens
1230 2029 1292 2068 ac
1321 2015 1555 2084 patiens.
1587 2015 1824 2069 Consue-

231 2109 328 2163 vit
352 2111 496 2164 enim
524 2107 762 2162 Christus
783 2107 1058 2178 passiones
1083 2107 1300 2161 nomine
1321 2106 1498 2160 crucis
1518 2105 1818 2175 appellare:

228 2210 297 2255 ut
329 2215 448 2255 cum
479 2201 665 2270 inquit,
700 2200 818 2254 Nisi
837 2199 949 2269 quis
979 2199 1123 2253 tollat
1145 2215 1342 2252 crucem
1374 2215 1542 2262 suam,
1573 2208 1618 2252 et
1639 2215 1822 2268 sequa-

222 2300 321 2346 tur
346 2308 424 2344 me
448 2290 657 2361 (Matth.
684 2291 751 2345 16
786 2289 877 2362 24)
899 2307 914 2356 ;
940 2290 992 2345 id
1021 2299 1122 2358 est,
1147 2290 1248 2343 nisi
1276 2290 1393 2358 quis
1419 2297 1563 2344 recte
1590 2303 1648 2343 se
1676 2304 1822 2344 com-

225 2383 505 2456 paraverit
552 2383 618 2437 ad
669 2392 919 2437 mortem.
967 2382 1057 2437 Isti
1087 2397 1234 2437 ‘vero
1275 2380 1592 2450 degeneres,
1623 2382 1745 2436 vitze
1768 2391 1822 2437 et

222 2475 478 2544 corporis
525 2483 788 2539 amantes,
831 2473 1070 2544 profecto
1110 2471 1288 2528 erucis
1330 2479 1455 2526 sunt
1485 2471 1682 2527 inimici
1721 2481 1820 2528 :et

225 2566 478 2637 quisquis
505 2567 818 2621 deliciarum
847 2565 1238 2636 mundanaeque
1261 2563 1664 2634 tranquillitatis
1681 2579 1821 2618 ama-

224 2667 320 2712 tor
347 2667 448 2723 cst,
479 2656 728 2711 inimicus
758 2665 838 2710 est
864 2656 1063 2721 crucis,
1093 2655 1145 2709 in
1176 2671 1278 2726 qua
1317 2653 1514 2710 Paulus
1533 2655 1814 2725 gloriatur,

225 2764 391 2820 quam
420 2749 815 2819 complectitur,
841 2749 928 2804 cui
958 2749 1144 2802 nititur
1173 2748 1358 2813 inseri,
1383 2746 1528 2818 quod
1569 2748 1657 2802 illa
1687 2762 1816 2803 ver-

227 2843 294 2898 ba
348 2843 617 2909 indicant,
673 2842 781 2912 Ego
820 2843 1095 2909 cruciﬁxus
1133 2858 1243 2896 sunt
1272 2842 1498 2908 mundo,
1526 2851 1572 2895 et
1597 2841 1818 2895 mundus

227 2936 378 2989 mihi.
405 2935 556 2990 Nunc
586 2950 716 2988 vero
744 2935 854 3000 ait,
900 2934 1054 2987 Nunc
1081 2942 1246 2986 autem
1272 2942 1318 2987 et
1343 2934 1470 3002 [lens
1503 2933 1636 2988 dico.
1667 2931 1820 2989 Cur?

226 3029 494 3096 Quoniam
528 3028 726 3081 malum
753 3027 942 3088 crevit,
990 3025 1241 3095 quoniam
1273 3024 1406 3078 tales
1432 3024 1520 3093 qui
1550 3034 1706 3092 sunt,
1761 3024 1816 3079 Ιιὶ

228 3119 485 3188 lacrymis
515 3119 659 3188 digni
691 3126 835 3172 sunt.
888 3116 1028 3172 Vere
1070 3116 1322 3187 lacrymis
1367 3115 1514 3186 digni
1564 3127 1688 3171 sunt
1725 3118 1817 3188 qui

229 3210 282 3263 in
323 3208 532 3262 deliciis
573 3210 793 3279 degunt,
839 3217 892 3262 et
943 3206 1315 3261 indumentum
1369 3206 1603 3275 quidem,
1652 3207 1705 3262 id
1734 3215 1818 3263 est

229 3314 430 3368 corpus
453 3341 467 3363 ,
499 3299 915 3369 pinguet‘aciunt,
951 3299 1110 3352 futuri
1137 3313 1266 3353 vero
1292 3299 1432 3366 quod
1458 3298 1601 3368 ipsos
1627 3307 1812 3354 manet

228 3391 480 3459 supplicii
510 3392 704 3445 nullam
733 3391 995 3444 rationem
1020 3389 1238 3445 habent.
1269 3389 1395 3444 Esto
1417 3389 1642 3446 delicate
1657 3391 1812 3459 vivis,

229 3491 353 3534 esto
393 3481 517 3533 vino
546 3480 763 3541 mades;
799 3479 979 3545 hodie,
1013 3493 1164 3546 cras,
1195 3479 1395 3534 decem,
1423 3493 1610 3545 annos,
1644 3489 1700 3534 et
1733 3481 1814 3534 vi-

226 3571 365 3641 ginti
390 3579 444 3626 et
473 3571 684 3642 triginta
711 3579 765 3625 et
795 3570 1176 3641 quinquaginta
1201 3579 1255 3625 et
1281 3579 1518 3636 centum,
1548 3570 1686 3640 quod
1707 3571 1817 3641 qui-

225 3662 356 3716 dem
403 3663 517 3716 lieri
560 3663 781 3732 nequit;
815 3677 1032 3725 verum,
1079 3662 1124 3716 si
1170 3663 1285 3724 vis,
1330 3661 1521 3716 demus
1549 3662 1619 3717 ita
1645 3677 1812 3717 esse:

227 3754 355 3820 quis
401 3752 704 3807 terminus?
743 3767 863 3823 qua:
909 3752 1153 3806 utilitas?
1201 3751 1377 3807 Nulla.
1435 3752 1616 3807 Talem
1656 3753 1817 3822 igitur

227 3844 401 3896 vitam
457 3844 656 3908 vivere,
711 3859 890 3898 nonne
935 3843 1186 3914 lacrymis
1227 3852 1282 3897 et
1319 3843 1566 3900 lamentis
1595 3845 1815 3916 dignum

227 3934 357 3987 est?
387 3933 619 3988 Adduxit
643 3950 741 3990 nos
774 3935 914 3990 Deus
944 3935 996 3989 in
1028 3934 1132 3992 hoc
1161 3935 1397 3990 stadium
1419 3978 1434 4002 ,
1467 3945 1523 3990 ιιι
1553 3947 1812 4004 coronet,

225 4036 287 4079 et
329 4040 427 4079 nos
461 4025 671 4082 abimus
703 4027 852 4082 nullo
882 4028 1141 4096 prteclaro
1179 4028 1324 4083 edito
1377 4027 1654 4084 facinore?
1699 4031 1817 4086 Flet

227 4118 400 4187 igitur
417 4118 632 4183 Paulus,
659 4119 855 4190 quibus
883 4119 948 4174 de
974 4121 1134 4175 rebus
1161 4121 1252 4175 alii
1278 4121 1452 4177 rident
1482 4137 1644 4193 seque
1669 4123 1817 4178 oble-

228 4218 388 4263 Ctant
419 4228 433 4262 :
462 4219 611 4264 tanto
640 4211 936 4266 alienarum
969 4212 1329 4266 calamitatum
1359 4228 1522 4268 sensu
1548 4216 1810 4285 tangitur;

226 4300 371 4354 adeo
421 4315 607 4356 omnes
650 4302 894 4358 homines
934 4311 1105 4358 curat.
1162 4303 1410 4369 Quorum,
1456 4305 1647 4374 inquit,
1694 4306 1817 4360 deus

225 4400 405 4443 uniter
449 4400 540 4444 est.
574 4391 801 4462 Propter
832 4394 933 4447 hoc
957 4403 1040 4448 est
1063 4393 1197 4448 deus
1225 4394 1355 4463 ipsis
1387 4412 1398 4447 :
1430 4395 1528 4449 hoc
1558 4395 1684 4449 illud
1711 4406 1813 4464 est,

226 4478 570 4534 Comedamus
597 4492 644 4535 et
673 4481 900 4536 bibamus
932 4483 1006 4554 (l.
1040 4482 1160 4538 Cor.
1195 4485 1284 4539 15.
1311 4484 1426 4550 52).
1456 4486 1616 4541 Vides
1651 4503 1818 4557 quan-

229 4579 347 4624 tum
379 4571 575 4626 malum
602 4573 707 4628 sint
737 4574 946 4630 deliciae
967 4575 990 4627 ?
1013 4575 1146 4631 Aliis
1173 4575 1388 4645 quidem
1421 4578 1663 4646 pecunia,
1701 4581 1818 4634 aliis

226 4677 368 4716 vero
390 4671 576 4718 venter
627 4663 760 4720 deus
798 4673 898 4720 est.
941 4665 1130 4721 Nonne
1159 4667 1210 4721 hi
1245 4668 1402 4722 etiam
1444 4677 1566 4722 sunt
1598 4668 1819 4723 idolola-

231 4761 353 4816 ιη,
401 4763 454 4806 et
493 4754 595 4807 illis
617 4755 778 4809 etiam
814 4755 1112 4810 deteriores
1141 4771 1204 4811 ac
1235 4758 1566 4825 nequiores?
1613 4758 1676 4811 Et
1705 4761 1817 4829 glo-

227 4843 334 4908 ria,
365 4843 556 4914 inquit,
597 4846 649 4897 in
673 4847 970 4914 confusione
1005 4848 1252 4916 ipsorum.
1283 4848 1507 4914 Quidam
1536 4849 1817 4904 circumci-

231 4934 442 4988 sionem
485 4935 568 4988 his
613 4936 788 4990 verbis
814 4936 1104 5006 signiﬁcari
1134 4939 1318 4992 volunt
1351 4955 1364 4990 :
1397 4953 1497 5008 ego
1528 4949 1706 4995 autem
1741 4943 1814 4996 ita

231 5027 583 5095 interpretor,
612 5042 675 5082 ac
703 5027 747 5083 si
787 5029 988 5082 dictum
1023 5039 1164 5084 esset
1191 5067 1204 5089 ,
1237 5031 1293 5084 ln
1320 5031 1512 5099 quibus
1540 5032 1821 5098 oportebat

229 5131 328 5172 eos
360 5118 560 5186 pudore
589 5118 821 5173 sull'undi
852 5134 1014 5188 seque
1044 5120 1330 5186 occultare,
1376 5121 1427 5174 in
1468 5121 1550 5176 his
1591 5137 1650 5176 se
1685 5122 1818 5178 elle-

232 5217 382 5262 runt.
418 5207 526 5260 Hoc
554 5208 678 5263 illttd
709 5219 809 5272 est,
841 5209 985 5279 quod
1010 5210 1133 5263 alibi
1165 5211 1352 5278 inquit,
1387 5211 1544 5278 Quem
1572 5229 1691 5282 ergo
1712 5217 1820 5284 [rue

231 5309 369 5350 ctum
396 5297 642 5352 habuistis
666 5309 784 5352 tunc
809 5301 860 5353 in
887 5300 1010 5362 illis,
1056 5301 1108 5352 in
1131 5301 1308 5370 quibus
1353 5317 1485 5354 nunc
1529 5302 1819 5358 erubescitis

233 5386 415 5456 (Rom.
440 5389 492 5442 6.
521 5389 657 5457 ειη
704 5389 878 5445 Grave
900 5391 1043 5444 enim
1067 5393 1261 5444 malum
1295 5400 1377 5446 est
1406 5393 1579 5462 turpia
1605 5393 1814 5459 facere;

234 5479 324 5532 sed
355 5480 399 5532 si
430 5491 502 5544 te,
531 5496 653 5533 cum
679 5481 861 5545 facias,
894 5482 1108 5550 pudeat,
1139 5483 1290 5551 quasi
1318 5482 1596 5538 dimidium
1623 5486 1818 5540 malum

238 5580 316 5622 est
346 5588 360 5624 :
395 5571 477 5624 sin
505 5572 668 5625 etiam
697 5573 820 5628 inde
850 5583 901 5628 te
922 5572 1137 5638 efferas,
1160 5576 1523 5645 summusjam
1548 5585 1630 5631 est
1657 5579 1819 5632 animi

237 5670 441 5722 Stupor.
471 5664 616 5731 Ergo
647 5664 712 5718 de
739 5666 840 5718 illis
869 5675 1070 5719 tantum
1107 5665 1218 5720 iure
1248 5667 1386 5720 dicta
1417 5678 1558 5735 sunt,
1587 5680 1640 5724 et
1666 5687 1820 5725 nemo

239 5765 422 5808 eorum
451 5757 545 5826 qui
577 5753 662 5806 hic
690 5755 883 5809 adsunt
909 5798 922 5820 ,
965 5757 1319 5825 objurgatioui
1360 5759 1531 5815 locum
1563 5761 1816 5831 reliquit?

573 5857 839 5918 ΡΑτιιοι..
888 5859 1004 5919 Gn.
1053 5857 1243 5919 LXII.

1109 334 1174 390 IN
1216 333 1432 390 EPIST.
1476 335 1568 390 AD
1609 332 1894 390 PillLlPP.
1935 333 2086 391 CAP.
2129 335 2216 392 lll.
2260 337 2486 394 HOMlL.
2533 338 2670 394 Xlll.

3425 345 3527 400 278

1951 462 2109 501 nemo
2159 451 2232 505 illi
2257 453 2469 507 crimini
2514 463 2598 509 est
2633 454 2839 509 alliuis‘?
2894 471 3067 526 neque
3095 457 3252 513 deum
3284 470 3532 518 ventrem

1949 533 2142 592 habet?
2184 557 2356 610 neque
2384 543 2610 612 gloriam
2652 543 2704 597 in
2735 543 3086 600 confusione?
3125 548 3317 618 Cupio,
3349 561 3404 604 et
3436 541 3558 604 ve?

1946 625 2224 685 hemenler
2270 634 2426 702 cupio
2473 633 2606 688 nihil
2649 635 2908 704 ejusmodi
2948 638 3015 692 ad
3061 655 3158 694 nos
3207 641 3526 708 pertinere:

1944 719 2136 774 vellem
2184 725 2450 779 nemiuem
2489 741 2668 792 nosse,
2714 729 2798 781 cui
2829 745 2888 783 ea
2917 745 3033 798 qute
3072 732 3208 784 dicta
3241 745 3386 793 sunt.
3416 735 3527 786 cri-
3594 747 3598 749 ’

1945 810 2071 863 mini
2109 812 2220 866 dari
2268 826 2522 883 possent;
2571 817 2666 872 sed
2715 819 2870 874 valde
2912 829 3130 888 metuo,
3198 839 3266 878 ne
3321 825 3371 877 in
3424 839 3524 878 nos

1946 901 2135 970 magis,
2166 919 2326 972 quam
2360 907 2410 959 in
2445 906 2560 961 illos
2583 911 2923 964 conveniant.
2959 912 3167 967 Etenim
3195 914 3240 967 si
3261 915 3378 983 quis
3401 929 3522 970 om-

1941 1007 2065 1047 nem
2104 997 2264 1050 vitam
2295 998 2346 1051 in
2382 1003 2740 1067 potationibus
2768 1011 2822 1057 et
2851 1008 3339 1060 comeSsatiouibus
3377 1008 3521 1062 insu-

1940 1094 2070 1151 mat,
2098 1096 2153 1141 et
2182 1089 2234 1142 in
2263 1105 2525 1160 pauperes
2552 1094 2766 1163 quidem
2794 1111 2989 1166 paucos
3015 1098 3200 1154 obolos
3227 1101 3521 1170 impendat,

1938 1179 2198 1249 majorem
2238 1199 2371 1238 vero
2407 1201 2566 1254 opum
2615 1197 2817 1258 partem
2866 1191 2916 1244 in
2966 1204 3204 1247 ventrem
3240 1193 3523 1261 eﬂundat;

1941 1289 2117 1331 nonne
2135 1278 2258 1346 jure
2285 1281 2336 1334 in
2370 1283 2529 1337 istum
2557 1289 2716 1339 etiam
2744 1286 3023 1343 dicentur?

2010 1367 2064 1419 2.
2089 1368 2229 1424 Nihil
2257 1371 2339 1426 ltis
2368 1374 2544 1428 verbis
2573 1377 2636 1430 ad
2671 1378 2923 1446 pudorem
2955 1380 3274 1437 eliciendum
3305 1385 3480 1452 aptius
3505 1423 3522 1448 ,

1937 1456 2066 1512 niltil
2098 1460 2164 1513 ad
2194 1461 2577 1533 objurgandum
2606 1468 2976 1525 vehementius
3003 1488 3014 1523 :
3046 1472 3294 1539 Quorum,
3327 1475 3514 1542 inquit,

1934 1550 2056 1604 deus
2093 1563 2260 1606 venter
2298 1565 2369 1610 est
2395 1567 2485 1620 ,-ct
2512 1560 2674 1628 gloria
2704 1562 2754 1614 in
2781 1563 3074 1630 confusione
3101 1565 3346 1634 ipsorum.
3384 1567 3516 1632 Qni-

1934 1658 2055 1697 nam
2087 1645 2170 1699 isti
2203 1647 2363 1701 sunt?
2398 1648 2496 1713 Qui
2523 1660 2718 1704 terrena
2745 1654 2969 1720 sapiunt,
3003 1657 3090 1723 qui
3122 1657 3325 1721 dicunt,
3357 1659 3515 1713 Edi-

1935 1733 2152 1789 [iremus
2168 1735 2376 1791 domos.
2405 1737 2540 1795 Ubi?
2572 1739 2625 1792 ln
2651 1750 2810 1806 terra,
2837 1743 3005 1811 inquit
3029 1762 3040 1796 :
3067 1759 3305 1800 emamus
3327 1762 3512 1815 agros;

1930 1824 1984 1877 in
2027 1833 2165 1880 terra
2211 1842 2423 1883 rursum
2455 1846 2467 1882 :
2495 1829 2853 1898 adipiscamur
2892 1834 3170 1902 imperium
3193 1877 3205 1899 ,
3237 1853 3422 1892 rursus
3459 1839 3512 1894 in

1933 1922 2069 1970 terra
2097 1935 2110 1971 :
2141 1932 2489 1988 assequamur
2516 1923 2757 1991 gloriam,
2791 1941 2973 1980 rursus
3001 1928 3052 1981 in
3088 1938 3222 1982 terra
3253 1945 3268 1982 :
3300 1931 3516 1987 divitias

1929 2021 2329 2076 comparemus,
2356 2013 2534 2067 omnia
2564 2014 2793 2084 denique
2820 2016 2871 2070 in
2902 2026 3062 2072 terra.
3098 2019 3158 2072 Hi
3187 2031 3311 2074 sunt
3332 2063 3345 2082 ,
3378 2038 3513 2092 quo-

1929 2116 2044 2155 rum
2085 2102 2215 2157 deus
2251 2114 2438 2160 venter
2474 2117 2576 2160 est.
2617 2108 2717 2173 Qui
2749 2109 2892 2163 enim
2924 2109 3051 2164 nihil
3083 2112 3357 2181 spirituale
3386 2130 3509 2169 cum

1928 2194 2105 2248 animo
2134 2209 2231 2249 suo
2252 2196 2510 2266 cogitant,
2536 2200 2629 2252 sed
2659 2201 2835 2254 omnia
2869 2215 2962 2255 sua
2995 2201 3080 2256 hic
3109 2205 3321 2269 habent,
3349 2215 3512 2276 atque

1929 2281 2043 2337 haec
2063 2285 2174 2339 sola
2197 2298 2406 2354 curant,
2434 2289 2621 2345 nzerito
2641 2300 2880 2348 ventrem
2903 2292 3062 2349 deum
3089 2293 3306 2361 habent,
3329 2297 3511 2352 dicen-

1929 2381 2045 2428 tes:
2081 2375 2412 2432 Comcdamus
2446 2388 2492 2432 et
2529 2381 2789 2447 bibamus;
2817 2400 2931 2438 cras
2960 2386 3090 2439 enim
3119 2388 3406 2442 morientur.
3443 2389 3511 2444 Et

1926 2479 2121 2536 corpus
2149 2468 2360 2537 quidem
2387 2469 2536 2524 doles
2567 2472 2658 2526 tibi
2691 2482 2962 2529 terrenum
2997 2491 3138 2541 esse,
3167 2479 3409 2546 quamvis
3440 2479 3507 2532 il-

1925 2558 2014 2612 lttd
2047 2559 2161 2625 tibi,
2184 2561 2322 2630 quod
2349 2561 2414 2615 ad
2440 2564 2684 2618 virtutem
2710 2566 2961 2633 pertinet,
2987 2567 3116 2622 nihil
3145 2578 3362 2633 noceat;
3393 2571 3511 2625 ani-

1926 2666 2067 2706 mam
2089 2667 2218 2706 vero
2242 2653 2294 2707 in
2326 2663 2522 2709 terram
2554 2656 2808 2724 deprimts
2837 2673 2934 2727 per
2957 2656 3193 2724 delicias,
3223 2671 3276 2715 et
3306 2663 3504 2716 nullam

1925 2740 2082 2811 hujus
2121 2744 2199 2798 rei
2239 2746 2499 2800 rationem
2547 2746 2770 2812 habens,
2809 2747 2975 2815 rides,
3022 2749 3108 2804 dic
3152 2751 3302 2817 mihi,
3345 2762 3508 2820 atque

1924 2834 2103 2888 animo
2146 2849 2204 2890 es
2247 2836 2507 2890 remisso?
2553 2845 2606 2891 et
2650 2839 2858 2907 qualem
2899 2841 3242 2909 consequeris
3271 2843 3501 2908 veniam,

1924 2939 2043 2979 cum
2073 2933 2220 2980 tanto
2251 2934 2302 2981 te
2330 2935 2546 2996 stupore
2575 2927 2850 2993 all'cceris;
2880 2945 3001 2984 cum
3030 2940 3303 3000 Oporteret
3330 2933 3504 3000 ipsum

1925 3031 2120 3086 corpus
2145 3018 2419 3087 spirituale
2445 3019 2710 3075 reddere?
2737 3021 2862 3076 licet
2888 3023 3028 3077 enim
3051 3064 3064 3085 ,
3097 3024 3141 3076 si
3169 3024 3321 3078 velis.
3359 3024 3502 3078 Ven-

1926 3118 2060 3164 trem
2104 3111 2355 3179 accepisti
2397 3121 2454 3165 ut
2503 3114 2726 3178 nutrias,
2767 3128 2872 3167 non
2915 3123 2974 3168 ut
3007 3114 3306 3180 diStendas;
3343 3124 3398 3169 ut
3427 3115 3502 3170 illi

1924 3199 2238 3267 domineris,
2262 3217 2368 3256 non
2396 3210 2456 3256 ut
2483 3202 2756 3258 dominum
2784 3205 3008 3270 habeas;
3039 3215 3092 3260 ιιι
3126 3207 3215 3261 tibi
3249 3207 3504 3263 inserviat

1923 3293 1988 3348 ad
2016 3302 2239 3348 caeteras
2279 3303 2457 3363 partes
2493 3294 2730 3359 alendas,
2772 3310 2877 3350 non
2918 3303 2975 3350 ut
3011 3305 3068 3351 tu
3110 3296 3181 3351 illi
3219 3296 3499 3362 inservias,

1923 3399 2028 3437 non
2071 3393 2128 3438 ιιι
2171 3383 2304 3438 lines
2343 3385 2630 3439 transilias.
2674 3385 2788 3440 Non
2833 3394 2911 3441 tot
2949 3388 3208 3442 malorum
3235 3404 3392 3444 causa
3420 3399 3504 3445 est

1922 3488 2071 3528 mare
2097 3473 2229 3528 ﬁnes
2249 3487 2672 3543 snpergressum,
2691 3485 2819 3545 quot
2839 3487 3025 3532 venter
3047 3479 3260 3547 corpori
3285 3480 3504 3534 anima:-

1921 3581 2026 3636 que
2048 3575 2244 3620 nostra:
2270 3585 2282 3619 ε
2308 3581 2520 3621 omnem
2543 3567 2669 3622 illud
2699 3577 2916 3633 terram,
2948 3571 3001 3624 in
3024 3585 3184 3640 quam
3211 3587 3271 3627 se
3300 3572 3503 3627 etl‘ude-

1920 3657 2009 3719 rit,
2043 3657 2253 3721 obruit;
2283 3665 2470 3712 venter
2498 3672 2625 3711 vero
2655 3659 2960 3714 universum
2989 3675 3209 3731 corpus.
3255 3662 3400 3717 Pone
3427 3662 3503 3717 illi

1921 3749 2230 3813 terminum,
2274 3747 2416 3817 quod
2466 3757 2670 3804 natura:
2711 3751 2840 3806 satis
2887 3762 3003 3816 cst;
3052 3755 3502 3822 quemadmodum

1922 3839 2054 3893 mari
2101 3838 2242 3894 Deus
2289 3838 2461 3909 posuit
2503 3854 2756 3895 arenam:
2785 3857 2848 3896 ac
2886 3844 2930 3897 si
2970 3848 3294 3910 a‘stuaverit,
3345 3855 3502 3916 atque

1921 3930 2302 3997 excanduerit,
2343 3930 2556 4000 increpa
2599 3931 2750 3986 illum
2792 3942 3053 4002 potestate
3091 3951 3210 4006 quae
3236 3937 3290 3990 in
3323 3947 3373 3992 te
3403 3939 3504 3993 sita

1921 4035 2022 4080 est.
2055 4025 2187 4081 Vide
2215 4033 2415 4096 quanto
2438 4026 2644 4081 honore
2671 4035 2727 4080 te
2749 4026 2986 4082 olfecerit
3027 4029 3196 4093 Deus.
3235 4040 3289 4084 ut
3332 4032 3502 4099 ipsum

1923 4117 2147 4172 imiteris
2179 4136 2191 4170 :
2227 4125 2278 4170 tu
2307 4131 2436 4171 vero
2463 4117 2683 4172 minime
2711 4118 2812 4182 vis,
2843 4119 2938 4173 sed
2967 4119 3115 4174 vides
3145 4120 3290 4174 illum
3319 4136 3502 4175 erum-

1923 4222 2050 4278 pere
2071 4249 2084 4274 ,
2116 4216 2385 4278 totamque
2419 4218 2661 4262 naturam
2690 4223 3033 4277 corrumpere
3061 4218 3221 4278 atque
3250 4211 3500 4277 obruere,

1924 4315 2021 4354 nec
2047 4308 2222 4354 tamen
2245 4299 2409 4353 audes
2430 4299 2683 4354 cohibere
2702 4313 2766 4354 ac
2789 4299 3076 4360 moderari.
3103 4303 3329 4366 Quorum
3355 4303 3501 4368 deus,

1924 4391 2114 4460 inquit,
2140 4399 2305 4444 venter
2324 4399 2412 4443 est.
2444 4388 2730 4443 Videamus
2750 4390 3019 4459 quomodo
3042 4391 3234 4445 Pattltts
3259 4392 3506 4446 servierit

1927 4483 2035 4537 Deo
2069 4500 2080 4535 :
2111 4480 2384 4534 videamus
2407 4480 2675 4550 quomodo
2704 4489 2755 4534 et
2786 4481 2978 4535 edaces
3007 4483 3092 4536 isti
3120 4483 3354 4537 serviant
3376 4497 3504 4536 ven-

1925 4577 2011 4629 tri.
2060 4573 2245 4628 Nonne
2286 4573 2372 4628 isti
2414 4581 2695 4629 sescentas
2726 4573 2998 4644 perferunt
3025 4577 3260 4629 mortes?
3301 4591 3505 4643 nonne,

1923 4682 2272 4736 quacumque
2293 4665 2634 4734 illejusserit,
2654 4665 2952 4719 detrectare
2977 4665 3300 4721 formidant?
3326 4684 3504 4724 annon

1924 4760 2082 4814 etiam
2113 4759 2162 4812 in
2193 4758 2273 4821 iis,
2297 4774 2413 4827 qua:
2438 4758 2654 4812 minime
2681 4758 2790 4811 lieri
2815 4767 3054 4826 possunt,
3080 4758 3328 4814 ohediunt
3351 4761 3506 4828 eique

1925 4849 2271 4903 ministrant?
2303 4863 2480 4903 nonne
2512 4848 2789 4916 mancipiis
2809 4849 3091 4916 nequiores
3111 4851 3276 4902 sunt?
3310 4852 3375 4902 At
3399 4865 3500 4905 non

1925 4940 2121 4995 Paulus
2150 4939 2270 4994 talis
2295 4957 2308 4993 :
2331 4940 2676 5009 quamobrem
2701 4939 2946 5004 dicebat,
2985 4940 3174 4994 Nostra
3199 4942 3507 4994 conversatio

1924 5033 1976 5084 in
2006 5031 2141 5084 caelis
2165 5041 2251 5084 est.
2279 5030 2392 5085 Non
2418 5030 2680 5099 igiturhic
2705 5046 3008 5099 quaeramus
3034 5032 3292 5101 requiem,
3315 5033 3407 5087 sed
3433 5032 3508 5087 ibi

1926 5121 2152 5174 velimus
2181 5121 2306 5173 clari
2339 5135 2478 5183 esse,
2512 5120 2599 5173 ttbi
2628 5129 2681 5174 et
2707 5122 2867 5174 vitam
2895 5123 3138 5177 colimus.
3178 5122 3325 5177 Unde
3353 5124 3506 5176 etiam

1928 5209 2260 5272 Salvatorem,
2292 5211 2479 5279 inqttil,
2510 5221 2856 5278 exspeclamus
2886 5212 3161 5267 Dominum
3188 5213 3386 5278 Iesum,
3419 5215 3510 5281 qui

1926 5301 2304 5371 trans/igurabit
2350 5317 2532 5371 corpus
2569 5303 2868 5356 humilitatis
2913 5315 3116 5366 nostra,
3155 5314 3208 5356 ut
3247 5308 3507 5375 confornte

1927 5392 2016 5460 ﬁat
2057 5393 2256 5460 corpori
2291 5393 2538 5445 claritatis
2576 5410 2698 5446 sum.
2746 5394 3002 5447 Paulatim
3046 5409 3140 5448 nos
3176 5395 3353 5448 evexit
3382 5413 3395 5448 :
3429 5395 3510 5451 De

1927 5485 2077 5547 etclo,
2106 5485 2294 5554 inquit,
2328 5484 2571 5539 Salvator
2600 5495 2778 5539 uoster
2811 5501 2824 5536 :
2853 5502 2880 5536 ιι
2911 5485 3050 5548 loco,
3081 5502 3108 5538 a
3142 5501 3368 5555 persona
3398 5503 3510 5541 ma.

1922 5575 2169 5643 jestatent
2198 5575 2589 5628 demonstrans.
2623 5576 2722 5640 Qui
2746 5577 3142 5646 trans/igurabit,
3178 5577 3363 5647 inquit,
3397 5594 3512 5632 cor-
3562 5591 3564 5593 ‘

1926 5684 2018 5737 pus
2058 5669 2359 5722 humilitatis
2402 5679 2606 5721 nostrai.
2637 5669 2815 5723 Multis
2841 5668 3011 5724 modis
3041 5685 3180 5723 nunc
3206 5670 3341 5725 male
3367 5671 3509 5725 acci-

1928 5761 2069 5830 pitur
2105 5776 2300 5832 corpus
2347 5770 2609 5830 nostrum,
2658 5761 2907 5831 vincitur,
2953 5761 3190 5832 vapulat,
3241 5762 3506 5819 sexcentis

3089 5855 3160 5916 18
