4044 6202
541 330 643 385 I79

541 439 695 493 malis
733 436 992 498 afficitur;
1041 448 1223 488 verum
1262 439 1315 484 et
1344 427 1538 483 Christi
1568 439 1761 496 corpus
1788 423 1900 478 haec
1931 422 2114 477 eadem

541 544 756 599 passum
802 537 908 582 est.
957 527 1068 580 Hoc
1118 540 1246 593 ergo
1284 521 1638 576 subindieavit
1665 519 1868 582 dicens,
1905 514 1972 570 Ut
2000 530 2119 568 con-

543 623 706 687 {orme
744 618 831 685 ﬁat
862 616 1060 685 corpori
1091 614 1334 667 claritatis
1367 628 1490 666 sine.
1540 610 1683 679 Ergo
1724 609 1863 662 idem
1905 606 2117 676 quidem

544 724 738 777 corpus
767 718 864 770 est,
900 706 994 762 sed
1028 705 1263 758 induitur
1304 701 1722 756 immortalitate.
1757 698 1799 752 Τ
1801 699 2120 770 ransfigura-

547 800 634 862 lit,
669 798 856 867 inquit.
904 797 1042 865 Ergo
1076 805 1128 848 et
1167 793 1331 864 figura
1370 794 1505 855 alia;
1551 800 1640 844 aut
1671 791 1741 843 ita
1773 787 2119 843 mutationem

547 889 722 942 minus
750 888 964 956 proprie
994 886 1219 941 vocavit.
1255 885 1395 939 Dixit
1418 893 1618 949 autem,
1642 881 1838 950 Corpus
1864 879 2122 932 humilita-

545 981 608 1032 tis
635 989 838 1043 nostrae,
865 980 1112 1048 quoniam
1137 992 1275 1030 nunc
1293 977 1436 1044 jacet
1459 976 1509 1029 in
1536 974 1849 1035 humilitate,
1869 971 2120 1041 quoniam

545 1071 780 1124 interitui
813 1085 876 1123 ac
899 1069 1070 1123 dolori
1104 1068 1392 1122 obnoxium
1424 1074 1528 1132 est,
1559 1064 1812 1135 quoniam
1841 1062 1943 1116 vile
1974 1060 2121 1115 vide-

551 1175 632 1218 tur
651 1175 770 1214 e.~.se
794 1159 1028 1228 nihilque
1050 1159 1278 1227 amplius
1300 1158 1509 1212 cmtcris
1525 1155 1744 1211 habere.
1779 1153 1847 1208 Ut
1866 1155 2122 1223 conforme

545 1254 731 1320 ipsum,
758 1251 944 1320 inquit,
973 1251 1061 1317 ﬁat
1083 1251 1283 1319 corpori
1309 1250 1555 1302 claritatis
1578 1265 1701 1303 suae.
1728 1246 1918 1316 Papae!
1953 1244 2120 1309 illinc,

545 1343 685 1412 quod
711 1344 862 1397 sedet
889 1345 941 1396 in
963 1343 1180 1396 dextera
1211 1343 1417 1396 Patris?
1449 1342 1559 1396 Hoc
1587 1343 1756 1410 ipsum
1781 1353 1976 1408 corpus
1997 1349 2116 1390 conv

547 1433 716 1486 forme
739 1433 811 1485 illi
842 1435 916 1496 fit,
950 1432 1087 1502 quod
1125 1434 1378 1486 aduratur
1411 1433 1478 1488 ab
1513 1431 1737 1500 angelis,
1769 1430 1840 1483 illi
1868 1428 1951 1482 cui
1985 1423 2121 1480 assi-

546 1530 692 1575 stunt
727 1523 1056 1590 incorporea:
1085 1523 1404 1584 Potestates,
1432 1521 1502 1574 illi
1534 1520 1674 1590 quod
1703 1529 1785 1574 est
1812 1532 1973 1587 supra
2005 1531 2124 1570 om-

549 1627 671 1666 nem
704 1611 1060 1680 Principatum
1083 1623 1134 1666 et
1164 1612 1422 1666 Virtutem
1455 1622 1508 1665 et
1537 1611 1895 1674 Potestatem;
1927 1608 2002 1661 illi
2026 1605 2124 1676 ipsi

545 1700 823 1756 conformo
863 1701 939 1754 fit.
982 1701 1037 1756 Si
1079 1701 1360 1756 universus
1385 1700 1553 1765 orbis,
1587 1700 1814 1768 sumptis
1845 1697 2120 1768 lacrymis,

545 1809 638 1846 eos
665 1793 752 1861 qui
779 1792 846 1848 de
874 1793 972 1848 hac
993 1808 1088 1863 spe
1109 1793 1444 1858 deciderunt,
1471 1793 1621 1856 ﬂeat;
1656 1807 1750 1862 pro
1771 1791 1845 1846 rei
1868 1791 2124 1859 gravitate

544 1883 711 1946 ﬂebit,
757 1885 898 1953 quod
943 1885 1045 1940 boc
1089 1887 1354 1954 promisso
1399 1885 1552 1938 nobis
1590 1884 1884 1953 proposito.
1917 1881 2032 1935 fore
2068 1891 2125 1934 ut

546 1990 738 2042 corpus
784 1987 1022 2030 nostrum
1071 1977 1144 2031 illi
1183 1978 1458 2031 conforme
1498 1975 1610 2039 ﬁat,
1641 1990 1760 2029 cum
1793 1973 2124 2027 damonibus

547 2078 724 2120 tamen
767 2068 956 2121 abeat?
999 2067 1116 2121 Jam
1164 2069 1316 2122 mitto
1361 2068 1658 2136 gehennam
1698 2085 1712 2121 :
1751 2066 2124 2136 quodcumque

545 2159 684 2210 enim
720 2159 956 2223 dixeris,
999 2158 1130 2212 nihil
1157 2173 1276 2214 esse
1303 2159 1555 2212 existimo
1574 2198 1589 2224 ,
1619 2159 1662 2212 si
1690 2173 1810 2213 cum
1845 2157 1945 2210 hoc
1973 2157 2124 2226 lapsu

545 2261 903 2318 comparetur.
949 2249 1084 2319 Quid
1115 2251 1211 2315 ais,
1240 2250 1436 2305 Paule?
1472 2250 1543 2304 illi
1574 2251 1846 2304 conforme
1877 2249 1968 2302 fit?
1992 2248 2083 2302 Nae
2104 2287 2118 2313 ,

546 2342 734 2409 inquit.
771 2341 972 2396 Deinde
991 2382 1006 2405 ,
1037 2357 1103 2396 ne
1128 2341 1363 2404 diffidas,
1393 2352 1763 2412 argumentum
1787 2356 1997 2410 quoque
2023 2340 2123 2394 ad-

540 2431 716 2500 jnnxit
745 2449 757 2486 :
791 2433 1081 2486 Secundum
1120 2434 1486 2503 operationem,
1533 2434 1722 2503 inquit,
1763 2433 1959 2485 virtutis
1993 2447 2119 2495 stne,

544 2540 643 2592 qua
679 2527 828 2577 etiam
859 2527 1014 2594 possit
1045 2526 1290 2596 subjicere
1316 2526 1410 2579 sibi
1436 2528 1624 2579 omnia.
1658 2526 2006 2588 l’otestatem,
2038 2524 2121 2576 in-

545 2615 678 2682 quit,
707 2613 866 2668 babet
893 2615 1066 2668 omnia
1096 2615 1197 2669 sibi
1230 2615 1544 2683 subjiciendi
1573 2634 1586 2668 :
1615 2630 1744 2685 ergo
1771 2624 1826 2670 et
1853 2615 2121 2670 interitum

545 2713 599 2756 et
630 2714 888 2758 mortem:
935 2705 1108 2773 potius
1147 2715 1322 2760 autem
1363 2722 1426 2761 ex
1459 2707 1643 2761 eadem
1685 2707 1794 2777 ipsa
1838 2714 2120 2776 potestate,

545 2795 648 2849 hoc
675 2796 832 2850 etiam
858 2796 998 2850 facit.
1025 2797 1175 2863 Quod
1201 2800 1365 2859 enim.
1386 2799 1471 2853 dic
1493 2799 1643 2864 mihi,
1674 2799 1925 2868 potentia:
1951 2800 2122 2866 majus

544 2901 681 2954 opus
707 2896 807 2948 est,
841 2889 1061 2956 angelos
1095 2897 1149 2943 et
1186 2888 1534 2957 archangelos
1561 2899 1615 2942 ct
1640 2889 1924 2943 Cherubim
1955 2899 2007 2942 et
2031 2889 2124 2943 Se-

546 2979 752 3047 t‘apltitn
796 2979 1059 3048 subjicere
1088 2995 1149 3033 ac
1175 2980 1476 3042 da-monas,
1505 2996 1571 3034 an
1598 2996 1792 3051 corpus
1822 2979 1997 3034 facere
2026 2981 2122 3033 itii-

545 3070 770 3124 mortale
815 3079 868 3122 et
911 3072 1228 3139 corruptela:
1277 3087 1382 3124 non
1431 3071 1762 3125 obnoxium?
1811 3071 1943 3126 Illud
1993 3085 2123 3125 sane

547 3161 714 3216 multo
759 3162 947 3230 majus.
996 3161 1239 3218 Ostendit
1277 3165 1475 3232 majora
1507 3180 1669 3235 opera
1705 3165 1952 3234 potentia:
1989 3154 2120 3230 sum,

545 3260 605 3306 nt
631 3251 747 3306 inec
773 3253 932 3307 etiam
959 3254 1168 3308 credas.
1198 3254 1554 3322 Quamobrem
1586 3259 1793 3310 tametsi
1822 3255 2123 3310 mundanus

546 3344 676 3397 istos
717 3343 957 3398 videritis
996 3345 1326 3401 exsultantes
1365 3347 1564 3408 laetitia,
1603 3357 1657 3401 et
1693 3346 1858 3416 gloria
1892 3348 2122 3401 circnm~

542 3429 768 3487 ﬂuentes
794 3452 806 3487 :
827 3449 920 3488 vos
942 3435 1288 3491 nihilominus
1308 3447 1464 3499 state,
1486 3454 1588 3492 non
1616 3437 1681 3493 ab
1706 3440 1806 3493 illis
1833 3437 2120 3503 hedamini,

545 3539 645 3579 nec
675 3527 958 3581 turbemini
985 3545 997 3580 :
1022 3543 1146 3597 spes
1175 3529 1475 3597 bujusmodi
1500 3546 1618 3600 qua:
1645 3531 1799 3585 nobis
1821 3546 2123 3600 proponun-

545 3627 651 3680 tur,
697 3627 834 3687 apta:
881 3629 1027 3685 sttnt,
1077 3636 1196 3690 quae
1241 3621 1394 3675 valde
1438 3625 1599 3676 etiam
1642 3623 1922 3678 socordem
1962 3633 2122 3693 atque

541 3709 856 3762 oscitantem
886 3711 1120 3764 excitent
1148 3722 1306 3780 atque
1331 3712 1557 3781 erigant.
1583 3713 1731 3783 (Cap.
1752 3709 1893 3779 4.)1.
1918 3711 2118 3782 Itaque,

543 3797 729 3862 fratres
759 3799 876 3860 mei,
918 3799 1110 3867 inquit,
1150 3803 1397 3855 carissimi
1435 3813 1481 3854 et
1519 3803 1952 3870 desideratissimi,
1991 3821 2121 3873 gau-

545 3889 685 3940 dium
710 3905 875 3942 meum
904 3900 949 3942 et
983 3907 1169 3946 corona
1194 3910 1322 3956 mea,
1359 3896 1432 3946 sic
1457 3904 1585 3948 state
1609 3895 1661 3948 in
1692 3892 1931 3962 Domino,
1959 3899 2120 3951 caris-

549 3978 686 4038 simi.
735 3979 858 4043 Sic,
901 3982 1208 4049 quomodo?
1249 3983 1706 4052 Quemadmodum
1756 3987 1989 4062 stetistis
2020 3988 2120 4042 im-

543 4071 697 4123 moti.
726 4069 858 4127 Vide
891 4083 1008 4141 post
1034 4074 1448 4130 admonitionem
1479 4080 1719 4134 encomia
1745 4096 1758 4131 :
1794 4080 2049 4135 Gaudium
2074 4092 2120 4136 et

542 4176 730 4224 corona
753 4179 881 4217 mea.
910 4163 1025 4218 Non
1055 4174 1256 4221 tantum
1288 4169 1534 4237 gaudium
1555 4211 1570 4235 ,
1599 4170 1693 4224 sed
1722 4171 1881 4226 etiam
1910 4173 2077 4241 gloria
2103 4190 2117 4240 ;

544 4263 650 4303 non
693 4261 898 4308 tantum
933 4255 1145 4324 gloria,
1191 4258 1282 4312 sed
1326 4259 1485 4314 etiam
1530 4276 1728 4316 corona
1763 4264 1890 4318 :cui
1934 4264 2119 4335 gloria:

543 4340 674 4397 nihil
722 4359 816 4411 par
855 4345 1171 4411 inveniatur,
1211 4351 1404 4420 quippe
1444 4368 1566 4407 cum
1610 4354 1688 4409 illi
1734 4355 1879 4410 Pauli
1919 4371 2120 4412 corona

539 4434 667 4488 sint.
700 4435 790 4489 Sic
815 4447 942 4490 state
963 4438 1013 4491 in
1038 4436 1276 4505 Domino,
1300 4444 1576 4511 carissimi;
1607 4447 1657 4501 id
1683 4457 1784 4514 est,
1809 4449 1860 4504 in
1883 4465 1978 4520 spe
2001 4452 2117 4507 Dei.

539 4522 596 4577 9.
633 4521 880 4578 Evodiam
905 4523 1048 4597 rogo,
1076 4539 1124 4582 et
1151 4531 1443 4601 Syntyclten
1465 4526 1586 4605 rogo
1609 4536 1663 4588 id
1683 4537 1849 4604 ipsum
1873 4556 2050 4609 sapere
2067 4543 2120 4596 in

541 4613 781 4670 Domino.
815 4618 866 4672 5.
891 4617 1059 4672 Etiam
1084 4637 1206 4692 rogo
1225 4631 1270 4676 et
1298 4633 1364 4689 te,
1397 4641 1633 4694 germane
1669 4643 1898 4698 compar,
1927 4631 1996 4684 ad
1992 4633 2120 4702 jura

537 4707 676 4762 illas.

614 4799 671 4853 5.
701 4799 924 4865 Quidam
950 4801 1133 4858 dicunt
1156 4804 1373 4860 Paulum
1399 4806 1480 4862 his
1497 4809 1692 4876 verbis,
1714 4809 1962 4868 Germane
1979 4831 2117 4869 cont-

535 4905 652 4957 par,
695 4904 917 4944 uxorem
949 4906 1100 4947 suam
1143 4911 1332 4965 rogare
1361 4897 1435 4969 (a)
1468 4917 1482 4954 :
1513 4900 1653 4969 quod
1685 4902 1903 4960 minime
1927 4920 2113 4961 verum

537 4989 654 5044 est;
683 4980 776 5034 sed
799 4983 1081 5050 quamdam
1108 4986 1264 5040 aliam
1297 4991 1610 5057 mulierem,
1641 4993 1722 5048 vel
1749 4997 1910 5050 etiam
1940 4997 2112 5053 virum

541 5068 765 5122 alterius
796 5071 1016 5126 istarum
1055 5073 1154 5127 Itoc
1182 5087 1335 5131 vocat
1364 5081 1600 5137 nomine.
1631 5083 1830 5154 Adjuva
1857 5087 1997 5152 illas,
2027 5090 2109 5142 in—

536 5159 689 5227 quit,
729 5177 842 5229 qua:
884 5179 1075 5218 mecum
1117 5165 1464 5224 laboraverunt
1492 5173 1543 5226 in
1569 5177 1823 5246 euangelio
1851 5195 1964 5231 cum
1995 5178 2111 5234 Cle-

538 5260 700 5302 mente
723 5262 768 5306 et
797 5255 989 5308 ueteris
1014 5255 1329 5326 adjutoribus
1354 5261 1495 5326 meis,
1518 5279 1728 5330 quorum
1756 5269 1963 5322 nomina
1991 5281 2109 5325 sunt

538 5338 590 5391 in
617 5341 742 5395 libro
780 5345 910 5400 vine.
947 5347 1102 5402 Vides
1134 5361 1343 5418 quantre
1373 5353 1584 5409 virtutis
1613 5359 1975 5416 testimonium
2005 5363 2108 5419 illis

536 5431 629 5484 dat
654 5431 842 5498 ?Quod
870 5438 1081 5506 quidem
1111 5445 1366 5509 apostolis
1389 5445 1597 5503 dicebat
1623 5449 1889 5518 Christus,
1917 5452 1986 5508 In
2015 5455 2109 5509 hoc

535 5526 693 5578 nolite
721 5529 972 5596 gaudere,
1004 5532 1122 5600 quia
1159 5533 1408 5590 (lanionia
1445 5542 1581 5595 vobis
1617 5542 1990 5613 subjiciuntur,
2023 5549 2114 5602 sed

587 5701 660 5771 (a)
699 5701 898 5752 Paulum
923 5718 1123 5757 uxorem
1159 5711 1382 5763 Inbuisse
1405 5716 1597 5778 quidam
1619 5721 1864 5781 putabant.

1271 319 1324 374 S.
1365 313 1641 372 103Nle
1677 308 2145 368 CHRYSOSTOMI
2188 307 2501 363 ARCHIEP.
2542 304 3068 362 CONSTANTINOP.

3705 304 3814 361 980

2225 420 2358 486 quod
2387 420 2589 473 nomina
2619 429 2782 474 vestra
2811 429 2929 474 sunt
2956 420 3143 489 scripta
3171 418 3220 472 in
3244 419 3370 472 libro
3393 418 3506 473 vita:
3537 416 3689 490 (Luc.
3722 419 3806 474 I0.

2223 509 2315 579 20)
2345 527 2359 572 ;
2415 510 2514 564 hoc
2554 510 2747 563 Paulus
2777 510 2937 564 etiam
2970 509 3038 563 de
3066 509 3183 564 istis
3215 511 3551 576 testificatur,
3587 510 3704 565 dice
3719 529 3805 576 ns,

2231 601 2458 666 Quorum
2489 601 2692 654 nomina
2725 611 2842 654 sunt
2881 601 2934 653 in
2968 602 3096 654 libro
3126 602 3263 654 vitae.
3318 600 3577 656 Videntur
3623 613 3808 657 autem

2228 691 2356 745 mihi
2385 691 2466 746 liae
2488 693 2740 747 mulieres
2760 702 2920 761 caput
2944 693 3108 747 fuisse
3135 693 3388 747 Ecclesia:
3416 709 3535 762 quae
3562 694 3633 748 ibi
3659 705 3807 758 erat;

2228 796 2425 852 easque
2471 783 2810 837 commendat
2843 783 2958 838 viro
2999 783 3225 838 fortasse
3276 783 3596 850 admirabili,
3648 800 3808 855 quem

2227 891 2531 944 comparem
2580 877 2740 931 etiam
2790 885 2944 932 vocat
2985 893 2998 932 :
3032 879 3114 931 cui
3157 878 3385 931 fortasse
3428 877 3811 932 commendare

2228 967 2418 1022 solitus
2445 975 2560 1022 erat
2579 1008 2594 1033 ,
2625 976 2680 1021 ut
2706 967 2988 1021 auxiliario
3019 976 3072 1021 et
3100 967 3450 1022 commilitoni
3483 980 3537 1022 et
3563 967 3809 1037 participi

2229 1065 2283 1110 et
2312 1055 2482 1112 fratri.
2529 1056 2582 1111 ld
2614 1073 2744 1113 vero
2770 1066 2824 1111 et
2863 1058 2916 1112 in
2953 1059 3186 1128 Epistula
3237 1058 3301 1111 ad
3345 1057 3613 1113 Romanos
3643 1057 3806 1112 facit:

2231 1146 2536 1201 Commendo
2560 1189 2575 1213 ,
2629 1148 2836 1218 inquit,
2883 1149 3020 1202 vobis
3050 1147 3272 1202 Plta’ben
3305 1165 3528 1204 sororem
3558 1160 3807 1217 nostram,

2227 1256 2342 1309 qua:
2365 1249 2436 1293 est
2471 1242 2524 1292 in
2553 1240 2834 1295 ministerio
2873 1239 3148 1306 Ecclesiae,
3189 1257 3302 1311 qua
3346 1251 3419 1295 est
3453 1243 3505 1294 in
3543 1240 3811 1296 Cenchreis

2230 1331 2407 1400 (Rom.
2438 1333 2522 1386 16.
2555 1331 2629 1399 1).
2662 1330 2897 1402 Compar.
2935 1333 3025 1388 Vel
3052 1333 3266 1388 fratrem
3297 1334 3527 1404 aliquem
3561 1334 3807 1400 istarum,

2229 1424 2315 1478 vel
2341 1425 2498 1478 etiam
2527 1425 2701 1479 virum
2729 1426 2948 1479 alterius
2989 1427 3223 1495 ipsarum
3261 1427 3330 1480 ita
3361 1435 3514 1480 vocat
3542 1444 3555 1478 :
3589 1425 3811 1495 perinde

2231 1528 2294 1567 ac
2323 1515 2364 1569 si
2397 1515 2621 1582 diceret,
2655 1517 2805 1571 Nunc
2838 1519 3003 1573 frater
3032 1533 3091 1572 es
3119 1532 3424 1586 germanus,
3465 1534 3602 1572 nunc
3635 1519 3713 1571 vir
3734 1518 3816 1574 le-

2229 1606 2477 1676 gitimus;
2521 1608 2717 1678 quippe
2756 1610 2843 1678 qui
2878 1610 3174 1662 membrum
3203 1609 3374 1664 factus
3413 1624 3492 1664 es.
3544 1611 3672 1676 Qua
3699 1625 3816 1663 ms-

2230 1713 2344 1751 cnnt
2387 1698 2740 1752 laboraverunt
2790 1700 2841 1751 in
2885 1699 3161 1767 evangelio.
3236 1699 3370 1753 llinc
3415 1698 3716 1754 Sollicitudo
3759 1707 3819 1754 et

2230 1805 2354 1845 cura
2386 1804 2508 1862 erga
2541 1790 2678 1854 illas,
2713 1807 2818 1845 non
2849 1792 2918 1846 ob
2947 1792 3258 1854 amicitiam,
3290 1790 3384 1845 sed
3412 1791 3480 1845 ob
3509 1790 3814 1845 benefacta.

2234 1880 2430 1935 Mecum
2460 1884 2828 1938 laboraverunt.
2853 1882 2990 1948 Quid
3016 1883 3127 1937 ais?
3173 1883 3426 1938 mulieres
3456 1893 3628 1936 tecum
3661 1883 3817 1936 labo-

2230 1974 2523 2027 r.nernnt?
2573 1975 2697 2040 Nae,
2741 1975 2932 2043 inquit.
2983 1973 3098 2026 Non
3136 1989 3320 2042 parum
3351 1985 3404 2028 et
3432 1975 3534 2028 illac
3561 1975 3814 2029 contule-

2230 2072 2355 2117 runt
2387 2081 2400 2116 :
2430 2067 2672 2133 quamvis
2695 2067 2841 2120 enim
2873 2064 3022 2117 multi
3051 2073 3254 2128 essent,
3281 2065 3371 2134 qui
3396 2065 3558 2119 Paulo
3587 2066 3816 2120 auxilia-

2230 2157 2433 2214 rentnr,
2489 2157 2662 2202 tamen
2715 2149 2854 2203 inter
2894 2148 3093 2204 multos
3136 2157 3190 2202 et
3216 2149 3332 2202 isne
3359 2163 3483 2202 suas
3527 2150 3576 2202 in
3599 2150 3815 2216 agendo

2232 2251 2410 2311 partes
2455 2242 2798 2310 praistabaut.
2845 2242 2963 2297 Non
2995 2255 3183 2312 parum
3207 2241 3365 2310 igitur
3393 2249 3516 2296 tunc
3560 2242 3814 2296 Ecclesia)

2229 2335 2565 2405 angebantur
2593 2353 2604 2388 :
2637 2351 2759 2389 nam
2793 2351 2856 2389 ex
2882 2351 2980 2402 eo,
3033 2336 3174 2406 quod
3204 2333 3239 2390 ii
3285 2333 3377 2406 qui
3405 2333 3608 2404 probati
3632 2344 3811 2400 emat,

2229 2443 2350 2484 cum
2382 2427 2501 2492 viri,
2531 2435 2639 2482 tum
2669 2427 2942 2493 mulieres,
2975 2437 3127 2481 tanto
3158 2443 3187 2481 a
3227 2428 3436 2503 caeteris
3465 2425 3667 2482 honore
3690 2425 3816 2480 affi-

2230 2529 2499 2585 cerentur,
2545 2521 2712 2575 multa
2743 2520 3062 2575 eveniebant
3107 2520 3267 2575 bona.
3319 2521 3528 2576 Etenim
3575 2518 3816 2590 primum

2230 2609 2445 2680 quidem
2493 2611 2672 2665 caeteri
2720 2611 2786 2666 ad
2834 2627 3017 2682 parem
3052 2612 3226 2666 zelum
3249 2611 3682 2667 adducebantur:
3711 2613 3816 2667 de-

2231 2702 2354 2756 inde
2400 2703 2451 2757 in
2493 2718 2558 2758 eo
2588 2704 2775 2769 etiam,
2817 2703 2958 2773 quod
3002 2704 3260 2760 honorem
3291 2704 3622 2767 deferebant,
3653 2719 3815 2774 quaa-

2230 2804 2369 2849 stum
2394 2794 2655 2850 faciebant
2686 2812 2699 2849 :
2733 2798 2890 2850 tertio
2918 2805 2971 2851 et
2998 2797 3117 2851 illos
3146 2797 3291 2866 ipsos
3331 2796 3618 2852 alacriores
3646 2805 3818 2864 atque

2231 2887 2565 2942 ardentiores
2626 2887 2909 2943 faciebant.
2969 2889 3258 2956 Propterea
3304 2888 3500 2957 ubique
3555 2887 3703 2942 vides
3757 2889 3815 2942 id

2229 2989 2502 3034 curantem
2531 2980 2750 3034 Paulum
2779 2995 2843 3034 ac
2868 2980 3000 3035 tales
3029 2979 3277 3034 homines
3305 2977 3772 3034 commendantem
3798 2999 3813 3031 :

2229 3071 2370 3140 quod
2411 3071 2570 3126 etiam
2622 3072 2674 3124 in
2726 3071 2962 3139 Epistola
3007 3071 3072 3124 ad
3120 3068 3428 3125 Corinthios
3477 3070 3674 3140 inquit,
3706 3069 3819 3136 Qui

2227 3174 2344 3216 sunt
2385 3164 2620 3232 primitite
2665 3162 2872 3216 Achaia:
2925 3164 3000 3233 (i.
3031 3161 3149 3217 Cor.
3185 3163 3271 3218 16.
3303 3158 3412 3232 15).
3475 3162 3697 3228 Quidam
3725 3162 3817 3217 di-

2229 3263 2352 3308 cunt
2396 3270 2588 3310 nomen
2641 3255 2916 3324 proprium
2968 3256 3072 3310 illis
3121 3256 3304 3322 fuisse,
3362 3262 3580 3322 σὺςυγος,
3626 3254 3678 3309 id
3724 3266 3819 3310 est

2229 3359 2450 3414 compar
2486 3363 2498 3399 :
2542 3345 2637 3401 sed
2671 3362 2855 3414 parum
2907 3347 3151 3410 interest,
3197 3348 3310 3402 sive
3357 3346 3478 3410 hoc,
3527 3347 3638 3400 sive
3679 3347 3818 3404 illud

2229 3436 2297 3490 sit
2329 3453 2342 3487 :
2374 3451 2478 3490 non
2508 3436 2559 3490 id
2591 3438 2800 3491 curiose
2829 3439 3206 3508 inquirendum
3235 3447 3350 3504 est,
3382 3439 3475 3493 sed
3504 3438 3605 3493 hoc
3630 3438 3816 3494 admi-

2229 3524 2477 3591 randum,
2508 3541 2754 3594 magnum
2788 3527 2890 3582 illis
2918 3528 3113 3583 deferri
3143 3529 3401 3584 honorem
3435 3529 3678 3598 jussisse.

2299 3619 2352 3672 4.
2395 3617 2605 3687 Omnia,
2635 3620 2821 3690 inquit,
2849 3621 3001 3676 nobis
3033 3623 3085 3677 in
3115 3623 3261 3676 caelis
3289 3634 3433 3687 sunt,
3459 3633 3514 3678 ct
3561 3623 3818 3680 Salvator

2229 3710 2512 3774 ctcivilas,
2541 3712 2792 3782 quiequid
2831 3713 2970 3768 aliud
3004 3714 3121 3782 quis
3149 3714 3342 3768 dixerit
3373 3733 3385 3766 :
3417 3715 3583 3780 Unde,
3616 3717 3816 3785 inquit,

2228 3811 2274 3854 et
2305 3801 2620 3856 Salvatorem
2648 3814 2996 3871 exspectamus
3025 3804 3299 3860 Dominum
3322 3806 3497 3860 Jesum
3530 3806 3816 3863 Christum.

2227 3897 2400 3962 Atque
2430 3893 2532 3949 hoc
2559 3895 2719 3948 etiam
2743 3905 2825 3950 est
2851 3895 3193 3966 benignitatis
3213 3914 3344 3952 suae.
3381 3899 3496 3968 Ipse
3523 3913 3708 3953 rursus
3738 3900 3814 3954 ad

2229 3997 2326 4038 nos
2347 3985 2510 4048 venit,
2546 4000 2648 4038 non
2682 3986 2807 4041 illuc
2825 4002 2922 4042 nos
2949 3987 3130 4054 trahit,
3162 3997 3216 4045 et
3243 4004 3362 4044 eum
3386 4005 3486 4044 nos
3525 3991 3815 4058 receperit,

2227 4074 2486 4131 discedit:
2517 4085 2677 4146 atque
2717 4079 2766 4131 in
2797 4077 2900 4132 hoc
2924 4095 3134 4149 quoque
3163 4095 3354 4151 magno
3383 4095 3478 4135 nos
3502 4081 3705 4136 honore
3727 4081 3820 4137 af-

2229 4167 2354 4220 ficit.
2379 4165 2509 4220 Nam
2529 4168 2571 4221 si
2597 4169 2660 4222 ad
2687 4185 2783 4224 nos
2803 4185 2921 4224 cum
2953 4173 3150 4228 inimici
3173 4187 3408 4240 eramus,
3435 4174 3609 4228 venit:
3639 4174 3821 4230 multo

2229 4258 2395 4328 magis
2433 4274 2574 4312 nunc
2595 4276 2716 4314 cum
2740 4263 2895 4316 amici
2926 4260 3051 4317 facti
3092 4277 3297 4318 sumus.
3330 4263 3443 4320 Non
3473 4265 3574 4319 hoc
3603 4265 3819 4335 angelis

2227 4351 2530 4414 committit,
2564 4367 2736 4422 neque
2767 4353 2960 4418 servis,
3007 4353 3101 4408 sed
3151 4355 3263 4423 ipse
3290 4356 3344 4409 in
3394 4355 3623 4410 nubibus
3663 4357 3821 4411 venit

2227 4455 2425 4494 vocans
2456 4455 2554 4496 nos
2581 4442 2632 4495 in
2662 4443 2863 4512 regiam
2897 4459 3070 4498 suam.
3129 4445 3378 4502 Fortasse
3408 4456 3586 4501 autem
3612 4456 3664 4500 et
3715 4461 3822 4503 eos

2226 4532 2315 4600 qni
2347 4533 2517 4601 ipsum
2547 4530 2831 4598 coluerint,
2865 4535 2976 4604 ipse
3037 4534 3104 4590 ad
3152 4551 3210 4592 se
3254 4538 3308 4591 in
3359 4537 3585 4592 nubibus
3633 4537 3817 4592 tollet.

2226 4620 2357 4675 Nam
2383 4632 2434 4676 et
2480 4637 2600 4684 nos,
2644 4622 2834 4692 inquit,
2869 4624 2919 4678 in
2950 4625 3180 4679 nubibus
3221 4627 3490 4696 rapiemur
3520 4627 3609 4696 qui
3657 4626 3818 4682 illum

2226 4713 2482 4776 colimus;
2515 4723 2567 4768 et
2593 4714 2668 4767 sic
2699 4729 2914 4782 semper
2943 4730 3064 4770 cum
3095 4718 3321 4772 Domino
3346 4719 3567 4774 erimus.
3611 4718 3819 4787 Ecquis

2226 4820 2352 4873 ergo
2376 4805 2624 4860 inventus
2642 4805 2800 4860 fuerit
2822 4806 2994 4861 fidelis
3013 4823 3201 4862 servus
3227 4817 3280 4864 et
3302 4809 3532 4880 prudens
3546 4809 3572 4862 ’ἶ
3590 4810 3821 4878 quinam

2227 4894 2384 4966 igitur
2403 4896 2563 4951 tantis
2585 4896 2739 4951 bonis
2763 4896 3152 4968 dignabuntur?
3169 4915 3328 4970 quam
3347 4899 3701 4964 miserabiles,
3721 4901 3820 4970 qui

2229 4990 2350 5045 inde
2375 4990 2612 5044 cadunt?
2656 4990 2786 5044 Nam
2815 4991 2859 5045 si
2892 5005 2990 5060 per
3017 5008 3176 5047 omne
3207 5002 3419 5063 tempus
3449 4993 3570 5047 illos
3593 4991 3686 5062 qui
3723 5007 3821 5048 re-

2226 5097 2386 5151 gnum
2419 5085 2710 5138 andserunt
2751 5085 3046 5152 lugeamus,
3086 5086 3210 5154 quid
3246 5101 3309 5140 ea
3341 5101 3398 5141 re
3429 5086 3643 5156 dignum
3669 5083 3820 5142 fect»

2228 5175 2430 5228 rimus?
2464 5174 2694 5238 Etenim,
2723 5176 2766 5228 si
2795 5184 3080 5229 sexcentas
3108 5177 3384 5246 gehennas
3431 5177 3694 5241 attuleris,
3729 5178 3824 5231 ni-

2235 5265 2306 5318 hil
2341 5281 2434 5335 par
2458 5265 2652 5320 aﬂ'ercs
2699 5265 2874 5319 dolori
2925 5267 3022 5332 illi,
3069 5283 3177 5336 quo
3222 5278 3348 5323 tunc
3374 5270 3589 5339 angitur
3611 5269 3826 5334 anima,

2227 5370 2346 5410 cum
2389 5356 2666 5411 universus
2687 5359 2924 5426 quatitur
2950 5359 3133 5425 orbis,
3171 5362 3310 5416 tubae
3363 5374 3577 5426 sonant,
3613 5362 3831 5431 primus

2227 5449 2458 5503 accurrit
2503 5451 2813 5519 angelorum
2855 5451 3008 5514 ordo,
3041 5452 3235 5509 deinde
3286 5454 3586 5518 secundus,
3624 5454 3838 5509 deinde.

2229 5540 2434 5606 tertius,
2472 5539 2666 5594 deinde
2705 5543 2943 5596 sescenti
2975 5542 3194 5599 ordines
3236 5544 3288 5598 in
3332 5553 3530 5599 terram
3556 5558 3617 5599 se
3644 5544 3840 5600 effrin-

2227 5630 2379 5693 dttnl,
2409 5641 2516 5684 tum
2546 5631 2834 5686 Clternhim
2864 5633 2954 5702 qui
2998 5634 3414 5690 innumerabiles
3455 5646 3604 5702 sunt,
3637 5645 3693 5688 ct
3721 5635 3839 5690 Se-

2228 5721 2466 5792 raphim;
2496 5733 2768 5792 postremo
2815 5725 3038 5794 ipsemet
3093 5725 3329 5794 advenit,
3377 5726 3548 5796 gloria
3597 5725 3686 5782 illa
3715 5728 3845 5781 cir-
