  <div class='ocr_page' id='page_1' title='image "/cluster/home/n/w/nwhite01/storage/ocr_20150623/62/hvd.32044054086319/285.png"; bbox 0 0 4014 6200; ppageno 0'>
   <div class='ocr_carea' id='block_1_1' title="bbox 580 321 678 377">
    <p class='ocr_par' dir='ltr' id='par_1_1' title="bbox 580 321 678 377">
     <span class='ocr_line' id='line_1_1' title="bbox 580 321 678 377; baseline 0.02 -3"><span class='ocrx_word' id='word_1_1' title='bbox 580 321 678 377; x_wconf 65' lang='grc'>231</span> 
     </span>
    </p>
   </div>
   <div class='ocr_carea' id='block_1_2' title="bbox 576 432 2145 508">
    <p class='ocr_par' dir='ltr' id='par_1_2' title="bbox 576 432 2145 508">
     <span class='ocr_line' id='line_1_2' title="bbox 576 432 2145 508; baseline -0.001 -22"><span class='ocrx_word' id='word_1_2' title='bbox 576 434 697 497; x_wconf 78' lang='grc' dir='ltr'>τιᾶς</span> <span class='ocrx_word' id='word_1_3' title='bbox 725 432 824 504; x_wconf 81' lang='grc' dir='ltr'>τῆς</span> <span class='ocrx_word' id='word_1_4' title='bbox 857 434 1125 506; x_wconf 78' lang='grc' dir='ltr'>οὐρανίου.</span> <span class='ocrx_word' id='word_1_5' title='bbox 1158 434 1217 486; x_wconf 75' lang='grc' dir='ltr'>Εἰ</span> <span class='ocrx_word' id='word_1_6' title='bbox 1245 434 1351 505; x_wconf 75' lang='grc' dir='ltr'>γάρ</span> <span class='ocrx_word' id='word_1_7' title='bbox 1376 435 1449 506; x_wconf 82' lang='grc' dir='ltr'>μὴ</span> <span class='ocrx_word' id='word_1_8' title='bbox 1476 435 1668 504; x_wconf 83' lang='grc' dir='ltr'>γέεννα</span> <span class='ocrx_word' id='word_1_9' title='bbox 1698 432 1784 508; x_wconf 79' lang='grc' dir='ltr'>ἦν,</span> <span class='ocrx_word' id='word_1_10' title='bbox 1806 437 1867 490; x_wconf 78' lang='grc' dir='ltr'>τὸ</span> <span class='ocrx_word' id='word_1_11' title='bbox 1893 439 2015 500; x_wconf 80' lang='grc' dir='ltr'>τοὺς</span> <span class='ocrx_word' id='word_1_12' title='bbox 2047 434 2145 505; x_wconf 79' lang='grc' dir='ltr'>μὲν</span> 
     </span>
    </p>
   </div>
   <div class='ocr_carea' id='block_1_3' title="bbox 576 525 2140 597">
    <p class='ocr_par' dir='ltr' id='par_1_3' title="bbox 576 525 2140 597">
     <span class='ocr_line' id='line_1_3' title="bbox 576 525 2140 597; baseline 0.001 -19"><span class='ocrx_word' id='word_1_13' title='bbox 576 525 859 594; x_wconf 82' lang='grc' dir='ltr'>τιμᾶσθαι,</span> <span class='ocrx_word' id='word_1_14' title='bbox 894 526 1131 590; x_wconf 74' lang='grc' dir='ltr'>ἐκείνους</span> <span class='ocrx_word' id='word_1_15' title='bbox 1185 526 1239 577; x_wconf 85' lang='grc' dir='ltr'>δὲ</span> <span class='ocrx_word' id='word_1_16' title='bbox 1296 527 1679 597; x_wconf 74' lang='grc' dir='ltr'>ἀτιμάζεσθαι,</span> <span class='ocrx_word' id='word_1_17' title='bbox 1737 528 1900 581; x_wconf 83' lang='grc' dir='ltr'>πόσον</span> <span class='ocrx_word' id='word_1_18' title='bbox 1954 529 2140 592; x_wconf 87' lang='grc' dir='ltr'>ἐστίν;</span> 
     </span>
    </p>
   </div>
   <div class='ocr_carea' id='block_1_4' title="bbox 591 615 2142 689">
    <p class='ocr_par' dir='ltr' id='par_1_4' title="bbox 591 615 2142 689">
     <span class='ocr_line' id='line_1_4' title="bbox 591 615 2142 689; baseline 0.001 -22"><span class='ocrx_word' id='word_1_19' title='bbox 591 615 885 686; x_wconf 77' lang='grc' dir='ltr'>’Λφόρητος</span> <span class='ocrx_word' id='word_1_20' title='bbox 916 616 949 686; x_wconf 79' lang='grc' dir='ltr'>ἡ</span> <span class='ocrx_word' id='word_1_21' title='bbox 973 617 1184 683; x_wconf 82' lang='grc' dir='ltr'>γέεννα,</span> <span class='ocrx_word' id='word_1_22' title='bbox 1214 616 1476 683; x_wconf 77' lang='grc' dir='ltr'>ὁμολογῶ.</span> <span class='ocrx_word' id='word_1_23' title='bbox 1506 617 1598 670; x_wconf 76' lang='grc' dir='ltr'>καὶ</span> <span class='ocrx_word' id='word_1_24' title='bbox 1631 615 1830 687; x_wconf 70' lang='grc' dir='ltr'>σφόδρα</span> <span class='ocrx_word' id='word_1_25' title='bbox 1852 617 2142 689; x_wconf 66' lang='grc' dir='ltr'>ἀφόρητοςο</span> 
     </span>
    </p>
   </div>
   <div class='ocr_carea' id='block_1_5' title="bbox 578 705 2141 777">
    <p class='ocr_par' dir='ltr' id='par_1_5' title="bbox 578 705 2141 777">
     <span class='ocr_line' id='line_1_5' title="bbox 578 705 2141 777; baseline 0 -20"><span class='ocrx_word' id='word_1_26' title='bbox 578 706 719 774; x_wconf 83' lang='grc' dir='ltr'>πλὴν</span> <span class='ocrx_word' id='word_1_27' title='bbox 752 706 1125 777; x_wconf 84' lang='grc' dir='ltr'>ἀφορητοτέρα</span> <span class='ocrx_word' id='word_1_28' title='bbox 1152 706 1339 776; x_wconf 78' lang='grc' dir='ltr'>αὐτῆς,</span> <span class='ocrx_word' id='word_1_29' title='bbox 1366 706 1462 776; x_wconf 80' lang='grc' dir='ltr'>τῆς</span> <span class='ocrx_word' id='word_1_30' title='bbox 1496 706 1823 776; x_wconf 74' lang='grc' dir='ltr'>βασιλείαςή</span> <span class='ocrx_word' id='word_1_31' title='bbox 1849 705 2141 767; x_wconf 77' lang='grc' dir='ltr'>ἔκπτωσις.</span> 
     </span>
    </p>
   </div>
   <div class='ocr_carea' id='block_1_6' title="bbox 576 795 2144 868">
    <p class='ocr_par' dir='ltr' id='par_1_6' title="bbox 576 795 2144 868">
     <span class='ocr_line' id='line_1_6' title="bbox 576 795 2144 868; baseline -0.002 -17"><span class='ocrx_word' id='word_1_32' title='bbox 576 797 713 851; x_wconf 79' lang='grc' dir='ltr'>Είπὲ</span> <span class='ocrx_word' id='word_1_33' title='bbox 747 797 854 868; x_wconf 85' lang='grc' dir='ltr'>γάρ</span> <span class='ocrx_word' id='word_1_34' title='bbox 877 813 987 867; x_wconf 86' lang='grc' dir='ltr'>μοι’</span> <span class='ocrx_word' id='word_1_35' title='bbox 1019 797 1169 860; x_wconf 79' lang='grc' dir='ltr'>εἴτις</span> <span class='ocrx_word' id='word_1_36' title='bbox 1201 797 1472 866; x_wconf 72' lang='grc' dir='ltr'>βασιλεὺς,</span> <span class='ocrx_word' id='word_1_37' title='bbox 1492 798 1523 868; x_wconf 76' lang='grc' dir='ltr'><strong>ἢ</strong></span> <span class='ocrx_word' id='word_1_38' title='bbox 1547 798 1659 861; x_wconf 84' lang='grc' dir='ltr'>υίὸς</span> <span class='ocrx_word' id='word_1_39' title='bbox 1690 797 1958 867; x_wconf 82' lang='grc' dir='ltr'>βασιλέως</span> <span class='ocrx_word' id='word_1_40' title='bbox 1977 795 2144 849; x_wconf 87' lang='grc' dir='ltr'>ἀπελ-</span> 
     </span>
    </p>
   </div>
   <div class='ocr_carea' id='block_1_7' title="bbox 577 886 2143 960">
    <p class='ocr_par' dir='ltr' id='par_1_7' title="bbox 577 886 2143 960">
     <span class='ocr_line' id='line_1_7' title="bbox 577 886 2143 960; baseline 0.001 -20"><span class='ocrx_word' id='word_1_41' title='bbox 577 886 708 949; x_wconf 86' lang='grc' dir='ltr'>θὼν,</span> <span class='ocrx_word' id='word_1_42' title='bbox 740 888 836 942; x_wconf 76' lang='grc' dir='ltr'>καὶ</span> <span class='ocrx_word' id='word_1_43' title='bbox 866 887 1137 957; x_wconf 84' lang='grc' dir='ltr'>πολέμους</span> <span class='ocrx_word' id='word_1_44' title='bbox 1160 888 1509 958; x_wconf 76' lang='grc' dir='ltr'>κατορθώσας</span> <span class='ocrx_word' id='word_1_45' title='bbox 1541 888 1786 960; x_wconf 81' lang='grc' dir='ltr'>μυρίους,</span> <span class='ocrx_word' id='word_1_46' title='bbox 1808 890 1902 941; x_wconf 78' lang='grc' dir='ltr'>καὶ</span> <span class='ocrx_word' id='word_1_47' title='bbox 1931 888 2143 959; x_wconf 88' lang='grc' dir='ltr'>θαυμα-</span> 
     </span>
    </p>
   </div>
   <div class='ocr_carea' id='block_1_8' title="bbox 578 976 2144 1050">
    <p class='ocr_par' dir='ltr' id='par_1_8' title="bbox 578 976 2144 1050">
     <span class='ocr_line' id='line_1_8' title="bbox 578 976 2144 1050; baseline 0.001 -21"><span class='ocrx_word' id='word_1_48' title='bbox 578 976 748 1045; x_wconf 77' lang='grc' dir='ltr'>σθεὶς,</span> <span class='ocrx_word' id='word_1_49' title='bbox 788 978 880 1031; x_wconf 75' lang='grc' dir='ltr'>καὶ</span> <span class='ocrx_word' id='word_1_50' title='bbox 910 978 1047 1049; x_wconf 78' lang='grc' dir='ltr'>ἔχων</span> <span class='ocrx_word' id='word_1_51' title='bbox 1088 978 1449 1050; x_wconf 86' lang='grc' dir='ltr'>στρατόπεδον</span> <span class='ocrx_word' id='word_1_52' title='bbox 1496 979 1821 1049; x_wconf 84' lang='grc' dir='ltr'>ὀλόκληρον,</span> <span class='ocrx_word' id='word_1_53' title='bbox 1876 978 2144 1033; x_wconf 83' lang='grc' dir='ltr'>ἐπιϐαίνοι</span> 
     </span>
    </p>
   </div>
   <div class='ocr_carea' id='block_1_9' title="bbox 577 1051 2145 1140">
    <p class='ocr_par' dir='ltr' id='par_1_9' title="bbox 577 1051 2145 1140">
     <span class='ocr_line' id='line_1_9' title="bbox 577 1051 2145 1140; baseline 0.001 -21"><span class='ocrx_word' id='word_1_54' title='bbox 577 1068 784 1132; x_wconf 85' lang='grc' dir='ltr'>πόλεώς</span> <span class='ocrx_word' id='word_1_55' title='bbox 803 1085 949 1131; x_wconf 90' lang='grc' dir='ltr'>τινος</span> <span class='ocrx_word' id='word_1_56' title='bbox 974 1051 1113 1139; x_wconf 73' lang='grc' dir='ltr'>μετά</span> <span class='ocrx_word' id='word_1_57' title='bbox 1140 1068 1232 1122; x_wconf 88' lang='grc' dir='ltr'>τοῦ</span> <span class='ocrx_word' id='word_1_58' title='bbox 1257 1068 1503 1137; x_wconf 77' lang='grc' dir='ltr'>ζεύγους,</span> <span class='ocrx_word' id='word_1_59' title='bbox 1536 1070 1671 1139; x_wconf 86' lang='grc' dir='ltr'>μετά</span> <span class='ocrx_word' id='word_1_60' title='bbox 1691 1070 1986 1137; x_wconf 87' lang='grc' dir='ltr'>τροπαίων,</span> <span class='ocrx_word' id='word_1_61' title='bbox 2009 1071 2145 1140; x_wconf 86' lang='grc' dir='ltr'>μετά</span> 
     </span>
    </p>
   </div>
   <div class='ocr_carea' id='block_1_10' title="bbox 578 1157 2144 1231">
    <p class='ocr_par' dir='ltr' id='par_1_10' title="bbox 578 1157 2144 1231">
     <span class='ocr_line' id='line_1_10' title="bbox 578 1157 2144 1231; baseline 0.002 -21"><span class='ocrx_word' id='word_1_62' title='bbox 578 1157 787 1228; x_wconf 88' lang='grc' dir='ltr'>μυρίων</span> <span class='ocrx_word' id='word_1_63' title='bbox 808 1160 1102 1229; x_wconf 73' lang='grc' dir='ltr'><strong>ταγμάτων</strong></span> <span class='ocrx_word' id='word_1_64' title='bbox 1124 1160 1338 1212; x_wconf 88' lang='grc' dir='ltr'>πάντων</span> <span class='ocrx_word' id='word_1_65' title='bbox 1355 1160 1857 1231; x_wconf 87' lang='grc' dir='ltr'>χρυσοφορούντων,</span> <span class='ocrx_word' id='word_1_66' title='bbox 1878 1162 2016 1230; x_wconf 82' lang='grc' dir='ltr'>μετὰ</span> <span class='ocrx_word' id='word_1_67' title='bbox 2038 1160 2144 1214; x_wconf 83' lang='grc' dir='ltr'>τῶν</span> 
     </span>
    </p>
   </div>
   <div class='ocr_carea' id='block_1_11' title="bbox 575 1248 2144 1324">
    <p class='ocr_par' dir='ltr' id='par_1_11' title="bbox 575 1248 2144 1324">
     <span class='ocr_line' id='line_1_11' title="bbox 575 1248 2144 1324; baseline 0.003 -23"><span class='ocrx_word' id='word_1_68' title='bbox 575 1248 888 1320; x_wconf 86' lang='grc' dir='ltr'>δορυφόρων</span> <span class='ocrx_word' id='word_1_69' title='bbox 915 1250 1024 1303; x_wconf 91' lang='grc' dir='ltr'>τῶν</span> <span class='ocrx_word' id='word_1_70' title='bbox 1053 1267 1116 1304; x_wconf 83' lang='grc' dir='ltr'>πε</span> <span class='ocrx_word' id='word_1_71' title='bbox 1126 1251 1182 1321; x_wconf 85' lang='lat' dir='ltr'><strong><em>pl</em></strong></span> <span class='ocrx_word' id='word_1_72' title='bbox 1202 1252 1363 1305; x_wconf 81' lang='grc' dir='ltr'>αὑτὸν</span> <span class='ocrx_word' id='word_1_73' title='bbox 1388 1252 1643 1305; x_wconf 83' lang='grc' dir='ltr'>ἁπάντων</span> <span class='ocrx_word' id='word_1_74' title='bbox 1664 1251 1893 1317; x_wconf 82' lang='grc' dir='ltr'>ἀσπίδας</span> <span class='ocrx_word' id='word_1_75' title='bbox 1917 1254 2144 1324; x_wconf 86' lang='grc' dir='ltr'>ἐχόντων</span> 
     </span>
    </p>
   </div>
   <div class='ocr_carea' id='block_1_12' title="bbox 576 1340 2145 1414">
    <p class='ocr_par' dir='ltr' id='par_1_12' title="bbox 576 1340 2145 1414">
     <span class='ocr_line' id='line_1_12' title="bbox 576 1340 2145 1414; baseline 0.005 -24"><span class='ocrx_word' id='word_1_76' title='bbox 576 1341 805 1411; x_wconf 81' lang='grc' dir='ltr'>χρυσᾶς,</span> <span class='ocrx_word' id='word_1_77' title='bbox 838 1340 933 1393; x_wconf 74' lang='grc' dir='ltr'>καὶ</span> <span class='ocrx_word' id='word_1_78' title='bbox 975 1342 1121 1393; x_wconf 82' lang='grc' dir='ltr'>πᾶσα</span> <span class='ocrx_word' id='word_1_79' title='bbox 1159 1342 1191 1411; x_wconf 74' lang='grc' dir='ltr'><strong>ἡ</strong></span> <span class='ocrx_word' id='word_1_80' title='bbox 1227 1341 1380 1405; x_wconf 82' lang='grc' dir='ltr'>πόλις</span> <span class='ocrx_word' id='word_1_81' title='bbox 1425 1344 1844 1414; x_wconf 81' lang='grc' dir='ltr'>ἐστεφανωμένη</span> <span class='ocrx_word' id='word_1_82' title='bbox 1900 1346 2007 1414; x_wconf 86' lang='grc' dir='ltr'>εἴη,</span> <span class='ocrx_word' id='word_1_83' title='bbox 2054 1345 2145 1398; x_wconf 74' lang='grc' dir='ltr'>καὶ</span> 
     </span>
    </p>
   </div>
   <div class='ocr_carea' id='block_1_13' title="bbox 577 1431 2146 1505">
    <p class='ocr_par' dir='ltr' id='par_1_13' title="bbox 577 1431 2146 1505">
     <span class='ocr_line' id='line_1_13' title="bbox 577 1431 2146 1505; baseline 0.005 -23"><span class='ocrx_word' id='word_1_84' title='bbox 577 1431 775 1493; x_wconf 82' lang='grc' dir='ltr'>πάντες</span> <span class='ocrx_word' id='word_1_85' title='bbox 803 1432 851 1483; x_wconf 86' lang='grc' dir='ltr'>οἱ</span> <span class='ocrx_word' id='word_1_86' title='bbox 874 1432 967 1502; x_wconf 84' lang='grc' dir='ltr'>τῆς</span> <span class='ocrx_word' id='word_1_87' title='bbox 992 1433 1314 1503; x_wconf 76' lang='grc' dir='ltr'>οἰκουμένης</span> <span class='ocrx_word' id='word_1_88' title='bbox 1333 1433 1591 1505; x_wconf 79' lang='grc' dir='ltr'>ἄρχοντες</span> <span class='ocrx_word' id='word_1_89' title='bbox 1616 1436 1731 1503; x_wconf 87' lang='grc' dir='ltr'>μετ’</span> <span class='ocrx_word' id='word_1_90' title='bbox 1750 1434 1936 1499; x_wconf 79' lang='grc' dir='ltr'>αὐτοῦ,</span> <span class='ocrx_word' id='word_1_91' title='bbox 1962 1438 2146 1490; x_wconf 76' lang='grc' dir='ltr'>ἕποιτο</span> 
     </span>
    </p>
   </div>
   <div class='ocr_carea' id='block_1_14' title="bbox 575 1518 2145 1595">
    <p class='ocr_par' dir='ltr' id='par_1_14' title="bbox 575 1518 2145 1595">
     <span class='ocr_line' id='line_1_14' title="bbox 575 1518 2145 1595; baseline 0.007 -24"><span class='ocrx_word' id='word_1_92' title='bbox 575 1518 633 1571; x_wconf 86' lang='grc' dir='ltr'>δέ</span> <span class='ocrx_word' id='word_1_93' title='bbox 662 1519 808 1590; x_wconf 85' lang='grc' dir='ltr'>αὐτῷ</span> <span class='ocrx_word' id='word_1_94' title='bbox 843 1522 935 1581; x_wconf 78' lang='grc' dir='ltr'>καὶ</span> <span class='ocrx_word' id='word_1_95' title='bbox 968 1523 1112 1575; x_wconf 78' lang='grc' dir='ltr'>πᾶσα</span> <span class='ocrx_word' id='word_1_96' title='bbox 1165 1523 1368 1594; x_wconf 78' lang='grc' dir='ltr'>ἡλικία,</span> <span class='ocrx_word' id='word_1_97' title='bbox 1417 1525 1591 1578; x_wconf 81' lang='grc' dir='ltr'>ὀπίσω</span> <span class='ocrx_word' id='word_1_98' title='bbox 1630 1526 1933 1595; x_wconf 75' lang='grc' dir='ltr'>ἀλλογενῶν</span> <span class='ocrx_word' id='word_1_99' title='bbox 1978 1527 2145 1583; x_wconf 90' lang='grc' dir='ltr'>ἐθνῶν</span> 
     </span>
    </p>
   </div>
   <div class='ocr_carea' id='block_1_15' title="bbox 575 1609 2142 1689">
    <p class='ocr_par' dir='ltr' id='par_1_15' title="bbox 575 1609 2142 1689">
     <span class='ocr_line' id='line_1_15' title="bbox 575 1609 2142 1689; baseline 0.008 -28"><span class='ocrx_word' id='word_1_100' title='bbox 575 1609 888 1679; x_wconf 78' lang='grc' dir='ltr'>δεσμωτῶν,</span> <span class='ocrx_word' id='word_1_101' title='bbox 925 1613 1205 1682; x_wconf 82' lang='grc' dir='ltr'>ὑπάρχων,</span> <span class='ocrx_word' id='word_1_102' title='bbox 1229 1616 1542 1685; x_wconf 83' lang='grc' dir='ltr'>σατραπῶν,</span> <span class='ocrx_word' id='word_1_103' title='bbox 1575 1618 1817 1683; x_wconf 82' lang='grc' dir='ltr'>ὑπάτων,</span> <span class='ocrx_word' id='word_1_104' title='bbox 1844 1618 2142 1689; x_wconf 86' lang='grc' dir='ltr'>τυράννων,</span> 
     </span>
    </p>
   </div>
   <div class='ocr_carea' id='block_1_16' title="bbox 575 1699 2141 1783">
    <p class='ocr_par' dir='ltr' id='par_1_16' title="bbox 575 1699 2141 1783">
     <span class='ocr_line' id='line_1_16' title="bbox 575 1699 2141 1783; baseline 0.01 -31"><span class='ocrx_word' id='word_1_105' title='bbox 575 1701 871 1770; x_wconf 77' lang='grc' dir='ltr'>ἀρχόντων·</span> <span class='ocrx_word' id='word_1_106' title='bbox 892 1699 1009 1756; x_wconf 73' lang='grc' dir='ltr'>εἶτα</span> <span class='ocrx_word' id='word_1_107' title='bbox 1033 1705 1124 1757; x_wconf 79' lang='grc' dir='ltr'>ἐπὶ</span> <span class='ocrx_word' id='word_1_108' title='bbox 1145 1705 1363 1777; x_wconf 84' lang='grc' dir='ltr'>ἀπάσης</span> <span class='ocrx_word' id='word_1_109' title='bbox 1387 1707 1485 1777; x_wconf 81' lang='grc' dir='ltr'>τῆς</span> <span class='ocrx_word' id='word_1_110' title='bbox 1502 1708 1887 1781; x_wconf 84' lang='grc' dir='ltr'>λαμπρότητος</span> <span class='ocrx_word' id='word_1_111' title='bbox 1908 1713 2141 1783; x_wconf 81' lang='grc' dir='ltr'>ἐκείνης,</span> 
     </span>
    </p>
   </div>
   <div class='ocr_carea' id='block_1_17' title="bbox 575 1794 2147 1870">
    <p class='ocr_par' dir='ltr' id='par_1_17' title="bbox 575 1794 2147 1870">
     <span class='ocr_line' id='line_1_17' title="bbox 575 1794 2147 1870; baseline 0.007 -25"><span class='ocrx_word' id='word_1_112' title='bbox 575 1794 701 1855; x_wconf 71' lang='grc' dir='ltr'>τοὺς</span> <span class='ocrx_word' id='word_1_113' title='bbox 730 1794 1083 1858; x_wconf 79' lang='grc' dir='ltr'>ἀπαντῶντας</span> <span class='ocrx_word' id='word_1_114' title='bbox 1126 1795 1233 1848; x_wconf 84' lang='grc' dir='ltr'>τῶν</span> <span class='ocrx_word' id='word_1_115' title='bbox 1280 1796 1513 1851; x_wconf 88' lang='grc' dir='ltr'>πολιτῶν</span> <span class='ocrx_word' id='word_1_116' title='bbox 1544 1798 1749 1867; x_wconf 83' lang='grc' dir='ltr'>δέχοιτο</span> <span class='ocrx_word' id='word_1_117' title='bbox 1781 1800 1875 1857; x_wconf 73' lang='grc' dir='ltr'>καὶ</span> <span class='ocrx_word' id='word_1_118' title='bbox 1912 1817 2147 1870; x_wconf 79' lang='grc' dir='ltr'>καταφι-</span> 
     </span>
    </p>
   </div>
   <div class='ocr_carea' id='block_1_18' title="bbox 576 1884 2146 1964">
    <p class='ocr_par' dir='ltr' id='par_1_18' title="bbox 576 1884 2146 1964">
     <span class='ocr_line' id='line_1_18' title="bbox 576 1884 2146 1964; baseline 0.006 -28"><span class='ocrx_word' id='word_1_119' title='bbox 576 1884 714 1955; x_wconf 87' lang='grc' dir='ltr'>λοίη,</span> <span class='ocrx_word' id='word_1_120' title='bbox 741 1886 833 1938; x_wconf 81' lang='grc' dir='ltr'>καί</span> <span class='ocrx_word' id='word_1_121' title='bbox 871 1889 1027 1958; x_wconf 81' lang='grc' dir='ltr'>χεῖρα</span> <span class='ocrx_word' id='word_1_122' title='bbox 1057 1887 1276 1957; x_wconf 89' lang='grc' dir='ltr'>ὀρέγοι,</span> <span class='ocrx_word' id='word_1_123' title='bbox 1306 1890 1399 1943; x_wconf 72' lang='grc' dir='ltr'>καὶ</span> <span class='ocrx_word' id='word_1_124' title='bbox 1430 1891 1608 1959; x_wconf 83' lang='grc' dir='ltr'>πάσης</span> <span class='ocrx_word' id='word_1_125' title='bbox 1638 1892 1909 1960; x_wconf 79' lang='grc' dir='ltr'>μεταδιδοῖ</span> <span class='ocrx_word' id='word_1_126' title='bbox 1934 1895 2146 1964; x_wconf 74' lang='grc' dir='ltr'>παρρη-</span> 
     </span>
    </p>
   </div>
   <div class='ocr_carea' id='block_1_19' title="bbox 578 1976 2146 2055">
    <p class='ocr_par' dir='ltr' id='par_1_19' title="bbox 578 1976 2146 2055">
     <span class='ocr_line' id='line_1_19' title="bbox 578 1976 2146 2055; baseline 0.004 -26"><span class='ocrx_word' id='word_1_127' title='bbox 578 1976 732 2040; x_wconf 90' lang='grc' dir='ltr'>σίας,</span> <span class='ocrx_word' id='word_1_128' title='bbox 771 1977 804 2049; x_wconf 81' lang='grc' dir='ltr'><strong>ἢ</strong></span> <span class='ocrx_word' id='word_1_129' title='bbox 858 1977 949 2031; x_wconf 75' lang='grc' dir='ltr'>καὶ</span> <span class='ocrx_word' id='word_1_130' title='bbox 998 1978 1213 2032; x_wconf 86' lang='grc' dir='ltr'>πάντων</span> <span class='ocrx_word' id='word_1_131' title='bbox 1259 1978 1507 2033; x_wconf 81' lang='grc' dir='ltr'>ἑστώτων</span> <span class='ocrx_word' id='word_1_132' title='bbox 1544 1980 1875 2050; x_wconf 88' lang='grc' dir='ltr'>διαλέγοιτο,</span> <span class='ocrx_word' id='word_1_133' title='bbox 1905 1982 1981 2047; x_wconf 91' lang='grc' dir='ltr'>ώς</span> <span class='ocrx_word' id='word_1_134' title='bbox 2012 1984 2146 2055; x_wconf 80' lang='grc' dir='ltr'>πρὸς</span> 
     </span>
    </p>
   </div>
   <div class='ocr_carea' id='block_1_20' title="bbox 577 2068 2146 2144">
    <p class='ocr_par' dir='ltr' id='par_1_20' title="bbox 577 2068 2146 2144">
     <span class='ocr_line' id='line_1_20' title="bbox 577 2068 2146 2144; baseline 0.006 -26"><span class='ocrx_word' id='word_1_135' title='bbox 577 2068 783 2136; x_wconf 80' lang='grc' dir='ltr'>φίλους,</span> <span class='ocrx_word' id='word_1_136' title='bbox 823 2069 914 2123; x_wconf 76' lang='grc' dir='ltr'>καὶ</span> <span class='ocrx_word' id='word_1_137' title='bbox 945 2069 1089 2138; x_wconf 85' lang='grc' dir='ltr'>λέγοι</span> <span class='ocrx_word' id='word_1_138' title='bbox 1119 2071 1297 2123; x_wconf 83' lang='grc' dir='ltr'>πᾶσαν</span> <span class='ocrx_word' id='word_1_139' title='bbox 1328 2069 1425 2141; x_wconf 82' lang='grc' dir='ltr'>τὴν</span> <span class='ocrx_word' id='word_1_140' title='bbox 1454 2072 1573 2125; x_wconf 78' lang='grc' dir='ltr'>ὀδὸν</span> <span class='ocrx_word' id='word_1_141' title='bbox 1598 2073 1811 2144; x_wconf 81' lang='grc' dir='ltr'>ἐκείνην</span> <span class='ocrx_word' id='word_1_142' title='bbox 1850 2074 1917 2128; x_wconf 87' lang='grc' dir='ltr'>δι’</span> <span class='ocrx_word' id='word_1_143' title='bbox 1950 2075 2146 2138; x_wconf 67' lang='grc' dir='ltr'>αὐτοὺς</span> 
     </span>
    </p>
   </div>
   <div class='ocr_carea' id='block_1_21' title="bbox 578 2159 2147 2241">
    <p class='ocr_par' dir='ltr' id='par_1_21' title="bbox 578 2159 2147 2241">
     <span class='ocr_line' id='line_1_21' title="bbox 578 2159 2147 2241; baseline 0.003 -29"><span class='ocrx_word' id='word_1_144' title='bbox 578 2159 926 2241; x_wconf 70' lang='grc' dir='ltr'>πεποιῆσθαι,</span> <span class='ocrx_word' id='word_1_145' title='bbox 958 2161 1199 2226; x_wconf 74' lang='grc' dir='ltr'>καὶτοὺς</span> <span class='ocrx_word' id='word_1_146' title='bbox 1253 2160 1355 2231; x_wconf 81' lang='grc' dir='ltr'>μὲν</span> <span class='ocrx_word' id='word_1_147' title='bbox 1399 2163 1478 2226; x_wconf 86' lang='grc' dir='ltr'>εἰς</span> <span class='ocrx_word' id='word_1_148' title='bbox 1524 2163 1591 2217; x_wconf 74' lang='grc' dir='ltr'>τά</span> <span class='ocrx_word' id='word_1_149' title='bbox 1645 2163 1889 2235; x_wconf 81' lang='grc' dir='ltr'>βασίλεια</span> <span class='ocrx_word' id='word_1_150' title='bbox 1920 2165 2042 2233; x_wconf 83' lang='grc' dir='ltr'>ἄγοι</span> <span class='ocrx_word' id='word_1_151' title='bbox 2080 2163 2147 2217; x_wconf 88' lang='grc' dir='ltr'>τά</span> 
     </span>
    </p>
   </div>
   <div class='ocr_carea' id='block_1_22' title="bbox 578 2249 2147 2322">
    <p class='ocr_par' dir='ltr' id='par_1_22' title="bbox 578 2249 2147 2322">
     <span class='ocr_line' id='line_1_22' title="bbox 578 2249 2147 2322; baseline 0.003 -21"><span class='ocrx_word' id='word_1_152' title='bbox 578 2249 793 2313; x_wconf 79' lang='grc' dir='ltr'>ἑαυτοῦ,</span> <span class='ocrx_word' id='word_1_153' title='bbox 816 2250 941 2312; x_wconf 78' lang='grc' dir='ltr'>τοὺς</span> <span class='ocrx_word' id='word_1_154' title='bbox 962 2249 1018 2303; x_wconf 90' lang='grc' dir='ltr'>δέ</span> <span class='ocrx_word' id='word_1_155' title='bbox 1040 2250 1459 2321; x_wconf 89' lang='grc' dir='ltr'>καταλιμπάνοι,</span> <span class='ocrx_word' id='word_1_156' title='bbox 1488 2252 1660 2322; x_wconf 87' lang='grc' dir='ltr'>πόσης</span> <span class='ocrx_word' id='word_1_157' title='bbox 1691 2252 1963 2315; x_wconf 82' lang='grc' dir='ltr'>κολάσεως</span> <span class='ocrx_word' id='word_1_158' title='bbox 1990 2251 2147 2305; x_wconf 84' lang='grc' dir='ltr'>τοῦτο</span> 
     </span>
    </p>
   </div>
   <div class='ocr_carea' id='block_1_23' title="bbox 577 2340 2144 2419">
    <p class='ocr_par' dir='ltr' id='par_1_23' title="bbox 577 2340 2144 2419">
     <span class='ocr_line' id='line_1_23' title="bbox 577 2340 2144 2419; baseline 0.004 -28"><span class='ocrx_word' id='word_1_159' title='bbox 577 2340 675 2392; x_wconf 77' lang='grc' dir='ltr'>οὐκ</span> <span class='ocrx_word' id='word_1_160' title='bbox 698 2340 866 2404; x_wconf 78' lang='grc' dir='ltr'>ἀξιον,</span> <span class='ocrx_word' id='word_1_161' title='bbox 889 2342 936 2393; x_wconf 87' lang='grc' dir='ltr'>εἰ</span> <span class='ocrx_word' id='word_1_162' title='bbox 967 2340 1058 2393; x_wconf 72' lang='grc' dir='ltr'>καὶ</span> <span class='ocrx_word' id='word_1_163' title='bbox 1088 2340 1163 2413; x_wconf 79' lang='grc' dir='ltr'>μὴ</span> <span class='ocrx_word' id='word_1_164' title='bbox 1192 2340 1541 2409; x_wconf 76' lang='grc' dir='ltr'>κολάζονται;</span> <span class='ocrx_word' id='word_1_165' title='bbox 1570 2344 1629 2396; x_wconf 78' lang='lat' dir='ltr'><strong><em>El</em></strong></span> <span class='ocrx_word' id='word_1_166' title='bbox 1662 2343 1718 2396; x_wconf 83' lang='grc' dir='ltr'>δὲ</span> <span class='ocrx_word' id='word_1_167' title='bbox 1750 2343 1835 2419; x_wconf 75' lang='grc' dir='ltr'>ἐπ’</span> <span class='ocrx_word' id='word_1_168' title='bbox 1858 2343 2144 2415; x_wconf 87' lang='grc' dir='ltr'>ἀνθρώπου</span> 
     </span>
    </p>
   </div>
   <div class='ocr_carea' id='block_1_24' title="bbox 576 2429 2147 2507">
    <p class='ocr_par' dir='ltr' id='par_1_24' title="bbox 576 2429 2147 2507">
     <span class='ocr_line' id='line_1_24' title="bbox 576 2429 2147 2507; baseline 0.002 -23"><span class='ocrx_word' id='word_1_169' title='bbox 576 2429 721 2485; x_wconf 75' lang='grc' dir='ltr'>οὕτω</span> <span class='ocrx_word' id='word_1_170' title='bbox 745 2432 940 2502; x_wconf 77' lang='grc' dir='ltr'>πικρὸν</span> <span class='ocrx_word' id='word_1_171' title='bbox 974 2433 1033 2485; x_wconf 77' lang='grc' dir='ltr'>τὸ</span> <span class='ocrx_word' id='word_1_172' title='bbox 1063 2432 1162 2502; x_wconf 81' lang='grc' dir='ltr'>τῆς</span> <span class='ocrx_word' id='word_1_173' title='bbox 1188 2432 1345 2501; x_wconf 81' lang='grc' dir='ltr'>δόξης</span> <span class='ocrx_word' id='word_1_174' title='bbox 1381 2432 1583 2503; x_wconf 79' lang='grc' dir='ltr'>ταύτης</span> <span class='ocrx_word' id='word_1_175' title='bbox 1611 2432 1924 2500; x_wconf 84' lang='grc' dir='ltr'>ἀποπεσεῖν,</span> <span class='ocrx_word' id='word_1_176' title='bbox 1969 2434 2147 2507; x_wconf 78' lang='grc' dir='ltr'>πολλῷ</span> 
     </span>
    </p>
   </div>
   <div class='ocr_carea' id='block_1_25' title="bbox 583 2522 2143 2601">
    <p class='ocr_par' dir='ltr' id='par_1_25' title="bbox 583 2522 2143 2601">
     <span class='ocr_line' id='line_1_25' title="bbox 583 2522 2143 2601; baseline 0.004 -25"><span class='ocrx_word' id='word_1_177' title='bbox 583 2522 781 2592; x_wconf 78' lang='grc' dir='ltr'>μᾶλλον</span> <span class='ocrx_word' id='word_1_178' title='bbox 811 2523 901 2577; x_wconf 72' lang='grc' dir='ltr'>ἐπὶ</span> <span class='ocrx_word' id='word_1_179' title='bbox 937 2523 1102 2587; x_wconf 84' lang='grc' dir='ltr'>Θεοῦ,</span> <span class='ocrx_word' id='word_1_180' title='bbox 1135 2523 1261 2577; x_wconf 83' lang='grc' dir='ltr'>ὅταν</span> <span class='ocrx_word' id='word_1_181' title='bbox 1298 2526 1354 2576; x_wconf 77' lang='lat' dir='ltr'>al</span> <span class='ocrx_word' id='word_1_182' title='bbox 1382 2524 1493 2579; x_wconf 82' lang='grc' dir='ltr'>ἀνω</span> <span class='ocrx_word' id='word_1_183' title='bbox 1521 2525 1777 2596; x_wconf 88' lang='grc' dir='ltr'>δυνάμεις</span> <span class='ocrx_word' id='word_1_184' title='bbox 1810 2529 1978 2581; x_wconf 81' lang='grc' dir='ltr'>πᾶσαι</span> <span class='ocrx_word' id='word_1_185' title='bbox 2000 2545 2143 2601; x_wconf 90' lang='grc' dir='ltr'>παρ-</span> 
     </span>
    </p>
   </div>
   <div class='ocr_carea' id='block_1_26' title="bbox 588 2614 2145 2690">
    <p class='ocr_par' dir='ltr' id='par_1_26' title="bbox 588 2614 2145 2690">
     <span class='ocr_line' id='line_1_26' title="bbox 588 2614 2145 2690; baseline 0.004 -24"><span class='ocrx_word' id='word_1_186' title='bbox 588 2614 690 2667; x_wconf 90' lang='grc' dir='ltr'>ῶσι</span> <span class='ocrx_word' id='word_1_187' title='bbox 727 2614 865 2685; x_wconf 87' lang='grc' dir='ltr'>μετά</span> <span class='ocrx_word' id='word_1_188' title='bbox 902 2614 996 2669; x_wconf 82' lang='grc' dir='ltr'>τοῦ</span> <span class='ocrx_word' id='word_1_189' title='bbox 1028 2614 1318 2681; x_wconf 79' lang='grc' dir='ltr'>Βασιλέως,</span> <span class='ocrx_word' id='word_1_190' title='bbox 1352 2616 1478 2669; x_wconf 86' lang='grc' dir='ltr'>ὅταν</span> <span class='ocrx_word' id='word_1_191' title='bbox 1509 2618 1558 2670; x_wconf 79' lang='grc' dir='ltr'>οἱ</span> <span class='ocrx_word' id='word_1_192' title='bbox 1590 2616 1842 2690; x_wconf 88' lang='grc' dir='ltr'>δαίμονες</span> <span class='ocrx_word' id='word_1_193' title='bbox 1873 2618 2145 2690; x_wconf 81' lang='grc' dir='ltr'>δεδεμένοι</span> 
     </span>
    </p>
   </div>
   <div class='ocr_carea' id='block_1_27' title="bbox 578 2702 2145 2778">
    <p class='ocr_par' dir='ltr' id='par_1_27' title="bbox 578 2702 2145 2778">
     <span class='ocr_line' id='line_1_27' title="bbox 578 2702 2145 2778; baseline 0.004 -22"><span class='ocrx_word' id='word_1_194' title='bbox 578 2704 675 2756; x_wconf 73' lang='grc' dir='ltr'>καὶ</span> <span class='ocrx_word' id='word_1_195' title='bbox 702 2704 854 2757; x_wconf 89' lang='grc' dir='ltr'>κάτω</span> <span class='ocrx_word' id='word_1_196' title='bbox 881 2702 1144 2770; x_wconf 84' lang='grc' dir='ltr'>νεύοντες,</span> <span class='ocrx_word' id='word_1_197' title='bbox 1203 2706 1296 2758; x_wconf 76' lang='grc' dir='ltr'>καὶ</span> <span class='ocrx_word' id='word_1_198' title='bbox 1335 2707 1363 2758; x_wconf 92' lang='lat'>6</span> <span class='ocrx_word' id='word_1_199' title='bbox 1406 2705 1649 2770; x_wconf 72' lang='grc' dir='ltr'>διάϐολος</span> <span class='ocrx_word' id='word_1_200' title='bbox 1705 2708 1868 2770; x_wconf 75' lang='grc' dir='ltr'>αὐτὸς</span> <span class='ocrx_word' id='word_1_201' title='bbox 1922 2708 2145 2778; x_wconf 89' lang='grc' dir='ltr'>δέσμιος</span> 
     </span>
    </p>
   </div>
   <div class='ocr_carea' id='block_1_28' title="bbox 578 2795 2145 2868">
    <p class='ocr_par' dir='ltr' id='par_1_28' title="bbox 578 2795 2145 2868">
     <span class='ocr_line' id='line_1_28' title="bbox 578 2795 2145 2868; baseline 0.002 -18"><span class='ocrx_word' id='word_1_202' title='bbox 578 2795 797 2865; x_wconf 78' lang='grc' dir='ltr'>ἄγηται,</span> <span class='ocrx_word' id='word_1_203' title='bbox 832 2795 926 2849; x_wconf 82' lang='grc' dir='ltr'>καὶ</span> <span class='ocrx_word' id='word_1_204' title='bbox 953 2797 1103 2850; x_wconf 84' lang='grc' dir='ltr'>πᾶσα</span> <span class='ocrx_word' id='word_1_205' title='bbox 1136 2796 1286 2864; x_wconf 77' lang='grc' dir='ltr'>ἰσχὺς</span> <span class='ocrx_word' id='word_1_206' title='bbox 1319 2797 1351 2865; x_wconf 83' lang='grc' dir='ltr'><strong>ἡ</strong></span> <span class='ocrx_word' id='word_1_207' title='bbox 1386 2796 1758 2868; x_wconf 78' lang='grc' dir='ltr'>ἀντικειμένη,</span> <span class='ocrx_word' id='word_1_208' title='bbox 1812 2799 1939 2852; x_wconf 84' lang='grc' dir='ltr'>ὅταν</span> <span class='ocrx_word' id='word_1_209' title='bbox 1968 2802 2023 2854; x_wconf 90' lang='grc' dir='ltr'>αἰ</span> <span class='ocrx_word' id='word_1_210' title='bbox 2053 2800 2145 2853; x_wconf 86' lang='grc' dir='ltr'>δυ-</span> 
     </span>
    </p>
   </div>
   <div class='ocr_carea' id='block_1_29' title="bbox 576 2886 2145 2957">
    <p class='ocr_par' dir='ltr' id='par_1_29' title="bbox 576 2886 2145 2957">
     <span class='ocr_line' id='line_1_29' title="bbox 576 2886 2145 2957; baseline 0.002 -16"><span class='ocrx_word' id='word_1_211' title='bbox 576 2888 771 2956; x_wconf 83' lang='grc' dir='ltr'>νάμεις</span> <span class='ocrx_word' id='word_1_212' title='bbox 794 2886 901 2939; x_wconf 88' lang='grc' dir='ltr'>τῶν</span> <span class='ocrx_word' id='word_1_213' title='bbox 924 2887 1182 2957; x_wconf 73' lang='grc' dir='ltr'>οὐρανῶν.</span> <span class='ocrx_word' id='word_1_214' title='bbox 1202 2887 1325 2941; x_wconf 81' lang='grc' dir='ltr'>’ὁταν</span> <span class='ocrx_word' id='word_1_215' title='bbox 1352 2887 1511 2950; x_wconf 80' lang='grc' dir='ltr'>αὐτὸς</span> <span class='ocrx_word' id='word_1_216' title='bbox 1540 2887 1763 2957; x_wconf 77' lang='grc' dir='ltr'>ἔρχηται</span> <span class='ocrx_word' id='word_1_217' title='bbox 1798 2891 1890 2944; x_wconf 82' lang='grc' dir='ltr'>ἐπὶ</span> <span class='ocrx_word' id='word_1_218' title='bbox 1917 2890 2025 2944; x_wconf 89' lang='grc' dir='ltr'>τῶν</span> <span class='ocrx_word' id='word_1_219' title='bbox 2060 2907 2145 2944; x_wconf 81' lang='grc' dir='ltr'>νε-</span> 
     </span>
    </p>
   </div>
   <div class='ocr_carea' id='block_1_30' title="bbox 578 2977 2143 3052">
    <p class='ocr_par' dir='ltr' id='par_1_30' title="bbox 578 2977 2143 3052">
     <span class='ocr_line' id='line_1_30' title="bbox 578 2977 2143 3052; baseline 0.003 -21"><span class='ocrx_word' id='word_1_220' title='bbox 578 2978 773 3047; x_wconf 77' lang='grc' dir='ltr'>φελῶν.</span> <span class='ocrx_word' id='word_1_221' title='bbox 807 2977 1139 3031; x_wconf 86' lang='grc' dir='ltr'>Πιστεύσατέ</span> <span class='ocrx_word' id='word_1_222' title='bbox 1164 2996 1274 3048; x_wconf 89' lang='grc' dir='ltr'>μοι,</span> <span class='ocrx_word' id='word_1_223' title='bbox 1295 2980 1399 3031; x_wconf 74' lang='grc' dir='ltr'>ὑπὸ</span> <span class='ocrx_word' id='word_1_224' title='bbox 1425 2979 1525 3048; x_wconf 75' lang='grc' dir='ltr'>τῆς</span> <span class='ocrx_word' id='word_1_225' title='bbox 1547 2980 1737 3051; x_wconf 80' lang='grc' dir='ltr'>ὀδύνης</span> <span class='ocrx_word' id='word_1_226' title='bbox 1763 2980 1863 3049; x_wconf 85' lang='grc' dir='ltr'>τῆς</span> <span class='ocrx_word' id='word_1_227' title='bbox 1890 2981 2143 3052; x_wconf 81' lang='grc' dir='ltr'>κατεχού-</span> 
     </span>
    </p>
   </div>
   <div class='ocr_carea' id='block_1_31' title="bbox 580 3066 2140 3139">
    <p class='ocr_par' dir='ltr' id='par_1_31' title="bbox 580 3066 2140 3139">
     <span class='ocr_line' id='line_1_31' title="bbox 580 3066 2140 3139; baseline 0.003 -20"><span class='ocrx_word' id='word_1_228' title='bbox 580 3084 680 3138; x_wconf 75' lang='grc' dir='ltr'>σης</span> <span class='ocrx_word' id='word_1_229' title='bbox 715 3085 816 3137; x_wconf 89' lang='grc' dir='ltr'>μου</span> <span class='ocrx_word' id='word_1_230' title='bbox 848 3066 946 3138; x_wconf 82' lang='grc' dir='ltr'>τὴν</span> <span class='ocrx_word' id='word_1_231' title='bbox 978 3066 1151 3138; x_wconf 73' lang='grc' dir='ltr'>ψυχὴν</span> <span class='ocrx_word' id='word_1_232' title='bbox 1181 3067 1256 3137; x_wconf 84' lang='grc' dir='ltr'>τῷ</span> <span class='ocrx_word' id='word_1_233' title='bbox 1277 3068 1580 3137; x_wconf 83' lang='grc' dir='ltr'>διηγήματι</span> <span class='ocrx_word' id='word_1_234' title='bbox 1604 3068 1776 3139; x_wconf 86' lang='grc' dir='ltr'>τούτῳ</span> <span class='ocrx_word' id='word_1_235' title='bbox 1808 3072 1928 3125; x_wconf 74' lang='grc' dir='ltr'>οὐδὲ</span> <span class='ocrx_word' id='word_1_236' title='bbox 1958 3071 2140 3136; x_wconf 76' lang='grc' dir='ltr'>ἐξανύ-</span> 
     </span>
    </p>
   </div>
   <div class='ocr_carea' id='block_1_32' title="bbox 581 3156 2146 3232">
    <p class='ocr_par' dir='ltr' id='par_1_32' title="bbox 581 3156 2146 3232">
     <span class='ocr_line' id='line_1_32' title="bbox 581 3156 2146 3232; baseline 0.005 -24"><span class='ocrx_word' id='word_1_237' title='bbox 581 3174 670 3209; x_wconf 75' lang='grc' dir='ltr'>σαι</span> <span class='ocrx_word' id='word_1_238' title='bbox 701 3158 790 3209; x_wconf 67' lang='grc' dir='ltr'>τὸν</span> <span class='ocrx_word' id='word_1_239' title='bbox 822 3156 980 3214; x_wconf 85' lang='grc' dir='ltr'>λόγον</span> <span class='ocrx_word' id='word_1_240' title='bbox 1004 3156 1258 3226; x_wconf 88' lang='grc' dir='ltr'>δύναμαι.</span> <span class='ocrx_word' id='word_1_241' title='bbox 1300 3158 1672 3229; x_wconf 77' lang='grc' dir='ltr'>Ἐννοήσωμεν</span> <span class='ocrx_word' id='word_1_242' title='bbox 1705 3161 1878 3232; x_wconf 85' lang='grc' dir='ltr'>πόσης</span> <span class='ocrx_word' id='word_1_243' title='bbox 1912 3163 2146 3216; x_wconf 85' lang='grc' dir='ltr'>ἀποστε-</span> 
     </span>
    </p>
   </div>
   <div class='ocr_carea' id='block_1_33' title="bbox 583 3244 2146 3319">
    <p class='ocr_par' dir='ltr' id='par_1_33' title="bbox 583 3244 2146 3319">
     <span class='ocr_line' id='line_1_33' title="bbox 583 3244 2146 3319; baseline 0.004 -24"><span class='ocrx_word' id='word_1_244' title='bbox 583 3244 819 3315; x_wconf 85' lang='grc' dir='ltr'>ρούμεθα</span> <span class='ocrx_word' id='word_1_245' title='bbox 842 3245 1143 3316; x_wconf 77' lang='grc' dir='ltr'>δόξης,ἐξὸν</span> <span class='ocrx_word' id='word_1_246' title='bbox 1174 3244 1248 3317; x_wconf 81' lang='grc' dir='ltr'>μὴ</span> <span class='ocrx_word' id='word_1_247' title='bbox 1269 3246 1725 3318; x_wconf 69' lang='grc' dir='ltr'>ἀποστερηθῆναι.</span> <span class='ocrx_word' id='word_1_248' title='bbox 1745 3247 1816 3300; x_wconf 86' lang='grc' dir='ltr'>Τὸ</span> <span class='ocrx_word' id='word_1_249' title='bbox 1840 3248 1947 3319; x_wconf 72' lang='grc' dir='ltr'>γάρ</span> <span class='ocrx_word' id='word_1_250' title='bbox 1976 3248 2146 3302; x_wconf 82' lang='grc' dir='ltr'>δει·.ὀν</span> 
     </span>
    </p>
   </div>
   <div class='ocr_carea' id='block_1_34' title="bbox 582 3335 2142 3409">
    <p class='ocr_par' dir='ltr' id='par_1_34' title="bbox 582 3335 2142 3409">
     <span class='ocr_line' id='line_1_34' title="bbox 582 3335 2142 3409; baseline 0.003 -23"><span class='ocrx_word' id='word_1_251' title='bbox 582 3335 737 3387; x_wconf 80' lang='grc' dir='ltr'>τοῦτό</span> <span class='ocrx_word' id='word_1_252' title='bbox 772 3337 939 3392; x_wconf 82' lang='grc' dir='ltr'>ἐστιν,</span> <span class='ocrx_word' id='word_1_253' title='bbox 973 3338 1053 3390; x_wconf 82' lang='grc' dir='ltr'>ὅτι</span> <span class='ocrx_word' id='word_1_254' title='bbox 1085 3337 1263 3409; x_wconf 88' lang='grc' dir='ltr'>κύριοι</span> <span class='ocrx_word' id='word_1_255' title='bbox 1318 3338 1469 3402; x_wconf 72' lang='grc' dir='ltr'>ὀντες</span> <span class='ocrx_word' id='word_1_256' title='bbox 1500 3338 1595 3392; x_wconf 85' lang='grc' dir='ltr'>τοῦ</span> <span class='ocrx_word' id='word_1_257' title='bbox 1629 3339 1702 3409; x_wconf 78' lang='grc' dir='ltr'>μὴ</span> <span class='ocrx_word' id='word_1_258' title='bbox 1731 3339 1905 3393; x_wconf 86' lang='grc' dir='ltr'>ταῦτα</span> <span class='ocrx_word' id='word_1_259' title='bbox 1932 3338 2142 3404; x_wconf 80' lang='grc' dir='ltr'>παθεῖν,</span> 
     </span>
    </p>
   </div>
   <div class='ocr_carea' id='block_1_35' title="bbox 583 3425 2148 3500">
    <p class='ocr_par' dir='ltr' id='par_1_35' title="bbox 583 3425 2148 3500">
     <span class='ocr_line' id='line_1_35' title="bbox 583 3425 2148 3500; baseline 0.004 -24"><span class='ocrx_word' id='word_1_260' title='bbox 583 3425 884 3494; x_wconf 82' lang='grc' dir='ltr'>πάσχομεν.</span> <span class='ocrx_word' id='word_1_261' title='bbox 926 3425 1094 3479; x_wconf 78' lang='grc' dir='ltr'>Ὅταν</span> <span class='ocrx_word' id='word_1_262' title='bbox 1152 3426 1260 3497; x_wconf 75' lang='grc' dir='ltr'>γὰρ</span> <span class='ocrx_word' id='word_1_263' title='bbox 1292 3429 1418 3488; x_wconf 83' lang='grc' dir='ltr'>τοὺς</span> <span class='ocrx_word' id='word_1_264' title='bbox 1466 3427 1565 3498; x_wconf 89' lang='grc' dir='ltr'>μέν</span> <span class='ocrx_word' id='word_1_265' title='bbox 1594 3426 1813 3497; x_wconf 85' lang='grc' dir='ltr'>δέχηται</span> <span class='ocrx_word' id='word_1_266' title='bbox 1864 3427 2017 3500; x_wconf 78' lang='grc'>[505]</span> <span class='ocrx_word' id='word_1_267' title='bbox 2055 3429 2148 3482; x_wconf 83' lang='grc' dir='ltr'>καὶ</span> 
     </span>
    </p>
   </div>
   <div class='ocr_carea' id='block_1_36' title="bbox 579 3512 2149 3586">
    <p class='ocr_par' dir='ltr' id='par_1_36' title="bbox 579 3512 2149 3586">
     <span class='ocr_line' id='line_1_36' title="bbox 579 3512 2149 3586; baseline 0.004 -23"><span class='ocrx_word' id='word_1_268' title='bbox 579 3513 766 3583; x_wconf 76' lang='grc' dir='ltr'>ἀπάγῃ</span> <span class='ocrx_word' id='word_1_269' title='bbox 798 3512 932 3582; x_wconf 62' lang='grc' dir='ltr'>πρὶς</span> <span class='ocrx_word' id='word_1_270' title='bbox 966 3514 1055 3566; x_wconf 84' lang='grc' dir='ltr'>τὸν</span> <span class='ocrx_word' id='word_1_271' title='bbox 1089 3516 1302 3585; x_wconf 81' lang='grc' dir='ltr'>Πατέρα</span> <span class='ocrx_word' id='word_1_272' title='bbox 1335 3516 1414 3579; x_wconf 87' lang='grc' dir='ltr'>είς</span> <span class='ocrx_word' id='word_1_273' title='bbox 1469 3515 1595 3578; x_wconf 79' lang='grc' dir='ltr'>τοὺς</span> <span class='ocrx_word' id='word_1_274' title='bbox 1626 3516 1910 3586; x_wconf 81' lang='grc' dir='ltr'>οὐρανοὺς,</span> <span class='ocrx_word' id='word_1_275' title='bbox 1938 3517 2065 3582; x_wconf 81' lang='grc' dir='ltr'>τοὺς</span> <span class='ocrx_word' id='word_1_276' title='bbox 2090 3516 2149 3570; x_wconf 80' lang='grc' dir='ltr'>δὲ</span> 
     </span>
    </p>
   </div>
   <div class='ocr_carea' id='block_1_37' title="bbox 580 3604 2148 3674">
    <p class='ocr_par' dir='ltr' id='par_1_37' title="bbox 580 3604 2148 3674">
     <span class='ocr_line' id='line_1_37' title="bbox 580 3604 2148 3674; baseline 0.004 -18"><span class='ocrx_word' id='word_1_277' title='bbox 580 3606 738 3674; x_wconf 72' lang='grc' dir='ltr'>ἀφιῇ,</span> <span class='ocrx_word' id='word_1_278' title='bbox 769 3607 862 3660; x_wconf 73' lang='grc' dir='ltr'>καὶ</span> <span class='ocrx_word' id='word_1_279' title='bbox 887 3604 1141 3668; x_wconf 77' lang='grc' dir='ltr'>λαϐόντες</span> <span class='ocrx_word' id='word_1_280' title='bbox 1174 3605 1395 3674; x_wconf 79' lang='grc' dir='ltr'>ἄγγελοί</span> <span class='ocrx_word' id='word_1_281' title='bbox 1449 3623 1593 3668; x_wconf 80' lang='grc' dir='ltr'>τινες</span> <span class='ocrx_word' id='word_1_282' title='bbox 1624 3608 1855 3661; x_wconf 74' lang='grc' dir='ltr'>ἕλκωσιν</span> <span class='ocrx_word' id='word_1_283' title='bbox 1912 3608 2148 3673; x_wconf 75' lang='grc' dir='ltr'>ἄκοντας</span> 
     </span>
    </p>
   </div>
   <div class='ocr_carea' id='block_1_38' title="bbox 579 3695 2150 3774">
    <p class='ocr_par' dir='ltr' id='par_1_38' title="bbox 579 3695 2150 3774">
     <span class='ocr_line' id='line_1_38' title="bbox 579 3695 2150 3774; baseline 0.006 -27"><span class='ocrx_word' id='word_1_284' title='bbox 579 3697 672 3749; x_wconf 76' lang='grc' dir='ltr'>καὶ</span> <span class='ocrx_word' id='word_1_285' title='bbox 700 3695 1125 3766; x_wconf 87' lang='grc' dir='ltr'>δεδακρυμένους</span> <span class='ocrx_word' id='word_1_286' title='bbox 1186 3698 1281 3751; x_wconf 81' lang='grc' dir='ltr'>καὶ</span> <span class='ocrx_word' id='word_1_287' title='bbox 1314 3698 1464 3750; x_wconf 85' lang='grc' dir='ltr'>κάτω</span> <span class='ocrx_word' id='word_1_288' title='bbox 1500 3698 1749 3762; x_wconf 86' lang='grc' dir='ltr'>νεύοντας</span> <span class='ocrx_word' id='word_1_289' title='bbox 1811 3701 1903 3754; x_wconf 84' lang='grc' dir='ltr'>ἐπὶ</span> <span class='ocrx_word' id='word_1_290' title='bbox 1952 3701 2012 3755; x_wconf 80' lang='grc' dir='ltr'>τὸ</span> <span class='ocrx_word' id='word_1_291' title='bbox 2052 3703 2150 3774; x_wconf 83' lang='grc' dir='ltr'>τῆς</span> 
     </span>
    </p>
   </div>
   <div class='ocr_carea' id='block_1_39' title="bbox 579 3784 2148 3863">
    <p class='ocr_par' dir='ltr' id='par_1_39' title="bbox 579 3784 2148 3863">
     <span class='ocr_line' id='line_1_39' title="bbox 579 3784 2148 3863; baseline 0.006 -29"><span class='ocrx_word' id='word_1_292' title='bbox 579 3784 805 3853; x_wconf 78' lang='grc' dir='ltr'>γεέννης</span> <span class='ocrx_word' id='word_1_293' title='bbox 831 3785 961 3855; x_wconf 88' lang='grc' dir='ltr'>πῦρ,</span> <span class='ocrx_word' id='word_1_294' title='bbox 1014 3786 1226 3856; x_wconf 89' lang='grc' dir='ltr'>πρῶτον</span> <span class='ocrx_word' id='word_1_295' title='bbox 1256 3788 1884 3858; x_wconf 86' lang='grc' dir='ltr'>παραδειγματισθέντας</span> <span class='ocrx_word' id='word_1_296' title='bbox 1925 3791 2020 3846; x_wconf 76' lang='grc' dir='ltr'>ἐπὶ</span> <span class='ocrx_word' id='word_1_297' title='bbox 2050 3792 2148 3863; x_wconf 81' lang='grc' dir='ltr'>τῆς</span> 
     </span>
    </p>
   </div>
   <div class='ocr_carea' id='block_1_40' title="bbox 579 3874 2144 3952">
    <p class='ocr_par' dir='ltr' id='par_1_40' title="bbox 579 3874 2144 3952">
     <span class='ocr_line' id='line_1_40' title="bbox 579 3874 2144 3952; baseline 0.006 -26"><span class='ocrx_word' id='word_1_298' title='bbox 579 3874 898 3941; x_wconf 73' lang='grc' dir='ltr'>οἰκουμένης</span> <span class='ocrx_word' id='word_1_299' title='bbox 919 3875 1153 3944; x_wconf 83' lang='grc' dir='ltr'>ἀπάσης,</span> <span class='ocrx_word' id='word_1_300' title='bbox 1214 3877 1386 3947; x_wconf 87' lang='grc' dir='ltr'>πόσην</span> <span class='ocrx_word' id='word_1_301' title='bbox 1423 3878 1523 3931; x_wconf 81' lang='grc' dir='ltr'>οίει</span> <span class='ocrx_word' id='word_1_302' title='bbox 1582 3880 1679 3949; x_wconf 83' lang='grc' dir='ltr'>τὴν</span> <span class='ocrx_word' id='word_1_303' title='bbox 1722 3879 1913 3952; x_wconf 90' lang='grc' dir='ltr'>ὀδύνην</span> <span class='ocrx_word' id='word_1_304' title='bbox 1966 3879 2144 3949; x_wconf 76' lang='grc' dir='ltr'>εἷναις</span> 
     </span>
    </p>
   </div>
   <div class='ocr_carea' id='block_1_41' title="bbox 580 3961 2151 4044">
    <p class='ocr_par' dir='ltr' id='par_1_41' title="bbox 580 3961 2151 4044">
     <span class='ocr_line' id='line_1_41' title="bbox 580 3961 2151 4044; baseline 0.008 -30"><span class='ocrx_word' id='word_1_305' title='bbox 580 3962 906 4033; x_wconf 83' lang='grc' dir='ltr'>Σπεύδωμεν</span> <span class='ocrx_word' id='word_1_306' title='bbox 932 3961 1023 4019; x_wconf 83' lang='grc' dir='ltr'>οὗν</span> <span class='ocrx_word' id='word_1_307' title='bbox 1050 3966 1149 4030; x_wconf 70' lang='grc' dir='ltr'>ἕως</span> <span class='ocrx_word' id='word_1_308' title='bbox 1174 3968 1287 4019; x_wconf 69' lang='grc' dir='ltr'>ἐστὶ</span> <span class='ocrx_word' id='word_1_309' title='bbox 1312 3968 1523 4038; x_wconf 74' lang='grc' dir='ltr'>καιρὸς,</span> <span class='ocrx_word' id='word_1_310' title='bbox 1567 3970 1659 4022; x_wconf 71' lang='grc' dir='ltr'>καὶ</span> <span class='ocrx_word' id='word_1_311' title='bbox 1688 3970 1885 4042; x_wconf 80' lang='grc' dir='ltr'>πολλὴν</span> <span class='ocrx_word' id='word_1_312' title='bbox 1908 3972 2008 4044; x_wconf 81' lang='grc' dir='ltr'>τῆς</span> <span class='ocrx_word' id='word_1_313' title='bbox 2030 3975 2151 4026; x_wconf 84' lang='grc' dir='ltr'>ἐαυ-</span> 
     </span>
    </p>
   </div>
   <div class='ocr_carea' id='block_1_42' title="bbox 579 4052 2149 4131">
    <p class='ocr_par' dir='ltr' id='par_1_42' title="bbox 579 4052 2149 4131">
     <span class='ocr_line' id='line_1_42' title="bbox 579 4052 2149 4131; baseline 0.011 -28"><span class='ocrx_word' id='word_1_314' title='bbox 579 4052 687 4104; x_wconf 87' lang='grc' dir='ltr'>τῶν</span> <span class='ocrx_word' id='word_1_315' title='bbox 716 4053 983 4123; x_wconf 82' lang='grc' dir='ltr'>σωτηρίας</span> <span class='ocrx_word' id='word_1_316' title='bbox 1011 4056 1109 4128; x_wconf 76' lang='grc' dir='ltr'>τὴν</span> <span class='ocrx_word' id='word_1_317' title='bbox 1138 4059 1391 4128; x_wconf 78' lang='grc' dir='ltr'>φροντίδα</span> <span class='ocrx_word' id='word_1_318' title='bbox 1418 4060 1716 4131; x_wconf 87' lang='grc' dir='ltr'>ποιώμεθα.</span> <span class='ocrx_word' id='word_1_319' title='bbox 1746 4063 1893 4116; x_wconf 86' lang='grc' dir='ltr'>Πόσα</span> <span class='ocrx_word' id='word_1_320' title='bbox 1923 4065 2149 4120; x_wconf 85' lang='grc' dir='ltr'>τοιαῦτα</span> 
     </span>
    </p>
   </div>
   <div class='ocr_carea' id='block_1_43' title="bbox 579 4145 2147 4226">
    <p class='ocr_par' dir='ltr' id='par_1_43' title="bbox 579 4145 2147 4226">
     <span class='ocr_line' id='line_1_43' title="bbox 579 4145 2147 4226; baseline 0.008 -29"><span class='ocrx_word' id='word_1_321' title='bbox 579 4146 773 4216; x_wconf 78' lang='grc' dir='ltr'>ἔχομεν</span> <span class='ocrx_word' id='word_1_322' title='bbox 796 4149 968 4203; x_wconf 80' lang='grc' dir='ltr'>εἰπεῖν</span> <span class='ocrx_word' id='word_1_323' title='bbox 998 4145 1085 4204; x_wconf 78' lang='grc' dir='ltr'>οἷα</span> <span class='ocrx_word' id='word_1_324' title='bbox 1121 4153 1149 4204; x_wconf 97' lang='lat'>6</span> <span class='ocrx_word' id='word_1_325' title='bbox 1186 4152 1449 4217; x_wconf 74' lang='grc' dir='ltr'>πλούσιος·</span> <span class='ocrx_word' id='word_1_326' title='bbox 1492 4154 1558 4207; x_wconf 81' lang='grc' dir='ltr'>Εἴ</span> <span class='ocrx_word' id='word_1_327' title='bbox 1586 4172 1667 4215; x_wconf 80' lang='grc' dir='ltr'>τις</span> <span class='ocrx_word' id='word_1_328' title='bbox 1700 4156 1846 4226; x_wconf 80' lang='grc' dir='ltr'>ἡμᾶς</span> <span class='ocrx_word' id='word_1_329' title='bbox 1880 4156 1974 4209; x_wconf 92' lang='grc' dir='ltr'>νῦν</span> <span class='ocrx_word' id='word_1_330' title='bbox 2026 4173 2147 4209; x_wconf 82' lang='grc' dir='ltr'>συν-</span> 
     </span>
    </p>
   </div>
   <div class='ocr_carea' id='block_1_44' title="bbox 578 4238 2143 4319">
    <p class='ocr_par' dir='ltr' id='par_1_44' title="bbox 578 4238 2143 4319">
     <span class='ocr_line' id='line_1_44' title="bbox 578 4238 2143 4319; baseline 0.006 -28"><span class='ocrx_word' id='word_1_331' title='bbox 578 4238 794 4310; x_wconf 86' lang='grc' dir='ltr'>εχώρει,</span> <span class='ocrx_word' id='word_1_332' title='bbox 822 4241 1257 4311; x_wconf 76' lang='grc' dir='ltr'>ἐϐουλευσάμεθα</span> <span class='ocrx_word' id='word_1_333' title='bbox 1284 4246 1348 4300; x_wconf 85' lang='grc' dir='ltr'>ἀν</span> <span class='ocrx_word' id='word_1_334' title='bbox 1379 4263 1429 4299; x_wconf 89' lang='grc' dir='ltr'>τι</span> <span class='ocrx_word' id='word_1_335' title='bbox 1450 4246 1558 4299; x_wconf 87' lang='grc' dir='ltr'>τῶν</span> <span class='ocrx_word' id='word_1_336' title='bbox 1582 4248 1987 4319; x_wconf 69' lang='grc' dir='ltr'>συμφερόντων*</span> <span class='ocrx_word' id='word_1_337' title='bbox 2029 4248 2143 4301; x_wconf 78' lang='grc' dir='ltr'>ἀλλ’</span> 
     </span>
    </p>
   </div>
   <div class='ocr_carea' id='block_1_45' title="bbox 578 4328 2144 4407">
    <p class='ocr_par' dir='ltr' id='par_1_45' title="bbox 578 4328 2144 4407">
     <span class='ocr_line' id='line_1_45' title="bbox 578 4328 2144 4407; baseline 0.007 -27"><span class='ocrx_word' id='word_1_338' title='bbox 578 4328 756 4392; x_wconf 73' lang='grc' dir='ltr'>οὐδεὶς</span> <span class='ocrx_word' id='word_1_339' title='bbox 780 4331 1004 4403; x_wconf 78' lang='grc' dir='ltr'>ἀφίησιί</span> <span class='ocrx_word' id='word_1_340' title='bbox 1072 4335 1179 4388; x_wconf 81' lang='grc' dir='ltr'>Καὶ</span> <span class='ocrx_word' id='word_1_341' title='bbox 1231 4335 1313 4388; x_wconf 87' lang='grc' dir='ltr'>ὅτι</span> <span class='ocrx_word' id='word_1_342' title='bbox 1368 4336 1622 4407; x_wconf 81' lang='grc' dir='ltr'>ἐροῦμεν,</span> <span class='ocrx_word' id='word_1_343' title='bbox 1655 4337 1777 4407; x_wconf 78' lang='grc' dir='ltr'>οὐχὶ</span> <span class='ocrx_word' id='word_1_344' title='bbox 1801 4337 1896 4391; x_wconf 79' lang='grc' dir='ltr'>ἀπ’</span> <span class='ocrx_word' id='word_1_345' title='bbox 1934 4339 2144 4393; x_wconf 87' lang='grc' dir='ltr'>ἐκείνου</span> 
     </span>
    </p>
   </div>
   <div class='ocr_carea' id='block_1_46' title="bbox 584 4423 2144 4499">
    <p class='ocr_par' dir='ltr' id='par_1_46' title="bbox 584 4423 2144 4499">
     <span class='ocr_line' id='line_1_46' title="bbox 584 4423 2144 4499; baseline 0.007 -22"><span class='ocrx_word' id='word_1_346' title='bbox 584 4423 743 4493; x_wconf 89' lang='grc' dir='ltr'>μόνου</span> <span class='ocrx_word' id='word_1_347' title='bbox 773 4426 950 4499; x_wconf 86' lang='grc' dir='ltr'>δῆλον,</span> <span class='ocrx_word' id='word_1_348' title='bbox 982 4428 1117 4483; x_wconf 90' lang='grc' dir='ltr'>ἀλλά</span> <span class='ocrx_word' id='word_1_349' title='bbox 1155 4431 1245 4483; x_wconf 79' lang='grc' dir='ltr'>καὶ</span> <span class='ocrx_word' id='word_1_350' title='bbox 1277 4431 1385 4484; x_wconf 84' lang='grc' dir='ltr'>ἀπὸ</span> <span class='ocrx_word' id='word_1_351' title='bbox 1430 4432 1605 4486; x_wconf 79' lang='grc' dir='ltr'>ἄλλων</span> <span class='ocrx_word' id='word_1_352' title='bbox 1639 4433 1870 4487; x_wconf 86' lang='grc' dir='ltr'>πολλῶν.</span> <span class='ocrx_word' id='word_1_353' title='bbox 1914 4434 2026 4488; x_wconf 81' lang='lat' dir='ltr'><strong><em>Kal</em></strong></span> <span class='ocrx_word' id='word_1_354' title='bbox 2057 4433 2144 4488; x_wconf 77' lang='grc' dir='ltr'>ἵνα</span> 
     </span>
    </p>
   </div>
   <div class='ocr_carea' id='block_1_47' title="bbox 1252 316 3081 380">
    <p class='ocr_par' dir='ltr' id='par_1_47' title="bbox 1252 316 3081 380">
     <span class='ocr_line' id='line_1_47' title="bbox 1252 316 3081 380; baseline 0.003 -10"><span class='ocrx_word' id='word_1_355' title='bbox 1252 319 1610 377; x_wconf 69' lang='lat' dir='ltr'>SJOANNIS</span> <span class='ocrx_word' id='word_1_356' title='bbox 1647 317 2134 376; x_wconf 73' lang='lat' dir='ltr'>CHRYSOSTOMI</span> <span class='ocrx_word' id='word_1_357' title='bbox 2169 316 2489 378; x_wconf 75' lang='lat' dir='ltr'>ARCHIEP.</span> <span class='ocrx_word' id='word_1_358' title='bbox 2530 321 3081 380; x_wconf 81' lang='lat' dir='ltr'>CONSTANTINOP.</span> 
     </span>
    </p>
   </div>
   <div class='ocr_carea' id='block_1_48' title="bbox 3724 326 3831 381">
    <p class='ocr_par' dir='ltr' id='par_1_48' title="bbox 3724 326 3831 381">
     <span class='ocr_line' id='line_1_48' title="bbox 3724 326 3831 381; baseline -0.028 0"><span class='ocrx_word' id='word_1_359' title='bbox 3724 326 3831 381; x_wconf 69' lang='lat'>9.89</span> 
     </span>
    </p>
   </div>
   <div class='ocr_carea' id='block_1_49' title="bbox 2256 432 3827 508">
    <p class='ocr_par' dir='ltr' id='par_1_49' title="bbox 2256 432 3827 508">
     <span class='ocr_line' id='line_1_49' title="bbox 2256 432 3827 508; baseline 0.004 -20"><span class='ocrx_word' id='word_1_360' title='bbox 2256 436 2455 507; x_wconf 82' lang='grc' dir='ltr'>μάθῃς,</span> <span class='ocrx_word' id='word_1_361' title='bbox 2491 436 2647 488; x_wconf 88' lang='grc' dir='ltr'>πόσοι</span> <span class='ocrx_word' id='word_1_362' title='bbox 2699 437 2756 488; x_wconf 90' lang='grc' dir='ltr'>ἐν</span> <span class='ocrx_word' id='word_1_363' title='bbox 2816 437 3034 508; x_wconf 86' lang='grc' dir='ltr'>πυρετῷ</span> <span class='ocrx_word' id='word_1_364' title='bbox 3060 436 3325 506; x_wconf 81' lang='grc' dir='ltr'>ἐγένοντο,</span> <span class='ocrx_word' id='word_1_365' title='bbox 3358 437 3452 491; x_wconf 78' lang='grc' dir='ltr'>καὶ</span> <span class='ocrx_word' id='word_1_366' title='bbox 3497 432 3668 506; x_wconf 75' lang='grc' dir='ltr'>εἷπον,</span> <span class='ocrx_word' id='word_1_367' title='bbox 3699 439 3827 494; x_wconf 81' lang='grc' dir='ltr'>Ἐὰν</span> 
     </span>
    </p>
   </div>
   <div class='ocr_carea' id='block_1_50' title="bbox 2252 527 3825 602">
    <p class='ocr_par' dir='ltr' id='par_1_50' title="bbox 2252 527 3825 602">
     <span class='ocr_line' id='line_1_50' title="bbox 2252 527 3825 602; baseline 0.003 -23"><span class='ocrx_word' id='word_1_368' title='bbox 2252 527 2686 597; x_wconf 85' lang='grc' dir='ltr'>ἀνακτησώμεθα</span> <span class='ocrx_word' id='word_1_369' title='bbox 2732 528 2978 592; x_wconf 70' lang='grc' dir='ltr'>ἑαυτοὺς,</span> <span class='ocrx_word' id='word_1_370' title='bbox 3015 528 3193 581; x_wconf 87' lang='grc' dir='ltr'>ούκέτι</span> <span class='ocrx_word' id='word_1_371' title='bbox 3247 530 3359 592; x_wconf 89' lang='grc' dir='ltr'>τοῖς</span> <span class='ocrx_word' id='word_1_372' title='bbox 3384 529 3565 592; x_wconf 78' lang='grc' dir='ltr'>αὐτοῖς</span> <span class='ocrx_word' id='word_1_373' title='bbox 3594 547 3825 602; x_wconf 76' lang='grc' dir='ltr'>περιπε-</span> 
     </span>
    </p>
   </div>
   <div class='ocr_carea' id='block_1_51' title="bbox 2254 615 3832 691">
    <p class='ocr_par' dir='ltr' id='par_1_51' title="bbox 2254 615 3832 691">
     <span class='ocr_line' id='line_1_51' title="bbox 2254 615 3832 691; baseline 0.004 -24"><span class='ocrx_word' id='word_1_374' title='bbox 2254 615 2519 685; x_wconf 80' lang='grc' dir='ltr'>σούμεθαί</span> <span class='ocrx_word' id='word_1_375' title='bbox 2577 617 2751 670; x_wconf 80' lang='grc' dir='ltr'>[Ιολλά</span> <span class='ocrx_word' id='word_1_376' title='bbox 2784 617 3009 672; x_wconf 85' lang='grc' dir='ltr'>τοιαῦτα</span> <span class='ocrx_word' id='word_1_377' title='bbox 3041 619 3274 691; x_wconf 84' lang='grc' dir='ltr'>ἐροῦμεν</span> <span class='ocrx_word' id='word_1_378' title='bbox 3310 619 3455 683; x_wconf 89' lang='grc' dir='ltr'>τότε,</span> <span class='ocrx_word' id='word_1_379' title='bbox 3489 619 3627 673; x_wconf 81' lang='grc' dir='ltr'>ἀλλά</span> <span class='ocrx_word' id='word_1_380' title='bbox 3666 622 3832 674; x_wconf 73' lang='grc' dir='ltr'>ἀκουε-</span> 
     </span>
    </p>
   </div>
   <div class='ocr_carea' id='block_1_52' title="bbox 2254 706 3820 779">
    <p class='ocr_par' dir='ltr' id='par_1_52' title="bbox 2254 706 3820 779">
     <span class='ocr_line' id='line_1_52' title="bbox 2254 706 3820 779; baseline 0.004 -21"><span class='ocrx_word' id='word_1_381' title='bbox 2254 706 2458 775; x_wconf 85' lang='grc' dir='ltr'>σόμεθα</span> <span class='ocrx_word' id='word_1_382' title='bbox 2484 706 2626 778; x_wconf 81' lang='grc' dir='ltr'>ἅπερ</span> <span class='ocrx_word' id='word_1_383' title='bbox 2653 710 2682 761; x_wconf 93' lang='lat'>6</span> <span class='ocrx_word' id='word_1_384' title='bbox 2710 707 2982 772; x_wconf 87' lang='grc' dir='ltr'>πλούσιος,</span> <span class='ocrx_word' id='word_1_385' title='bbox 3010 709 3089 761; x_wconf 76' lang='grc' dir='ltr'>ὅτι</span> <span class='ocrx_word' id='word_1_386' title='bbox 3125 708 3312 779; x_wconf 87' lang='grc' dir='ltr'>χάσμα</span> <span class='ocrx_word' id='word_1_387' title='bbox 3340 710 3487 764; x_wconf 79' lang='grc' dir='ltr'>ἐστὶν</span> <span class='ocrx_word' id='word_1_388' title='bbox 3510 748 3525 772; x_wconf 93' lang='grc'>,</span> <span class='ocrx_word' id='word_1_389' title='bbox 3586 711 3670 763; x_wconf 82' lang='grc' dir='ltr'>ὅτι</span> <span class='ocrx_word' id='word_1_390' title='bbox 3727 712 3820 764; x_wconf 72' lang='grc' dir='ltr'>ἀπα</span> 
     </span>
    </p>
   </div>
   <div class='ocr_carea' id='block_1_53' title="bbox 2252 795 3827 870">
    <p class='ocr_par' dir='ltr' id='par_1_53' title="bbox 2252 795 3827 870">
     <span class='ocr_line' id='line_1_53' title="bbox 2252 795 3827 870; baseline 0.005 -23"><span class='ocrx_word' id='word_1_391' title='bbox 2252 795 2515 867; x_wconf 70' lang='grc' dir='ltr'>ελάόομεν</span> <span class='ocrx_word' id='word_1_392' title='bbox 2548 802 2614 852; x_wconf 81' lang='grc' dir='ltr'>τά</span> <span class='ocrx_word' id='word_1_393' title='bbox 2644 797 2825 867; x_wconf 84' lang='grc' dir='ltr'>ἀγαθὰ</span> <span class='ocrx_word' id='word_1_394' title='bbox 2856 798 3408 870; x_wconf 88' lang='grc' dir='ltr'>ἐνταῦθα.Στένωμεν</span> <span class='ocrx_word' id='word_1_395' title='bbox 3435 796 3827 870; x_wconf 80' lang='grc' dir='ltr'>οὖν,παρακα-</span> 
     </span>
    </p>
   </div>
   <div class='ocr_carea' id='block_1_54' title="bbox 2251 888 3829 962">
    <p class='ocr_par' dir='ltr' id='par_1_54' title="bbox 2251 888 3829 962">
     <span class='ocr_line' id='line_1_54' title="bbox 2251 888 3829 962; baseline 0.003 -23"><span class='ocrx_word' id='word_1_396' title='bbox 2251 888 2345 951; x_wconf 91' lang='grc' dir='ltr'>λῶ,</span> <span class='ocrx_word' id='word_1_397' title='bbox 2377 888 2591 958; x_wconf 89' lang='grc' dir='ltr'>πικρόν·</span> <span class='ocrx_word' id='word_1_398' title='bbox 2629 889 2827 960; x_wconf 82' lang='grc' dir='ltr'>μᾶλλον</span> <span class='ocrx_word' id='word_1_399' title='bbox 2863 889 2919 943; x_wconf 86' lang='grc' dir='ltr'>δέ</span> <span class='ocrx_word' id='word_1_400' title='bbox 2951 891 3027 962; x_wconf 85' lang='grc' dir='ltr'>μὴ</span> <span class='ocrx_word' id='word_1_401' title='bbox 3061 890 3218 961; x_wconf 84' lang='grc' dir='ltr'>μόνον</span> <span class='ocrx_word' id='word_1_402' title='bbox 3249 891 3545 962; x_wconf 83' lang='grc' dir='ltr'>στένωμεν,</span> <span class='ocrx_word' id='word_1_403' title='bbox 3569 892 3707 945; x_wconf 89' lang='grc' dir='ltr'>ἀλλά</span> <span class='ocrx_word' id='word_1_404' title='bbox 3736 893 3829 946; x_wconf 71' lang='grc' dir='ltr'>καὶ</span> 
     </span>
    </p>
   </div>
   <div class='ocr_carea' id='block_1_55' title="bbox 2254 976 3825 1053">
    <p class='ocr_par' dir='ltr' id='par_1_55' title="bbox 2254 976 3825 1053">
     <span class='ocr_line' id='line_1_55' title="bbox 2254 976 3825 1053; baseline 0.004 -24"><span class='ocrx_word' id='word_1_405' title='bbox 2254 976 2597 1050; x_wconf 80' lang='grc' dir='ltr'>μετέλθωμεν</span> <span class='ocrx_word' id='word_1_406' title='bbox 2621 979 2718 1051; x_wconf 78' lang='grc' dir='ltr'>τὴν</span> <span class='ocrx_word' id='word_1_407' title='bbox 2744 981 2964 1052; x_wconf 87' lang='grc' dir='ltr'>ἀρετήν.</span> <span class='ocrx_word' id='word_1_408' title='bbox 3007 981 3369 1052; x_wconf 85' lang='grc' dir='ltr'>Πενθήσωμεν</span> <span class='ocrx_word' id='word_1_409' title='bbox 3388 980 3484 1034; x_wconf 85' lang='grc' dir='ltr'>νῦν</span> <span class='ocrx_word' id='word_1_410' title='bbox 3515 982 3611 1035; x_wconf 69' lang='grc' dir='ltr'>ἐπὶ</span> <span class='ocrx_word' id='word_1_411' title='bbox 3648 999 3825 1053; x_wconf 89' lang='grc' dir='ltr'>σωτη-</span> 
     </span>
    </p>
   </div>
   <div class='ocr_carea' id='block_1_56' title="bbox 2238 1062 3822 1141">
    <p class='ocr_par' dir='ltr' id='par_1_56' title="bbox 2238 1062 3822 1141">
     <span class='ocr_line' id='line_1_56' title="bbox 2238 1062 3822 1141; baseline 0.004 -25"><span class='ocrx_word' id='word_1_412' title='bbox 2238 1062 2363 1138; x_wconf 71' lang='grc' dir='ltr'>ρίᾳ,</span> <span class='ocrx_word' id='word_1_413' title='bbox 2401 1065 2487 1121; x_wconf 79' lang='grc' dir='ltr'>ἵνα</span> <span class='ocrx_word' id='word_1_414' title='bbox 2519 1067 2594 1138; x_wconf 80' lang='grc' dir='ltr'>μὴ</span> <span class='ocrx_word' id='word_1_415' title='bbox 2620 1068 2742 1122; x_wconf 83' lang='grc' dir='ltr'>τότε</span> <span class='ocrx_word' id='word_1_416' title='bbox 2770 1068 3127 1140; x_wconf 82' lang='grc' dir='ltr'>πενθήσωμεν</span> <span class='ocrx_word' id='word_1_417' title='bbox 3151 1070 3296 1139; x_wconf 78' lang='grc' dir='ltr'>είκῆ’</span> <span class='ocrx_word' id='word_1_418' title='bbox 3323 1070 3650 1141; x_wconf 86' lang='grc' dir='ltr'>κλαύσωμεν</span> <span class='ocrx_word' id='word_1_419' title='bbox 3708 1072 3822 1135; x_wconf 90' lang='grc' dir='ltr'>νῦν,</span> 
     </span>
    </p>
   </div>
   <div class='ocr_carea' id='block_1_57' title="bbox 2252 1155 3826 1234">
    <p class='ocr_par' dir='ltr' id='par_1_57' title="bbox 2252 1155 3826 1234">
     <span class='ocr_line' id='line_1_57' title="bbox 2252 1155 3826 1234; baseline 0.004 -25"><span class='ocrx_word' id='word_1_420' title='bbox 2252 1158 2344 1210; x_wconf 74' lang='grc' dir='ltr'>καὶ</span> <span class='ocrx_word' id='word_1_421' title='bbox 2374 1157 2449 1229; x_wconf 83' lang='grc' dir='ltr'>μὴ</span> <span class='ocrx_word' id='word_1_422' title='bbox 2487 1159 2608 1212; x_wconf 89' lang='grc' dir='ltr'>τότε</span> <span class='ocrx_word' id='word_1_423' title='bbox 2630 1158 2937 1230; x_wconf 84' lang='grc' dir='ltr'>κλαύσομεν</span> <span class='ocrx_word' id='word_1_424' title='bbox 2959 1160 3051 1213; x_wconf 76' lang='grc' dir='ltr'>ἐπὶ</span> <span class='ocrx_word' id='word_1_425' title='bbox 3081 1160 3270 1231; x_wconf 66' lang='grc' dir='ltr'>κακίᾳ.⁸</span> <span class='ocrx_word' id='word_1_426' title='bbox 3305 1155 3458 1224; x_wconf 72' lang='grc' dir='ltr'>οὗτος</span> <span class='ocrx_word' id='word_1_427' title='bbox 3486 1163 3515 1214; x_wconf 91' lang='grc' dir='ltr'>ὀ</span> <span class='ocrx_word' id='word_1_428' title='bbox 3549 1161 3826 1234; x_wconf 79' lang='grc' dir='ltr'>κλαυθμὸς</span> 
     </span>
    </p>
   </div>
   <div class='ocr_carea' id='block_1_58' title="bbox 2250 1248 3822 1324">
    <p class='ocr_par' dir='ltr' id='par_1_58' title="bbox 2250 1248 3822 1324">
     <span class='ocr_line' id='line_1_58' title="bbox 2250 1248 3822 1324; baseline 0.003 -20"><span class='ocrx_word' id='word_1_429' title='bbox 2250 1248 2471 1321; x_wconf 83' lang='grc' dir='ltr'>ἀρετῆς,</span> <span class='ocrx_word' id='word_1_430' title='bbox 2525 1252 2731 1314; x_wconf 90' lang='grc' dir='ltr'>ἐκεῖνος</span> <span class='ocrx_word' id='word_1_431' title='bbox 2780 1249 3088 1320; x_wconf 77' lang='grc' dir='ltr'>ἀνωφελοῦς</span> <span class='ocrx_word' id='word_1_432' title='bbox 3140 1252 3427 1322; x_wconf 86' lang='grc' dir='ltr'>μετανοίας</span> <span class='ocrx_word' id='word_1_433' title='bbox 3456 1265 3506 1294; x_wconf 74' lang='grc' dir='ltr'>ι·</span> <span class='ocrx_word' id='word_1_434' title='bbox 3543 1253 3822 1324; x_wconf 71' lang='grc' dir='ltr'>θλίψωμεν</span> 
     </span>
    </p>
   </div>
   <div class='ocr_carea' id='block_1_59' title="bbox 2252 1340 3822 1413">
    <p class='ocr_par' dir='ltr' id='par_1_59' title="bbox 2252 1340 3822 1413">
     <span class='ocr_line' id='line_1_59' title="bbox 2252 1340 3822 1413; baseline 0.002 -21"><span class='ocrx_word' id='word_1_435' title='bbox 2252 1340 2476 1404; x_wconf 75' lang='grc' dir='ltr'>ἑαυτοὺς</span> <span class='ocrx_word' id='word_1_436' title='bbox 2501 1340 2614 1405; x_wconf 85' lang='grc' dir='ltr'>νῦν,</span> <span class='ocrx_word' id='word_1_437' title='bbox 2645 1341 2732 1394; x_wconf 83' lang='grc' dir='ltr'>ἵνα</span> <span class='ocrx_word' id='word_1_438' title='bbox 2783 1340 2856 1412; x_wconf 82' lang='grc' dir='ltr'>μὴ</span> <span class='ocrx_word' id='word_1_439' title='bbox 2888 1342 3008 1394; x_wconf 89' lang='grc' dir='ltr'>τότε</span> <span class='ocrx_word' id='word_1_440' title='bbox 3041 1341 3336 1413; x_wconf 81' lang='grc' dir='ltr'>θλιϐῶμεν.</span> <span class='ocrx_word' id='word_1_441' title='bbox 3390 1343 3507 1396; x_wconf 88' lang='grc' dir='ltr'>Ούκ</span> <span class='ocrx_word' id='word_1_442' title='bbox 3529 1343 3678 1395; x_wconf 76' lang='grc' dir='ltr'>ἐστιν</span> <span class='ocrx_word' id='word_1_443' title='bbox 3713 1344 3822 1397; x_wconf 74' lang='grc' dir='ltr'>ἴσον</span> 
     </span>
    </p>
   </div>
   <div class='ocr_carea' id='block_1_60' title="bbox 2252 1431 3821 1506">
    <p class='ocr_par' dir='ltr' id='par_1_60' title="bbox 2252 1431 3821 1506">
     <span class='ocr_line' id='line_1_60' title="bbox 2252 1431 3821 1506; baseline 0.003 -23"><span class='ocrx_word' id='word_1_444' title='bbox 2252 1431 2484 1486; x_wconf 82' lang='grc' dir='ltr'>ἐνταῦθα</span> <span class='ocrx_word' id='word_1_445' title='bbox 2542 1432 2809 1503; x_wconf 80' lang='grc' dir='ltr'>θλιὸῆναι,</span> <span class='ocrx_word' id='word_1_446' title='bbox 2856 1433 3035 1487; x_wconf 86' lang='grc' dir='ltr'>κάκεῖ.</span> <span class='ocrx_word' id='word_1_447' title='bbox 3080 1432 3343 1488; x_wconf 80' lang='grc' dir='ltr'>Ἐνταῦθα</span> <span class='ocrx_word' id='word_1_448' title='bbox 3378 1435 3477 1505; x_wconf 83' lang='grc' dir='ltr'>μὲν</span> <span class='ocrx_word' id='word_1_449' title='bbox 3523 1434 3634 1506; x_wconf 83' lang='grc' dir='ltr'>γὰρ</span> <span class='ocrx_word' id='word_1_450' title='bbox 3691 1435 3821 1505; x_wconf 79' lang='grc' dir='ltr'>πρὸς</span> 
     </span>
    </p>
   </div>
   <div class='ocr_carea' id='block_1_61' title="bbox 2254 1522 3817 1596">
    <p class='ocr_par' dir='ltr' id='par_1_61' title="bbox 2254 1522 3817 1596">
     <span class='ocr_line' id='line_1_61' title="bbox 2254 1522 3817 1596; baseline 0.001 -21"><span class='ocrx_word' id='word_1_451' title='bbox 2254 1522 2458 1592; x_wconf 77' lang='grc' dir='ltr'>βραχὺν</span> <span class='ocrx_word' id='word_1_452' title='bbox 2491 1522 2647 1595; x_wconf 82' lang='grc' dir='ltr'>θλίϐῃ</span> <span class='ocrx_word' id='word_1_453' title='bbox 2676 1523 2885 1594; x_wconf 87' lang='grc' dir='ltr'>χρόνον,</span> <span class='ocrx_word' id='word_1_454' title='bbox 2917 1522 3115 1594; x_wconf 81' lang='grc' dir='ltr'>μᾶλλον</span> <span class='ocrx_word' id='word_1_455' title='bbox 3147 1523 3204 1577; x_wconf 84' lang='grc' dir='ltr'>δέ</span> <span class='ocrx_word' id='word_1_456' title='bbox 3242 1524 3365 1578; x_wconf 78' lang='grc' dir='ltr'>οὐδὲ</span> <span class='ocrx_word' id='word_1_457' title='bbox 3399 1523 3657 1595; x_wconf 71' lang='grc' dir='ltr'>αἴσθησιν</span> <span class='ocrx_word' id='word_1_458' title='bbox 3684 1525 3817 1596; x_wconf 83' lang='grc' dir='ltr'>λαμ-</span> 
     </span>
    </p>
   </div>
   <div class='ocr_carea' id='block_1_62' title="bbox 2251 1612 3818 1686">
    <p class='ocr_par' dir='ltr' id='par_1_62' title="bbox 2251 1612 3818 1686">
     <span class='ocr_line' id='line_1_62' title="bbox 2251 1612 3818 1686; baseline 0.001 -21"><span class='ocrx_word' id='word_1_459' title='bbox 2251 1612 2433 1676; x_wconf 74' lang='grc' dir='ltr'>ϐάνεις</span> <span class='ocrx_word' id='word_1_460' title='bbox 2454 1613 2553 1685; x_wconf 86' lang='grc' dir='ltr'>τῆς</span> <span class='ocrx_word' id='word_1_461' title='bbox 2576 1612 2829 1684; x_wconf 82' lang='grc' dir='ltr'>θλίψεως,</span> <span class='ocrx_word' id='word_1_462' title='bbox 2859 1612 3015 1678; x_wconf 83' lang='grc' dir='ltr'>εἰδὼς</span> <span class='ocrx_word' id='word_1_463' title='bbox 3040 1615 3121 1668; x_wconf 85' lang='grc' dir='ltr'>ὅτι</span> <span class='ocrx_word' id='word_1_464' title='bbox 3169 1615 3254 1668; x_wconf 77' lang='grc' dir='ltr'>ἐπ’</span> <span class='ocrx_word' id='word_1_465' title='bbox 3282 1615 3472 1686; x_wconf 83' lang='grc' dir='ltr'>ἀγαθῷ</span> <span class='ocrx_word' id='word_1_466' title='bbox 3501 1614 3682 1686; x_wconf 73' lang='grc' dir='ltr'>θλίϐηο</span> <span class='ocrx_word' id='word_1_467' title='bbox 3706 1616 3818 1667; x_wconf 87' lang='grc' dir='ltr'>ἐκεῖ</span> 
     </span>
    </p>
   </div>
   <div class='ocr_carea' id='block_1_63' title="bbox 2251 1702 3817 1775">
    <p class='ocr_par' dir='ltr' id='par_1_63' title="bbox 2251 1702 3817 1775">
     <span class='ocr_line' id='line_1_63' title="bbox 2251 1702 3817 1775; baseline 0.001 -20"><span class='ocrx_word' id='word_1_468' title='bbox 2251 1702 2307 1755; x_wconf 81' lang='grc' dir='ltr'>δέ</span> <span class='ocrx_word' id='word_1_469' title='bbox 2336 1703 2687 1775; x_wconf 84' lang='grc' dir='ltr'>χαλεπωτέρα</span> <span class='ocrx_word' id='word_1_470' title='bbox 2716 1706 2749 1775; x_wconf 82' lang='grc' dir='ltr'>ὴ</span> <span class='ocrx_word' id='word_1_471' title='bbox 2778 1703 2978 1774; x_wconf 81' lang='grc' dir='ltr'>θλῖψις,</span> <span class='ocrx_word' id='word_1_472' title='bbox 3005 1706 3088 1758; x_wconf 85' lang='grc' dir='ltr'>δτι</span> <span class='ocrx_word' id='word_1_473' title='bbox 3118 1705 3219 1759; x_wconf 82' lang='grc' dir='ltr'>οὐκ</span> <span class='ocrx_word' id='word_1_474' title='bbox 3251 1706 3338 1762; x_wconf 78' lang='grc' dir='ltr'>ἐπ’</span> <span class='ocrx_word' id='word_1_475' title='bbox 3367 1706 3564 1769; x_wconf 80' lang='grc' dir='ltr'>ἐλπίδι,</span> <span class='ocrx_word' id='word_1_476' title='bbox 3598 1706 3715 1758; x_wconf 76' lang='grc' dir='ltr'>ούδέ</span> <span class='ocrx_word' id='word_1_477' title='bbox 3731 1706 3817 1757; x_wconf 81' lang='grc' dir='ltr'>ἐπί</span> 
     </span>
    </p>
   </div>
   <div class='ocr_carea' id='block_1_64' title="bbox 2249 1793 3812 1867">
    <p class='ocr_par' dir='ltr' id='par_1_64' title="bbox 2249 1793 3812 1867">
     <span class='ocr_line' id='line_1_64' title="bbox 2249 1793 3812 1867; baseline 0.003 -21"><span class='ocrx_word' id='word_1_478' title='bbox 2249 1811 2356 1847; x_wconf 87' lang='grc' dir='ltr'>τινι</span> <span class='ocrx_word' id='word_1_479' title='bbox 2416 1793 2651 1864; x_wconf 82' lang='grc' dir='ltr'>διεξόδῳ,</span> <span class='ocrx_word' id='word_1_480' title='bbox 2708 1794 2842 1848; x_wconf 88' lang='grc' dir='ltr'>ἀλλά</span> <span class='ocrx_word' id='word_1_481' title='bbox 2880 1795 3121 1867; x_wconf 87' lang='grc' dir='ltr'>ἀπείρως</span> <span class='ocrx_word' id='word_1_482' title='bbox 3154 1795 3182 1836; x_wconf 74' lang='grc' dir='ltr'>δ</span> <span class='ocrx_word' id='word_1_483' title='bbox 3212 1795 3305 1849; x_wconf 71' lang='grc' dir='ltr'>καὶ</span> <span class='ocrx_word' id='word_1_484' title='bbox 3356 1796 3648 1860; x_wconf 86' lang='grc' dir='ltr'>διαπαντός</span> <span class='ocrx_word' id='word_1_485' title='bbox 3683 1798 3812 1850; x_wconf 87' lang='grc' dir='ltr'>ἐστι.</span> 
     </span>
    </p>
   </div>
   <div class='ocr_carea' id='block_1_65' title="bbox 2251 1881 3813 1956">
    <p class='ocr_par' dir='ltr' id='par_1_65' title="bbox 2251 1881 3813 1956">
     <span class='ocr_line' id='line_1_65' title="bbox 2251 1881 3813 1956; baseline 0.003 -23"><span class='ocrx_word' id='word_1_486' title='bbox 2251 1881 2464 1935; x_wconf 85' lang='grc' dir='ltr'>Γένοιτο</span> <span class='ocrx_word' id='word_1_487' title='bbox 2489 1883 2545 1935; x_wconf 80' lang='grc' dir='ltr'>δὲ</span> <span class='ocrx_word' id='word_1_488' title='bbox 2600 1882 2804 1947; x_wconf 86' lang='grc' dir='ltr'>πάντας</span> <span class='ocrx_word' id='word_1_489' title='bbox 2835 1885 2982 1953; x_wconf 77' lang='grc' dir='ltr'>ἡμᾶς</span> <span class='ocrx_word' id='word_1_490' title='bbox 3036 1884 3447 1953; x_wconf 83' lang='grc' dir='ltr'>ἀπαλλαγέντας</span> <span class='ocrx_word' id='word_1_491' title='bbox 3483 1886 3668 1956; x_wconf 83' lang='grc' dir='ltr'>τυχεῖν</span> <span class='ocrx_word' id='word_1_492' title='bbox 3725 1887 3813 1955; x_wconf 79' lang='grc' dir='ltr'>τῆς</span> 
     </span>
    </p>
   </div>
   <div class='ocr_carea' id='block_1_66' title="bbox 2251 1974 3810 2048">
    <p class='ocr_par' dir='ltr' id='par_1_66' title="bbox 2251 1974 3810 2048">
     <span class='ocr_line' id='line_1_66' title="bbox 2251 1974 3810 2048; baseline 0 -19"><span class='ocrx_word' id='word_1_493' title='bbox 2251 1974 2506 2039; x_wconf 87' lang='grc' dir='ltr'>ἀνέσεως.</span> <span class='ocrx_word' id='word_1_494' title='bbox 2557 1975 2695 2029; x_wconf 72' lang='grc' dir='ltr'>Ἀλλ’</span> <span class='ocrx_word' id='word_1_495' title='bbox 2721 1977 2844 2030; x_wconf 72' lang='grc' dir='ltr'>ἐπεὶ</span> <span class='ocrx_word' id='word_1_496' title='bbox 2873 1976 3011 2048; x_wconf 74' lang='grc' dir='ltr'>πρὸς</span> <span class='ocrx_word' id='word_1_497' title='bbox 3040 1975 3103 2029; x_wconf 81' lang='grc' dir='ltr'>τὸ</span> <span class='ocrx_word' id='word_1_498' title='bbox 3163 1975 3239 2048; x_wconf 79' lang='grc' dir='ltr'>μὴ</span> <span class='ocrx_word' id='word_1_499' title='bbox 3268 1976 3469 2047; x_wconf 85' lang='grc' dir='ltr'>ταύτης</span> <span class='ocrx_word' id='word_1_500' title='bbox 3503 1977 3810 2047; x_wconf 81' lang='grc' dir='ltr'>διαμαρτεῖν</span> 
     </span>
    </p>
   </div>
   <div class='ocr_carea' id='block_1_67' title="bbox 2251 2065 3806 2139">
    <p class='ocr_par' dir='ltr' id='par_1_67' title="bbox 2251 2065 3806 2139">
     <span class='ocr_line' id='line_1_67' title="bbox 2251 2065 3806 2139; baseline 0.001 -23"><span class='ocrx_word' id='word_1_501' title='bbox 2251 2065 2408 2135; x_wconf 89' lang='grc' dir='ltr'>χρεία</span> <span class='ocrx_word' id='word_1_502' title='bbox 2468 2066 2721 2120; x_wconf 89' lang='grc' dir='ltr'>συντόνου</span> <span class='ocrx_word' id='word_1_503' title='bbox 2757 2067 2992 2139; x_wconf 86' lang='grc' dir='ltr'>σπουδῆς</span> <span class='ocrx_word' id='word_1_504' title='bbox 3055 2067 3150 2121; x_wconf 77' lang='grc' dir='ltr'>καὶ</span> <span class='ocrx_word' id='word_1_505' title='bbox 3201 2067 3564 2121; x_wconf 83' lang='grc' dir='ltr'>ἀδιαλείπτων</span> <span class='ocrx_word' id='word_1_506' title='bbox 3624 2067 3806 2137; x_wconf 84' lang='grc' dir='ltr'>εύχῶν,</span> 
     </span>
    </p>
   </div>
   <div class='ocr_carea' id='block_1_68' title="bbox 2253 2156 3811 2232">
    <p class='ocr_par' dir='ltr' id='par_1_68' title="bbox 2253 2156 3811 2232">
     <span class='ocr_line' id='line_1_68' title="bbox 2253 2156 3811 2232; baseline 0.003 -25"><span class='ocrx_word' id='word_1_507' title='bbox 2253 2156 2661 2229; x_wconf 74' lang='grc' dir='ltr'>σπουδάζωμεν,</span> <span class='ocrx_word' id='word_1_508' title='bbox 2690 2158 3009 2232; x_wconf 63' lang='grc' dir='ltr'>παρακαλῶ</span> <span class='ocrx_word' id='word_1_509' title='bbox 3049 2159 3117 2214; x_wconf 81' lang='grc' dir='ltr'>ἂν</span> <span class='ocrx_word' id='word_1_510' title='bbox 3147 2158 3257 2231; x_wconf 87' lang='grc' dir='ltr'>γάρ</span> <span class='ocrx_word' id='word_1_511' title='bbox 3288 2159 3698 2229; x_wconf 76' lang='grc' dir='ltr'>σπουδάζωμεν.</span> <span class='ocrx_word' id='word_1_512' title='bbox 3727 2157 3811 2211; x_wconf 72' lang='grc' dir='ltr'>καὶ</span> 
     </span>
    </p>
   </div>
   <div class='ocr_carea' id='block_1_69' title="bbox 2250 2246 3813 2322">
    <p class='ocr_par' dir='ltr' id='par_1_69' title="bbox 2250 2246 3813 2322">
     <span class='ocr_line' id='line_1_69' title="bbox 2250 2246 3813 2322; baseline 0.001 -24"><span class='ocrx_word' id='word_1_513' title='bbox 2250 2246 2533 2318; x_wconf 82' lang='grc' dir='ltr'>εὐχόμενοι</span> <span class='ocrx_word' id='word_1_514' title='bbox 2560 2248 2814 2321; x_wconf 73' lang='grc' dir='ltr'>ἀνύομενο</span> <span class='ocrx_word' id='word_1_515' title='bbox 2853 2249 2947 2303; x_wconf 74' lang='grc' dir='ltr'>ἐὰν</span> <span class='ocrx_word' id='word_1_516' title='bbox 2975 2248 3263 2322; x_wconf 74' lang='grc' dir='ltr'>εὐχώμεθα</span> <span class='ocrx_word' id='word_1_517' title='bbox 3316 2250 3574 2312; x_wconf 79' lang='grc' dir='ltr'>ἐκτενῶς,</span> <span class='ocrx_word' id='word_1_518' title='bbox 3607 2250 3813 2303; x_wconf 85' lang='grc' dir='ltr'>δίδωσιν</span> 
     </span>
    </p>
   </div>
   <div class='ocr_carea' id='block_1_70' title="bbox 2249 2337 3810 2412">
    <p class='ocr_par' dir='ltr' id='par_1_70' title="bbox 2249 2337 3810 2412">
     <span class='ocr_line' id='line_1_70' title="bbox 2249 2337 3810 2412; baseline 0.001 -23"><span class='ocrx_word' id='word_1_519' title='bbox 2249 2338 2279 2390; x_wconf 91' lang='lat'>6</span> <span class='ocrx_word' id='word_1_520' title='bbox 2305 2337 2456 2402; x_wconf 86' lang='grc' dir='ltr'>Θεός.</span> <span class='ocrx_word' id='word_1_521' title='bbox 2475 2338 2573 2392; x_wconf 77' lang='grc' dir='ltr'>’Ἂν</span> <span class='ocrx_word' id='word_1_522' title='bbox 2614 2339 2670 2394; x_wconf 79' lang='grc' dir='ltr'>δὲ</span> <span class='ocrx_word' id='word_1_523' title='bbox 2702 2341 2837 2412; x_wconf 83' lang='grc' dir='ltr'>μήτε</span> <span class='ocrx_word' id='word_1_524' title='bbox 2862 2340 3103 2412; x_wconf 88' lang='grc' dir='ltr'>αἰτῶμεν</span> <span class='ocrx_word' id='word_1_525' title='bbox 3129 2341 3314 2405; x_wconf 83' lang='grc' dir='ltr'>αὑτὸν,</span> <span class='ocrx_word' id='word_1_526' title='bbox 3343 2343 3481 2411; x_wconf 78' lang='grc' dir='ltr'>μήτε</span> <span class='ocrx_word' id='word_1_527' title='bbox 3511 2340 3810 2410; x_wconf 85' lang='grc' dir='ltr'>ἐνεργῶμέν</span> 
     </span>
    </p>
   </div>
   <div class='ocr_carea' id='block_1_71' title="bbox 2250 2430 3813 2504">
    <p class='ocr_par' dir='ltr' id='par_1_71' title="bbox 2250 2430 3813 2504">
     <span class='ocr_line' id='line_1_71' title="bbox 2250 2430 3813 2504; baseline 0.002 -24"><span class='ocrx_word' id='word_1_528' title='bbox 2250 2446 2303 2481; x_wconf 87' lang='grc' dir='ltr'>τι</span> <span class='ocrx_word' id='word_1_529' title='bbox 2326 2430 2582 2491; x_wconf 88' lang='grc' dir='ltr'>τοιοῦτον,</span> <span class='ocrx_word' id='word_1_530' title='bbox 2618 2431 2752 2503; x_wconf 84' lang='grc' dir='ltr'>μηδέ</span> <span class='ocrx_word' id='word_1_531' title='bbox 2780 2430 3165 2503; x_wconf 80' lang='grc' dir='ltr'>ἐργαζώμεθα,</span> <span class='ocrx_word' id='word_1_532' title='bbox 3203 2432 3322 2496; x_wconf 85' lang='grc' dir='ltr'>πῶς</span> <span class='ocrx_word' id='word_1_533' title='bbox 3369 2431 3449 2487; x_wconf 78' lang='grc' dir='ltr'>ἔνι</span> <span class='ocrx_word' id='word_1_534' title='bbox 3479 2431 3813 2504; x_wconf 86' lang='grc' dir='ltr'>κατορθῶσαί</span> 
     </span>
    </p>
   </div>
   <div class='ocr_carea' id='block_1_72' title="bbox 2251 2520 3813 2594">
    <p class='ocr_par' dir='ltr' id='par_1_72' title="bbox 2251 2520 3813 2594">
     <span class='ocr_line' id='line_1_72' title="bbox 2251 2520 3813 2594; baseline 0.001 -23"><span class='ocrx_word' id='word_1_535' title='bbox 2251 2537 2380 2572; x_wconf 90' lang='grc' dir='ltr'>ποτε</span> <span class='ocrx_word' id='word_1_536' title='bbox 2419 2520 2814 2583; x_wconf 86' lang='grc' dir='ltr'>καθεύδοντας;</span> <span class='ocrx_word' id='word_1_537' title='bbox 2847 2521 3133 2594; x_wconf 79' lang='grc' dir='ltr'>Οὐδαμῶς.</span> <span class='ocrx_word' id='word_1_538' title='bbox 3196 2521 3505 2594; x_wconf 81' lang='grc' dir='ltr'>Ἀγαπητόν</span> <span class='ocrx_word' id='word_1_539' title='bbox 3561 2523 3665 2594; x_wconf 83' lang='grc' dir='ltr'>γάρ</span> <span class='ocrx_word' id='word_1_540' title='bbox 3692 2521 3813 2591; x_wconf 86' lang='grc' dir='ltr'>τρέ-</span> 
     </span>
    </p>
   </div>
   <div class='ocr_carea' id='block_1_73' title="bbox 2249 2611 3814 2684">
    <p class='ocr_par' dir='ltr' id='par_1_73' title="bbox 2249 2611 3814 2684">
     <span class='ocr_line' id='line_1_73' title="bbox 2249 2611 3814 2684; baseline -0.001 -20"><span class='ocrx_word' id='word_1_541' title='bbox 2249 2628 2443 2682; x_wconf 76' lang='grc' dir='ltr'>χοντας</span> <span class='ocrx_word' id='word_1_542' title='bbox 2493 2612 2588 2664; x_wconf 76' lang='grc' dir='ltr'>καὶ</span> <span class='ocrx_word' id='word_1_543' title='bbox 2616 2611 3095 2683; x_wconf 85' lang='grc' dir='ltr'>ἐπεκτεινομένους</span> <span class='ocrx_word' id='word_1_544' title='bbox 3147 2613 3243 2667; x_wconf 69' lang='grc' dir='ltr'>καὶ</span> <span class='ocrx_word' id='word_1_545' title='bbox 3295 2612 3814 2684; x_wconf 78' lang='grc' dir='ltr'>συμμορφουμένους</span> 
     </span>
    </p>
   </div>
   <div class='ocr_carea' id='block_1_74' title="bbox 2250 2696 3816 2774">
    <p class='ocr_par' dir='ltr' id='par_1_74' title="bbox 2250 2696 3816 2774">
     <span class='ocr_line' id='line_1_74' title="bbox 2250 2696 3816 2774; baseline -0.004 -19"><span class='ocrx_word' id='word_1_546' title='bbox 2250 2701 2326 2774; x_wconf 80' lang='grc' dir='ltr'>τῷ</span> <span class='ocrx_word' id='word_1_547' title='bbox 2355 2700 2569 2771; x_wconf 87' lang='grc' dir='ltr'>θανάτῳ</span> <span class='ocrx_word' id='word_1_548' title='bbox 2595 2699 2782 2767; x_wconf 77' lang='grc' dir='ltr'>αὑτοῦ,</span> <span class='ocrx_word' id='word_1_549' title='bbox 2811 2701 2888 2764; x_wconf 86' lang='grc' dir='ltr'>ὡς</span> <span class='ocrx_word' id='word_1_550' title='bbox 2916 2700 3127 2765; x_wconf 90' lang='grc' dir='ltr'>Παῦλος</span> <span class='ocrx_word' id='word_1_551' title='bbox 3176 2696 3318 2765; x_wconf 75' lang='grc' dir='ltr'>εἷπε,</span> <span class='ocrx_word' id='word_1_552' title='bbox 3356 2700 3648 2772; x_wconf 76' lang='grc' dir='ltr'>δυνηθῆναι</span> <span class='ocrx_word' id='word_1_553' title='bbox 3698 2700 3816 2751; x_wconf 79' lang='grc' dir='ltr'>ἐπιο</span> 
     </span>
    </p>
   </div>
   <div class='ocr_carea' id='block_1_75' title="bbox 2249 2790 3814 2865">
    <p class='ocr_par' dir='ltr' id='par_1_75' title="bbox 2249 2790 3814 2865">
     <span class='ocr_line' id='line_1_75' title="bbox 2249 2790 3814 2865; baseline -0.003 -19"><span class='ocrx_word' id='word_1_554' title='bbox 2249 2796 2448 2865; x_wconf 83' lang='grc' dir='ltr'>τυχεῖν,</span> <span class='ocrx_word' id='word_1_555' title='bbox 2479 2794 2609 2863; x_wconf 86' lang='grc' dir='ltr'>μήτι</span> <span class='ocrx_word' id='word_1_556' title='bbox 2629 2809 2692 2862; x_wconf 86' lang='grc' dir='ltr'>γε</span> <span class='ocrx_word' id='word_1_557' title='bbox 2721 2792 2785 2864; x_wconf 86' lang='grc' dir='ltr'>δὴ</span> <span class='ocrx_word' id='word_1_558' title='bbox 2811 2791 3191 2855; x_wconf 86' lang='grc' dir='ltr'>καθεύδοντας.</span> <span class='ocrx_word' id='word_1_559' title='bbox 3213 2791 3283 2846; x_wconf 83' lang='grc' dir='ltr'>ΕΖ</span> <span class='ocrx_word' id='word_1_560' title='bbox 3304 2806 3431 2858; x_wconf 77' lang='grc' dir='ltr'>πως</span> <span class='ocrx_word' id='word_1_561' title='bbox 3448 2790 3814 2859; x_wconf 76' lang='grc' dir='ltr'>καταντήσω,</span> 
     </span>
    </p>
   </div>
   <div class='ocr_carea' id='block_1_76' title="bbox 2252 2880 3815 2954">
    <p class='ocr_par' dir='ltr' id='par_1_76' title="bbox 2252 2880 3815 2954">
     <span class='ocr_line' id='line_1_76' title="bbox 2252 2880 3815 2954; baseline -0.003 -17"><span class='ocrx_word' id='word_1_562' title='bbox 2252 2884 2431 2954; x_wconf 86' lang='grc' dir='ltr'>φησίν.</span> <span class='ocrx_word' id='word_1_563' title='bbox 2459 2884 2519 2937; x_wconf 86' lang='grc' dir='ltr'>Εἰ</span> <span class='ocrx_word' id='word_1_564' title='bbox 2545 2884 2601 2937; x_wconf 83' lang='grc' dir='ltr'>δὲ</span> <span class='ocrx_word' id='word_1_565' title='bbox 2628 2882 2836 2947; x_wconf 88' lang='grc' dir='ltr'>Παῦλος</span> <span class='ocrx_word' id='word_1_566' title='bbox 2882 2881 3066 2949; x_wconf 80' lang='grc' dir='ltr'>ἔλεγεν</span> <span class='ocrx_word' id='word_1_567' title='bbox 3089 2923 3104 2947; x_wconf 97' lang='grc'>,</span> <span class='ocrx_word' id='word_1_568' title='bbox 3159 2881 3233 2936; x_wconf 80' lang='lat' dir='ltr'>El</span> <span class='ocrx_word' id='word_1_569' title='bbox 3262 2896 3387 2948; x_wconf 77' lang='grc' dir='ltr'>πως</span> <span class='ocrx_word' id='word_1_570' title='bbox 3432 2880 3815 2949; x_wconf 79' lang='grc' dir='ltr'>καταντήσω,</span> 
     </span>
    </p>
   </div>
   <div class='ocr_carea' id='block_1_77' title="bbox 2248 2971 3805 3047">
    <p class='ocr_par' dir='ltr' id='par_1_77' title="bbox 2248 2971 3805 3047">
     <span class='ocr_line' id='line_1_77' title="bbox 2248 2971 3805 3047; baseline -0.004 -19"><span class='ocrx_word' id='word_1_571' title='bbox 2248 2976 2301 3028; x_wconf 90' lang='grc' dir='ltr'>τί</span> <span class='ocrx_word' id='word_1_572' title='bbox 2333 2977 2489 3047; x_wconf 83' lang='grc' dir='ltr'>ἡμεῖς</span> <span class='ocrx_word' id='word_1_573' title='bbox 2521 2973 2785 3046; x_wconf 87' lang='grc' dir='ltr'>ἐροῦμεν;</span> <span class='ocrx_word' id='word_1_574' title='bbox 2849 2971 3228 3036; x_wconf 79' lang='grc' dir='ltr'>Καθεύδοντας</span> <span class='ocrx_word' id='word_1_575' title='bbox 3264 2972 3376 3041; x_wconf 66' lang='grc' dir='ltr'>γάρ</span> <span class='ocrx_word' id='word_1_576' title='bbox 3414 2972 3535 3025; x_wconf 79' lang='grc' dir='ltr'>οὐδὲ</span> <span class='ocrx_word' id='word_1_577' title='bbox 3570 2971 3805 3042; x_wconf 77' lang='grc' dir='ltr'>κοσμικά</span> 
     </span>
    </p>
   </div>
   <div class='ocr_carea' id='block_1_78' title="bbox 2252 3060 3810 3137">
    <p class='ocr_par' dir='ltr' id='par_1_78' title="bbox 2252 3060 3810 3137">
     <span class='ocr_line' id='line_1_78' title="bbox 2252 3060 3810 3137; baseline -0.004 -18"><span class='ocrx_word' id='word_1_578' title='bbox 2252 3067 2552 3137; x_wconf 87' lang='grc' dir='ltr'>πράγματα</span> <span class='ocrx_word' id='word_1_579' title='bbox 2605 3066 2752 3119; x_wconf 81' lang='grc' dir='ltr'>ἐστιν</span> <span class='ocrx_word' id='word_1_580' title='bbox 2780 3064 2974 3119; x_wconf 86' lang='grc' dir='ltr'>ἀνύσαι</span> <span class='ocrx_word' id='word_1_581' title='bbox 3005 3064 3153 3130; x_wconf 80' lang='grc' dir='ltr'>ποτὲ,</span> <span class='ocrx_word' id='word_1_582' title='bbox 3204 3064 3335 3134; x_wconf 79' lang='grc' dir='ltr'>μήτι</span> <span class='ocrx_word' id='word_1_583' title='bbox 3364 3080 3428 3132; x_wconf 89' lang='grc' dir='ltr'>γε</span> <span class='ocrx_word' id='word_1_584' title='bbox 3459 3060 3810 3133; x_wconf 81' lang='grc' dir='ltr'>πνευματικά’</span> 
     </span>
    </p>
   </div>
   <div class='ocr_carea' id='block_1_79' title="bbox 2249 3152 3815 3228">
    <p class='ocr_par' dir='ltr' id='par_1_79' title="bbox 2249 3152 3815 3228">
     <span class='ocr_line' id='line_1_79' title="bbox 2249 3152 3815 3228; baseline -0.004 -17"><span class='ocrx_word' id='word_1_585' title='bbox 2249 3158 2604 3221; x_wconf 88' lang='grc' dir='ltr'>καθεύδοντας</span> <span class='ocrx_word' id='word_1_586' title='bbox 2648 3157 2769 3211; x_wconf 85' lang='grc' dir='ltr'>ούδέ</span> <span class='ocrx_word' id='word_1_587' title='bbox 2808 3156 2959 3228; x_wconf 87' lang='grc' dir='ltr'>παρά</span> <span class='ocrx_word' id='word_1_588' title='bbox 3016 3158 3124 3211; x_wconf 90' lang='grc' dir='ltr'>τῶν</span> <span class='ocrx_word' id='word_1_589' title='bbox 3174 3157 3342 3225; x_wconf 76' lang='grc' dir='ltr'>φίλων</span> <span class='ocrx_word' id='word_1_590' title='bbox 3397 3155 3514 3208; x_wconf 78' lang='grc' dir='ltr'>ἐστι</span> <span class='ocrx_word' id='word_1_591' title='bbox 3541 3173 3592 3208; x_wconf 91' lang='grc' dir='ltr'>τι</span> <span class='ocrx_word' id='word_1_592' title='bbox 3638 3152 3815 3207; x_wconf 69' lang='grc' dir='ltr'>λαϐεῖν</span> 
     </span>
    </p>
   </div>
   <div class='ocr_carea' id='block_1_80' title="bbox 2250 3244 3814 3319">
    <p class='ocr_par' dir='ltr' id='par_1_80' title="bbox 2250 3244 3814 3319">
     <span class='ocr_line' id='line_1_80' title="bbox 2250 3244 3814 3319; baseline -0.003 -19"><span class='ocrx_word' id='word_1_593' title='bbox 2250 3265 2401 3312; x_wconf 87' lang='grc' dir='ltr'>ποτε,</span> <span class='ocrx_word' id='word_1_594' title='bbox 2438 3248 2565 3319; x_wconf 75' lang='grc' dir='ltr'>μήτι</span> <span class='ocrx_word' id='word_1_595' title='bbox 2597 3264 2662 3315; x_wconf 84' lang='grc' dir='ltr'>γε</span> <span class='ocrx_word' id='word_1_596' title='bbox 2684 3250 2833 3318; x_wconf 80' lang='grc' dir='ltr'>παρά</span> <span class='ocrx_word' id='word_1_597' title='bbox 2862 3246 3019 3313; x_wconf 86' lang='grc' dir='ltr'>Θεοῦ·</span> <span class='ocrx_word' id='word_1_598' title='bbox 3053 3246 3413 3310; x_wconf 89' lang='grc' dir='ltr'>καθεύδοντας</span> <span class='ocrx_word' id='word_1_599' title='bbox 3444 3245 3564 3299; x_wconf 84' lang='grc' dir='ltr'>ούδέ</span> <span class='ocrx_word' id='word_1_600' title='bbox 3588 3244 3814 3313; x_wconf 83' lang='grc' dir='ltr'>πατέρες</span> 
     </span>
    </p>
   </div>
   <div class='ocr_carea' id='block_1_81' title="bbox 2247 3334 3814 3410">
    <p class='ocr_par' dir='ltr' id='par_1_81' title="bbox 2247 3334 3814 3410">
     <span class='ocr_line' id='line_1_81' title="bbox 2247 3334 3814 3410; baseline -0.003 -20"><span class='ocrx_word' id='word_1_601' title='bbox 2247 3337 2469 3410; x_wconf 89' lang='grc' dir='ltr'>τιμῶσι,</span> <span class='ocrx_word' id='word_1_602' title='bbox 2494 3339 2625 3409; x_wconf 85' lang='grc' dir='ltr'>μήτι</span> <span class='ocrx_word' id='word_1_603' title='bbox 2654 3355 2718 3406; x_wconf 90' lang='grc' dir='ltr'>γε</span> <span class='ocrx_word' id='word_1_604' title='bbox 2744 3340 2774 3391; x_wconf 93' lang='grc' dir='ltr'>ὀ</span> <span class='ocrx_word' id='word_1_605' title='bbox 2806 3338 2955 3402; x_wconf 86' lang='grc' dir='ltr'>Θεός.</span> <span class='ocrx_word' id='word_1_606' title='bbox 2979 3337 3194 3409; x_wconf 83' lang='grc' dir='ltr'>Μικρὸν</span> <span class='ocrx_word' id='word_1_607' title='bbox 3220 3338 3567 3407; x_wconf 86' lang='grc' dir='ltr'>πονήσωμεν,</span> <span class='ocrx_word' id='word_1_608' title='bbox 3589 3336 3671 3388; x_wconf 85' lang='grc' dir='ltr'>ῖνα</span> <span class='ocrx_word' id='word_1_609' title='bbox 3700 3334 3814 3386; x_wconf 78' lang='grc' dir='ltr'>δια-</span> 
     </span>
    </p>
   </div>
   <div class='ocr_carea' id='block_1_82' title="bbox 2249 3419 3813 3498">
    <p class='ocr_par' dir='ltr' id='par_1_82' title="bbox 2249 3419 3813 3498">
     <span class='ocr_line' id='line_1_82' title="bbox 2249 3419 3813 3498; baseline -0.005 -17"><span class='ocrx_word' id='word_1_610' title='bbox 2249 3426 2449 3491; x_wconf 76' lang='grc' dir='ltr'>παντὸς</span> <span class='ocrx_word' id='word_1_611' title='bbox 2478 3426 2939 3498; x_wconf 87' lang='grc' dir='ltr'>ἀναπαυσώμεθα.</span> <span class='ocrx_word' id='word_1_612' title='bbox 2967 3426 3193 3489; x_wconf 86' lang='grc' dir='ltr'>Πάντως</span> <span class='ocrx_word' id='word_1_613' title='bbox 3220 3425 3465 3494; x_wconf 76' lang='grc' dir='ltr'>θλιδῆναι</span> <span class='ocrx_word' id='word_1_614' title='bbox 3491 3424 3587 3476; x_wconf 87' lang='grc' dir='ltr'>δεῖ·</span> <span class='ocrx_word' id='word_1_615' title='bbox 3617 3422 3716 3475; x_wconf 65' lang='grc' dir='ltr'>κᾶν</span> <span class='ocrx_word' id='word_1_616' title='bbox 3739 3419 3813 3490; x_wconf 74' lang='grc' dir='ltr'>μὴ</span> 
     </span>
    </p>
   </div>
   <div class='ocr_carea' id='block_1_83' title="bbox 2249 3510 3811 3590">
    <p class='ocr_par' dir='ltr' id='par_1_83' title="bbox 2249 3510 3811 3590">
     <span class='ocr_line' id='line_1_83' title="bbox 2249 3510 3811 3590; baseline -0.006 -18"><span class='ocrx_word' id='word_1_617' title='bbox 2249 3517 2518 3590; x_wconf 81' lang='grc' dir='ltr'>θλιϐῶμεν</span> <span class='ocrx_word' id='word_1_618' title='bbox 2546 3515 2801 3578; x_wconf 88' lang='grc' dir='ltr'>ἐνταῦθα,</span> <span class='ocrx_word' id='word_1_619' title='bbox 2834 3518 2952 3570; x_wconf 79' lang='grc' dir='ltr'>ἐκεῖ</span> <span class='ocrx_word' id='word_1_620' title='bbox 2980 3516 3141 3569; x_wconf 87' lang='grc' dir='ltr'>τοῦτο</span> <span class='ocrx_word' id='word_1_621' title='bbox 3196 3516 3367 3585; x_wconf 90' lang='grc' dir='ltr'>μένει.</span> <span class='ocrx_word' id='word_1_622' title='bbox 3421 3513 3518 3566; x_wconf 87' lang='grc' dir='ltr'>Διά</span> <span class='ocrx_word' id='word_1_623' title='bbox 3545 3512 3597 3565; x_wconf 89' lang='grc' dir='ltr'>τί</span> <span class='ocrx_word' id='word_1_624' title='bbox 3630 3510 3702 3581; x_wconf 74' lang='grc' dir='ltr'>μὴ</span> <span class='ocrx_word' id='word_1_625' title='bbox 3724 3510 3811 3563; x_wconf 74' lang='lat' dir='ltr'><strong><em>al-</em></strong></span> 
     </span>
    </p>
   </div>
   <div class='ocr_carea' id='block_1_84' title="bbox 2255 3599 3812 3682">
    <p class='ocr_par' dir='ltr' id='par_1_84' title="bbox 2255 3599 3812 3682">
     <span class='ocr_line' id='line_1_84' title="bbox 2255 3599 3812 3682; baseline -0.007 -19"><span class='ocrx_word' id='word_1_626' title='bbox 2255 3609 2490 3682; x_wconf 85' lang='grc' dir='ltr'>ρούμεθα</span> <span class='ocrx_word' id='word_1_627' title='bbox 2527 3607 2761 3663; x_wconf 88' lang='grc' dir='ltr'>ἐνταῦθα</span> <span class='ocrx_word' id='word_1_628' title='bbox 2798 3607 3064 3679; x_wconf 77' lang='grc' dir='ltr'>θλισῆναι,</span> <span class='ocrx_word' id='word_1_629' title='bbox 3092 3607 3178 3660; x_wconf 84' lang='grc' dir='ltr'>ἴνα</span> <span class='ocrx_word' id='word_1_630' title='bbox 3196 3608 3312 3660; x_wconf 85' lang='grc' dir='ltr'>ἐκεῖ</span> <span class='ocrx_word' id='word_1_631' title='bbox 3340 3599 3812 3673; x_wconf 71' lang='grc' dir='ltr'>ἀναπαυσώμεθας</span> 
     </span>
    </p>
   </div>
   <div class='ocr_carea' id='block_1_85' title="bbox 2249 3691 3818 3769">
    <p class='ocr_par' dir='ltr' id='par_1_85' title="bbox 2249 3691 3818 3769">
     <span class='ocr_line' id='line_1_85' title="bbox 2249 3691 3818 3769; baseline -0.006 -15"><span class='ocrx_word' id='word_1_632' title='bbox 2249 3701 2463 3754; x_wconf 82' lang='grc' dir='ltr'>Γένοιτο</span> <span class='ocrx_word' id='word_1_633' title='bbox 2481 3699 2537 3753; x_wconf 78' lang='grc' dir='ltr'>δὲ</span> <span class='ocrx_word' id='word_1_634' title='bbox 2572 3699 2782 3761; x_wconf 89' lang='grc' dir='ltr'>πάντας</span> <span class='ocrx_word' id='word_1_635' title='bbox 2808 3700 2955 3769; x_wconf 80' lang='grc' dir='ltr'>ἡμᾶς</span> <span class='ocrx_word' id='word_1_636' title='bbox 2979 3696 3145 3763; x_wconf 82' lang='grc' dir='ltr'>ἀξίως</span> <span class='ocrx_word' id='word_1_637' title='bbox 3178 3693 3666 3764; x_wconf 81' lang='grc' dir='ltr'>πολιτευσαμένους</span> <span class='ocrx_word' id='word_1_638' title='bbox 3693 3691 3818 3762; x_wconf 75' lang='grc' dir='ltr'>Χριο</span> 
     </span>
    </p>
   </div>
   <div class='ocr_carea' id='block_1_86' title="bbox 2253 3782 3816 3862">
    <p class='ocr_par' dir='ltr' id='par_1_86' title="bbox 2253 3782 3816 3862">
     <span class='ocr_line' id='line_1_86' title="bbox 2253 3782 3816 3862; baseline -0.009 -15"><span class='ocrx_word' id='word_1_639' title='bbox 2253 3791 2399 3857; x_wconf 89' lang='grc' dir='ltr'>στοῦ,</span> <span class='ocrx_word' id='word_1_640' title='bbox 2429 3791 2624 3862; x_wconf 80' lang='grc' dir='ltr'>καὶτῷ</span> <span class='ocrx_word' id='word_1_641' title='bbox 2656 3790 2868 3860; x_wconf 89' lang='grc' dir='ltr'>θανάτῳ</span> <span class='ocrx_word' id='word_1_642' title='bbox 2910 3787 3073 3843; x_wconf 81' lang='grc' dir='ltr'>αὑτοῦ</span> <span class='ocrx_word' id='word_1_643' title='bbox 3111 3785 3260 3859; x_wconf 64' lang='grc'>[504]</span> <span class='ocrx_word' id='word_1_644' title='bbox 3299 3782 3816 3856; x_wconf 80' lang='grc' dir='ltr'>συμμορφωθέντας,</span> 
     </span>
    </p>
   </div>
   <div class='ocr_carea' id='block_1_87' title="bbox 2248 3868 3815 3952">
    <p class='ocr_par' dir='ltr' id='par_1_87' title="bbox 2248 3868 3815 3952">
     <span class='ocr_line' id='line_1_87' title="bbox 2248 3868 3815 3952; baseline -0.01 -17"><span class='ocrx_word' id='word_1_645' title='bbox 2248 3882 2356 3936; x_wconf 87' lang='grc' dir='ltr'>τῶν</span> <span class='ocrx_word' id='word_1_646' title='bbox 2414 3883 2737 3952; x_wconf 76' lang='grc' dir='ltr'>ἀπορρήτων</span> <span class='ocrx_word' id='word_1_647' title='bbox 2766 3881 2947 3948; x_wconf 82' lang='grc' dir='ltr'>τυχεῖν</span> <span class='ocrx_word' id='word_1_648' title='bbox 3011 3875 3231 3947; x_wconf 84' lang='grc' dir='ltr'>ἀγαθῶν</span> <span class='ocrx_word' id='word_1_649' title='bbox 3266 3877 3324 3928; x_wconf 85' lang='grc' dir='ltr'>ἐν</span> <span class='ocrx_word' id='word_1_650' title='bbox 3357 3872 3581 3943; x_wconf 78' lang='grc' dir='ltr'>Χριστῷ</span> <span class='ocrx_word' id='word_1_651' title='bbox 3625 3868 3815 3939; x_wconf 78' lang='grc' dir='ltr'>Ἰησοῦ,</span> 
     </span>
    </p>
   </div>
   <div class='ocr_carea' id='block_1_88' title="bbox 2253 3960 3817 4044">
    <p class='ocr_par' dir='ltr' id='par_1_88' title="bbox 2253 3960 3817 4044">
     <span class='ocr_line' id='line_1_88' title="bbox 2253 3960 3817 4044; baseline -0.01 -16"><span class='ocrx_word' id='word_1_652' title='bbox 2253 3972 2373 4044; x_wconf 76' lang='grc' dir='ltr'>μεθ’</span> <span class='ocrx_word' id='word_1_653' title='bbox 2400 3966 2463 4028; x_wconf 69' lang='grc' dir='ltr'>οὗ</span> <span class='ocrx_word' id='word_1_654' title='bbox 2488 3972 2563 4043; x_wconf 86' lang='grc' dir='ltr'>τῷ</span> <span class='ocrx_word' id='word_1_655' title='bbox 2597 3972 2771 4042; x_wconf 73' lang='grc' dir='ltr'>Πατρὶ</span> <span class='ocrx_word' id='word_1_656' title='bbox 2791 3970 2908 4040; x_wconf 75' lang='grc' dir='ltr'>ἅμα</span> <span class='ocrx_word' id='word_1_657' title='bbox 2932 3967 3009 4040; x_wconf 82' lang='grc' dir='ltr'>τῷ</span> <span class='ocrx_word' id='word_1_658' title='bbox 3045 3967 3184 4037; x_wconf 83' lang='grc' dir='ltr'>ἁγίῳ</span> <span class='ocrx_word' id='word_1_659' title='bbox 3211 3965 3488 4036; x_wconf 87' lang='grc' dir='ltr'>Πνεύματι</span> <span class='ocrx_word' id='word_1_660' title='bbox 3521 3964 3664 4030; x_wconf 78' lang='grc' dir='ltr'>δόξα,</span> <span class='ocrx_word' id='word_1_661' title='bbox 3685 3960 3817 4031; x_wconf 76' lang='grc' dir='ltr'>κρά-</span> 
     </span>
    </p>
   </div>
   <div class='ocr_carea' id='block_1_89' title="bbox 2249 4049 3817 4136">
    <p class='ocr_par' dir='ltr' id='par_1_89' title="bbox 2249 4049 3817 4136">
     <span class='ocr_line' id='line_1_89' title="bbox 2249 4049 3817 4136; baseline -0.01 -17"><span class='ocrx_word' id='word_1_662' title='bbox 2249 4082 2372 4132; x_wconf 84' lang='grc' dir='ltr'>τος,</span> <span class='ocrx_word' id='word_1_663' title='bbox 2438 4064 2604 4136; x_wconf 80' lang='grc' dir='ltr'>τιμὴ,</span> <span class='ocrx_word' id='word_1_664' title='bbox 2662 4061 2757 4116; x_wconf 93' lang='grc' dir='ltr'>νῦν</span> <span class='ocrx_word' id='word_1_665' title='bbox 2811 4061 2905 4115; x_wconf 74' lang='grc' dir='ltr'>καὶ</span> <span class='ocrx_word' id='word_1_666' title='bbox 2932 4059 3042 4127; x_wconf 73' lang='grc' dir='ltr'>ἀεὶ,</span> <span class='ocrx_word' id='word_1_667' title='bbox 3091 4060 3185 4113; x_wconf 72' lang='grc' dir='ltr'>καὶ</span> <span class='ocrx_word' id='word_1_668' title='bbox 3225 4058 3304 4120; x_wconf 81' lang='grc' dir='ltr'>είς</span> <span class='ocrx_word' id='word_1_669' title='bbox 3329 4054 3457 4117; x_wconf 78' lang='grc' dir='ltr'>τοὺς</span> <span class='ocrx_word' id='word_1_670' title='bbox 3484 4054 3683 4115; x_wconf 82' lang='grc' dir='ltr'>αἰῶνας</span> <span class='ocrx_word' id='word_1_671' title='bbox 3712 4049 3817 4103; x_wconf 84' lang='grc' dir='ltr'>τῶν</span> 
     </span>
    </p>
   </div>
   <div class='ocr_carea' id='block_1_90' title="bbox 2250 4156 2713 4226">
    <p class='ocr_par' dir='ltr' id='par_1_90' title="bbox 2250 4156 2713 4226">
     <span class='ocr_line' id='line_1_90' title="bbox 2250 4156 2713 4226; baseline -0.006 -16"><span class='ocrx_word' id='word_1_672' title='bbox 2250 4156 2481 4210; x_wconf 86' lang='grc' dir='ltr'>αἰώνων.</span> <span class='ocrx_word' id='word_1_673' title='bbox 2517 4156 2713 4226; x_wconf 81' lang='grc' dir='ltr'>Ἀμήν.</span> 
     </span>
    </p>
   </div>
   <div class='ocr_carea' id='block_1_91' title="bbox 2313 4307 3813 4376">
    <p class='ocr_par' dir='ltr' id='par_1_91' title="bbox 2313 4307 3813 4376">
     <span class='ocr_line' id='line_1_91' title="bbox 2313 4307 3813 4376; baseline -0.012 -7"><span class='ocrx_word' id='word_1_674' title='bbox 2313 4321 2339 4349; x_wconf 77' lang='grc'>⁸</span> <span class='ocrx_word' id='word_1_675' title='bbox 2360 4316 2510 4376; x_wconf 79' lang='lat' dir='ltr'><strong>Editi,</strong></span> <span class='ocrx_word' id='word_1_676' title='bbox 2533 4313 2800 4376; x_wconf 73' lang='grc' dir='ltr'>ἀνωφελοῦς</span> <span class='ocrx_word' id='word_1_677' title='bbox 2821 4314 3044 4373; x_wconf 79' lang='grc' dir='ltr'>διανοίας.</span> <span class='ocrx_word' id='word_1_678' title='bbox 3076 4311 3301 4365; x_wconf 72' lang='lat' dir='ltr'>Nobilius</span> <span class='ocrx_word' id='word_1_679' title='bbox 3322 4311 3453 4376; x_wconf 75' lang='lat' dir='ltr'>legit</span> <span class='ocrx_word' id='word_1_680' title='bbox 3487 4308 3736 4373; x_wconf 63' lang='grc' dir='ltr'>μετανοίας,</span> <span class='ocrx_word' id='word_1_681' title='bbox 3765 4307 3813 4353; x_wconf 80' lang='lat' dir='ltr'>et</span> 
     </span>
    </p>
   </div>
   <div class='ocr_carea' id='block_1_92' title="bbox 2249 4379 2848 4440">
    <p class='ocr_par' dir='ltr' id='par_1_92' title="bbox 2249 4379 2848 4440">
     <span class='ocr_line' id='line_1_92' title="bbox 2249 4379 2848 4440; baseline -0.01 -8"><span class='ocrx_word' id='word_1_682' title='bbox 2249 4380 2322 4432; x_wconf 83' lang='lat' dir='ltr'>sic</span> <span class='ocrx_word' id='word_1_683' title='bbox 2339 4379 2538 4429; x_wconf 84' lang='lat' dir='ltr'><strong>omnino</strong></span> <span class='ocrx_word' id='word_1_684' title='bbox 2565 4379 2848 4440; x_wconf 67' lang='lat' dir='ltr'>legendqm.</span> 
     </span>
    </p>
   </div>
   <div class='ocr_carea' id='block_1_93' title="bbox 2314 4437 2962 4503">
    <p class='ocr_par' dir='ltr' id='par_1_93' title="bbox 2314 4437 2962 4503">
     <span class='ocr_line' id='line_1_93' title="bbox 2314 4437 2962 4503; baseline -0.012 -9"><span class='ocrx_word' id='word_1_685' title='bbox 2314 4443 2342 4483; x_wconf 73' lang='grc' dir='ltr'>ιι</span> <span class='ocrx_word' id='word_1_686' title='bbox 2366 4444 2580 4494; x_wconf 63' lang='lat' dir='ltr'>Danaus</span> <span class='ocrx_word' id='word_1_687' title='bbox 2600 4437 2727 4502; x_wconf 73' lang='lat' dir='ltr'>cbnj.</span> <span class='ocrx_word' id='word_1_688' title='bbox 2751 4437 2962 4503; x_wconf 80' lang='grc' dir='ltr'>ἄπειρος.</span> 
     </span>
    </p>
   </div>
   <div class='ocr_carea' id='block_1_94' title="bbox 2061 4802 2433 4861">
    <p class='ocr_par' dir='ltr' id='par_1_94' title="bbox 2061 4802 2433 4861">
     <span class='ocr_line' id='line_1_94' title="bbox 2061 4802 2433 4861; baseline 0.008 -3"><span class='ocrx_word' id='word_1_689' title='bbox 2061 4802 2302 4858; x_wconf 81' lang='lat' dir='ltr'><strong>OMIAIA</strong></span> <span class='ocrx_word' id='word_1_690' title='bbox 2344 4804 2433 4861; x_wconf 77' lang='lat' dir='ltr'>IA&#39;.</span> 
     </span>
    </p>
   </div>
   <div class='ocr_carea' id='block_1_95' title="bbox 579 4959 2142 5029">
    <p class='ocr_par' dir='ltr' id='par_1_95' title="bbox 579 4959 2142 5029">
     <span class='ocr_line' id='line_1_95' title="bbox 579 4959 2142 5029; baseline -0.001 -14"><span class='ocrx_word' id='word_1_691' title='bbox 579 4959 821 5027; x_wconf 81' lang='grc' dir='ltr'>Χαίρετε</span> <span class='ocrx_word' id='word_1_692' title='bbox 848 4959 917 5011; x_wconf 78' lang='grc' dir='ltr'>ἐν</span> <span class='ocrx_word' id='word_1_693' title='bbox 954 4960 1147 5029; x_wconf 82' lang='grc' dir='ltr'>Κυρίῳ</span> <span class='ocrx_word' id='word_1_694' title='bbox 1170 4960 1444 5016; x_wconf 78' lang='grc' dir='ltr'>πάντοτεο</span> <span class='ocrx_word' id='word_1_695' title='bbox 1485 4961 1671 5015; x_wconf 74' lang='grc' dir='ltr'>πάλιν</span> <span class='ocrx_word' id='word_1_696' title='bbox 1705 4960 1845 5029; x_wconf 83' lang='grc' dir='ltr'>ἐρῶ,</span> <span class='ocrx_word' id='word_1_697' title='bbox 1881 4960 2142 5029; x_wconf 79' lang='grc' dir='ltr'>Χαίρετε.</span> 
     </span>
    </p>
   </div>
   <div class='ocr_carea' id='block_1_96' title="bbox 657 5048 2142 5120">
    <p class='ocr_par' dir='ltr' id='par_1_96' title="bbox 657 5048 2142 5120">
     <span class='ocr_line' id='line_1_96' title="bbox 657 5048 2142 5120; baseline -0.002 -15"><span class='ocrx_word' id='word_1_698' title='bbox 657 5049 727 5105; x_wconf 82' lang='grc' dir='ltr'>Τὸ</span> <span class='ocrx_word' id='word_1_699' title='bbox 750 5048 1007 5115; x_wconf 75' lang='grc' dir='ltr'>ἐπιεικὲς</span> <span class='ocrx_word' id='word_1_700' title='bbox 1030 5049 1197 5119; x_wconf 79' lang='grc' dir='ltr'>ὑμῶν</span> <span class='ocrx_word' id='word_1_701' title='bbox 1226 5052 1548 5120; x_wconf 72' lang='grc' dir='ltr'>γνωσθήτω</span> <span class='ocrx_word' id='word_1_702' title='bbox 1577 5049 1767 5105; x_wconf 82' lang='grc' dir='ltr'>πᾶσιν</span> <span class='ocrx_word' id='word_1_703' title='bbox 1794 5050 2142 5119; x_wconf 71' lang='grc' dir='ltr'>ἀνθρώποις.</span> 
     </span>
    </p>
   </div>
   <div class='ocr_carea' id='block_1_97' title="bbox 671 5141 2148 5212">
    <p class='ocr_par' dir='ltr' id='par_1_97' title="bbox 671 5141 2148 5212">
     <span class='ocr_line' id='line_1_97' title="bbox 671 5141 2148 5212; baseline 0.001 -19"><span class='ocrx_word' id='word_1_704' title='bbox 671 5142 734 5193; x_wconf 87' lang='lat'>&#39;0</span> <span class='ocrx_word' id='word_1_705' title='bbox 776 5142 984 5209; x_wconf 77' lang='grc' dir='ltr'>Κύριος</span> <span class='ocrx_word' id='word_1_706' title='bbox 1026 5141 1205 5211; x_wconf 79' lang='grc' dir='ltr'>ἐγγύς</span> <span class='ocrx_word' id='word_1_707' title='bbox 1230 5157 1243 5171; x_wconf 75' lang='grc' dir='ltr'>ο</span> <span class='ocrx_word' id='word_1_708' title='bbox 1288 5143 1482 5212; x_wconf 76' lang='grc' dir='ltr'>μηδὲν</span> <span class='ocrx_word' id='word_1_709' title='bbox 1522 5142 1865 5212; x_wconf 81' lang='grc' dir='ltr'>μεριμνᾶτε,</span> <span class='ocrx_word' id='word_1_710' title='bbox 1908 5142 2045 5195; x_wconf 69' lang='grc' dir='ltr'>ἀλλ’</span> <span class='ocrx_word' id='word_1_711' title='bbox 2078 5141 2148 5195; x_wconf 80' lang='grc' dir='ltr'>ἐν</span> 
     </span>
    </p>
   </div>
   <div class='ocr_carea' id='block_1_98' title="bbox 655 5229 2142 5301">
    <p class='ocr_par' dir='ltr' id='par_1_98' title="bbox 655 5229 2142 5301">
     <span class='ocr_line' id='line_1_98' title="bbox 655 5229 2142 5301; baseline 0.001 -18"><span class='ocrx_word' id='word_1_712' title='bbox 655 5231 829 5284; x_wconf 79' lang='grc' dir='ltr'>παντί</span> <span class='ocrx_word' id='word_1_713' title='bbox 865 5229 938 5299; x_wconf 73' lang='grc' dir='ltr'>τῇ</span> <span class='ocrx_word' id='word_1_714' title='bbox 965 5230 1274 5300; x_wconf 75' lang='grc' dir='ltr'>προσευχῇ</span> <span class='ocrx_word' id='word_1_715' title='bbox 1307 5232 1403 5285; x_wconf 78' lang='grc' dir='ltr'>καὶ</span> <span class='ocrx_word' id='word_1_716' title='bbox 1438 5230 1509 5300; x_wconf 77' lang='grc' dir='ltr'>τῇ</span> <span class='ocrx_word' id='word_1_717' title='bbox 1539 5231 1742 5298; x_wconf 83' lang='grc' dir='ltr'>δεήσει</span> <span class='ocrx_word' id='word_1_718' title='bbox 1779 5231 1927 5301; x_wconf 82' lang='grc' dir='ltr'>μετὰ</span> <span class='ocrx_word' id='word_1_719' title='bbox 1966 5235 2142 5300; x_wconf 85' lang='grc' dir='ltr'>εὐχα-</span> 
     </span>
    </p>
   </div>
   <div class='ocr_carea' id='block_1_99' title="bbox 646 5320 2148 5392">
    <p class='ocr_par' dir='ltr' id='par_1_99' title="bbox 646 5320 2148 5392">
     <span class='ocr_line' id='line_1_99' title="bbox 646 5320 2148 5392; baseline 0.002 -19"><span class='ocrx_word' id='word_1_720' title='bbox 646 5323 884 5389; x_wconf 74' lang='grc' dir='ltr'>ριστίας</span> <span class='ocrx_word' id='word_1_721' title='bbox 938 5322 1010 5378; x_wconf 82' lang='grc' dir='ltr'>τὰ</span> <span class='ocrx_word' id='word_1_722' title='bbox 1058 5321 1348 5391; x_wconf 71' lang='grc' dir='ltr'>αἰτήματα</span> <span class='ocrx_word' id='word_1_723' title='bbox 1395 5321 1561 5390; x_wconf 83' lang='grc' dir='ltr'>ὑμῶν</span> <span class='ocrx_word' id='word_1_724' title='bbox 1598 5320 1960 5392; x_wconf 63' lang='grc' dir='ltr'>γνωριζὲσθω</span> <span class='ocrx_word' id='word_1_725' title='bbox 1999 5321 2148 5390; x_wconf 74' lang='grc' dir='ltr'>πρὸς</span> 
     </span>
    </p>
   </div>
   <div class='ocr_carea' id='block_1_100' title="bbox 655 5410 2152 5481">
    <p class='ocr_par' dir='ltr' id='par_1_100' title="bbox 655 5410 2152 5481">
     <span class='ocr_line' id='line_1_100' title="bbox 655 5410 2152 5481; baseline 0.001 -17"><span class='ocrx_word' id='word_1_726' title='bbox 655 5411 763 5464; x_wconf 79' lang='grc' dir='ltr'>τὸν</span> <span class='ocrx_word' id='word_1_727' title='bbox 792 5413 960 5475; x_wconf 83' lang='grc' dir='ltr'>Θεὸν,</span> <span class='ocrx_word' id='word_1_728' title='bbox 989 5413 1087 5466; x_wconf 80' lang='grc' dir='ltr'>καί</span> <span class='ocrx_word' id='word_1_729' title='bbox 1114 5414 1150 5480; x_wconf 75' lang='grc' dir='ltr'>ἡ</span> <span class='ocrx_word' id='word_1_730' title='bbox 1173 5412 1375 5481; x_wconf 75' lang='grc' dir='ltr'>είρήνη</span> <span class='ocrx_word' id='word_1_731' title='bbox 1399 5410 1501 5465; x_wconf 82' lang='grc' dir='ltr'>τοῦ</span> <span class='ocrx_word' id='word_1_732' title='bbox 1530 5411 1676 5466; x_wconf 87' lang='grc' dir='ltr'>Θεοῦ</span> <span class='ocrx_word' id='word_1_733' title='bbox 1700 5412 1737 5479; x_wconf 81' lang='grc' dir='ltr'><strong>ἠ</strong></span> <span class='ocrx_word' id='word_1_734' title='bbox 1770 5410 2152 5481; x_wconf 79' lang='grc' dir='ltr'>ὑπερέχουσα</span> 
     </span>
    </p>
   </div>
   <div class='ocr_carea' id='block_1_101' title="bbox 656 5501 2154 5573">
    <p class='ocr_par' dir='ltr' id='par_1_101' title="bbox 656 5501 2154 5573">
     <span class='ocr_line' id='line_1_101' title="bbox 656 5501 2154 5573; baseline 0.001 -18"><span class='ocrx_word' id='word_1_735' title='bbox 656 5502 853 5556; x_wconf 80' lang='grc' dir='ltr'>πάντα</span> <span class='ocrx_word' id='word_1_736' title='bbox 880 5502 1030 5558; x_wconf 77' lang='grc' dir='ltr'>νοῦν</span> <span class='ocrx_word' id='word_1_737' title='bbox 1067 5504 1394 5572; x_wconf 71' lang='grc' dir='ltr'>φρουρήσει</span> <span class='ocrx_word' id='word_1_738' title='bbox 1430 5505 1538 5570; x_wconf 79' lang='grc' dir='ltr'>τὰς</span> <span class='ocrx_word' id='word_1_739' title='bbox 1578 5502 1824 5573; x_wconf 79' lang='grc' dir='ltr'>καρδίας</span> <span class='ocrx_word' id='word_1_740' title='bbox 1855 5501 2023 5573; x_wconf 81' lang='grc' dir='ltr'>ὑμῶν</span> <span class='ocrx_word' id='word_1_741' title='bbox 2057 5503 2154 5557; x_wconf 77' lang='grc' dir='ltr'>καὶ</span> 
     </span>
    </p>
   </div>
   <div class='ocr_carea' id='block_1_102' title="bbox 659 5592 1835 5663">
    <p class='ocr_par' dir='ltr' id='par_1_102' title="bbox 659 5592 1835 5663">
     <span class='ocr_line' id='line_1_102' title="bbox 659 5592 1835 5663; baseline 0.002 -18"><span class='ocrx_word' id='word_1_742' title='bbox 659 5596 729 5646; x_wconf 79' lang='grc' dir='ltr'>τὰ</span> <span class='ocrx_word' id='word_1_743' title='bbox 762 5592 1031 5662; x_wconf 76' lang='grc' dir='ltr'>νοήματα</span> <span class='ocrx_word' id='word_1_744' title='bbox 1063 5593 1229 5663; x_wconf 80' lang='grc' dir='ltr'>ὑμῶν</span> <span class='ocrx_word' id='word_1_745' title='bbox 1251 5597 1320 5648; x_wconf 83' lang='grc' dir='ltr'>ἐν</span> <span class='ocrx_word' id='word_1_746' title='bbox 1346 5593 1576 5663; x_wconf 84' lang='grc' dir='ltr'>Χριστῷ</span> <span class='ocrx_word' id='word_1_747' title='bbox 1611 5594 1835 5663; x_wconf 81' lang='grc' dir='ltr'>Ἰησοῦ.</span> 
     </span>
    </p>
   </div>
   <div class='ocr_carea' id='block_1_103' title="bbox 663 5683 2155 5757">
    <p class='ocr_par' dir='ltr' id='par_1_103' title="bbox 663 5683 2155 5757">
     <span class='ocr_line' id='line_1_103' title="bbox 663 5683 2155 5757; baseline 0.001 -20"><span class='ocrx_word' id='word_1_748' title='bbox 663 5690 733 5737; x_wconf 85' lang='grc' dir='ltr'>α’.</span> <span class='ocrx_word' id='word_1_749' title='bbox 754 5684 1037 5752; x_wconf 76' lang='grc' dir='ltr'>Μακάριοι</span> <span class='ocrx_word' id='word_1_750' title='bbox 1062 5688 1115 5740; x_wconf 77' lang='grc' dir='ltr'>οἱ</span> <span class='ocrx_word' id='word_1_751' title='bbox 1132 5687 1511 5754; x_wconf 77' lang='grc' dir='ltr'>πενθοῦντες,</span> <span class='ocrx_word' id='word_1_752' title='bbox 1530 5687 1642 5756; x_wconf 68' lang='grc' dir='ltr'>καὶ,</span> <span class='ocrx_word' id='word_1_753' title='bbox 1665 5687 1807 5741; x_wconf 80' lang='grc' dir='ltr'>Οὐαί</span> <span class='ocrx_word' id='word_1_754' title='bbox 1833 5685 1955 5753; x_wconf 83' lang='grc' dir='ltr'>τοῖς</span> <span class='ocrx_word' id='word_1_755' title='bbox 1978 5683 2155 5757; x_wconf 74' lang='grc' dir='ltr'>τελῶ-</span> 
     </span>
    </p>
   </div>
   <div class='ocr_carea' id='block_1_104' title="bbox 2249 4952 3797 5031">
    <p class='ocr_par' dir='ltr' id='par_1_104' title="bbox 2249 4952 3797 5031">
     <span class='ocr_line' id='line_1_104' title="bbox 2249 4952 3797 5031; baseline -0.006 -17"><span class='ocrx_word' id='word_1_756' title='bbox 2249 4974 2336 5023; x_wconf 85' lang='grc' dir='ltr'>σι,</span> <span class='ocrx_word' id='word_1_757' title='bbox 2356 4959 2520 5031; x_wconf 72' lang='grc' dir='ltr'>φησὶν</span> <span class='ocrx_word' id='word_1_758' title='bbox 2550 4961 2579 5013; x_wconf 90' lang='grc' dir='ltr'>ὀ</span> <span class='ocrx_word' id='word_1_759' title='bbox 2602 4957 2856 5029; x_wconf 87' lang='grc' dir='ltr'>Χριστός.</span> <span class='ocrx_word' id='word_1_760' title='bbox 2892 4958 2958 5012; x_wconf 84' lang='grc' dir='ltr'>Τί</span> <span class='ocrx_word' id='word_1_761' title='bbox 2985 4952 3078 5013; x_wconf 80' lang='grc' dir='ltr'>οῦν</span> <span class='ocrx_word' id='word_1_762' title='bbox 3106 4960 3135 5013; x_wconf 90' lang='grc' dir='ltr'>ὀ</span> <span class='ocrx_word' id='word_1_763' title='bbox 3161 4957 3372 5021; x_wconf 86' lang='grc' dir='ltr'>Παῦλός</span> <span class='ocrx_word' id='word_1_764' title='bbox 3397 4975 3553 5029; x_wconf 85' lang='grc' dir='ltr'>φησι,</span> <span class='ocrx_word' id='word_1_765' title='bbox 3578 4955 3797 5026; x_wconf 72' lang='grc' dir='ltr'>Χαίρετε</span> 
     </span>
    </p>
   </div>
   <div class='ocr_carea' id='block_1_105' title="bbox 2249 5041 3798 5120">
    <p class='ocr_par' dir='ltr' id='par_1_105' title="bbox 2249 5041 3798 5120">
     <span class='ocr_line' id='line_1_105' title="bbox 2249 5041 3798 5120; baseline -0.001 -18"><span class='ocrx_word' id='word_1_766' title='bbox 2249 5049 2319 5102; x_wconf 86' lang='grc' dir='ltr'>ἐν</span> <span class='ocrx_word' id='word_1_767' title='bbox 2340 5051 2532 5119; x_wconf 86' lang='grc' dir='ltr'>Κυρίῳ</span> <span class='ocrx_word' id='word_1_768' title='bbox 2554 5050 2809 5104; x_wconf 81' lang='grc' dir='ltr'>πάντοτε</span> <span class='ocrx_word' id='word_1_769' title='bbox 2823 5067 2841 5115; x_wconf 90' lang='grc'><strong><em>;</em></strong></span> <span class='ocrx_word' id='word_1_770' title='bbox 2856 5049 2953 5102; x_wconf 78' lang='grc' dir='ltr'>οὐκ</span> <span class='ocrx_word' id='word_1_771' title='bbox 2974 5048 3381 5120; x_wconf 87' lang='grc' dir='ltr'>ἐναντιούμενος</span> <span class='ocrx_word' id='word_1_772' title='bbox 3391 5047 3469 5118; x_wconf 80' lang='grc' dir='ltr'>τῷ</span> <span class='ocrx_word' id='word_1_773' title='bbox 3489 5046 3714 5119; x_wconf 70' lang='grc' dir='ltr'>Χριστῷο</span> <span class='ocrx_word' id='word_1_774' title='bbox 3735 5041 3798 5111; x_wconf 72' lang='grc' dir='ltr'>μὴ</span> 
     </span>
    </p>
   </div>
   <div class='ocr_carea' id='block_1_106' title="bbox 2249 5132 3793 5209">
    <p class='ocr_par' dir='ltr' id='par_1_106' title="bbox 2249 5132 3793 5209">
     <span class='ocr_line' id='line_1_106' title="bbox 2249 5132 3793 5209; baseline -0.001 -17"><span class='ocrx_word' id='word_1_775' title='bbox 2249 5142 2477 5208; x_wconf 86' lang='grc' dir='ltr'>γένοιτο.</span> <span class='ocrx_word' id='word_1_776' title='bbox 2508 5141 2640 5193; x_wconf 75' lang='grc' dir='ltr'>Οὐαὶ</span> <span class='ocrx_word' id='word_1_777' title='bbox 2672 5140 2777 5209; x_wconf 84' lang='grc' dir='ltr'>γὰρ</span> <span class='ocrx_word' id='word_1_778' title='bbox 2800 5143 2909 5201; x_wconf 83' lang='grc' dir='ltr'>τοῖς</span> <span class='ocrx_word' id='word_1_779' title='bbox 2933 5139 3183 5207; x_wconf 83' lang='grc' dir='ltr'>γελῶσιν,</span> <span class='ocrx_word' id='word_1_780' title='bbox 3207 5133 3361 5193; x_wconf 73' lang='grc' dir='ltr'>εἶπεν</span> <span class='ocrx_word' id='word_1_781' title='bbox 3394 5141 3423 5192; x_wconf 92' lang='lat'>6</span> <span class='ocrx_word' id='word_1_782' title='bbox 3456 5136 3700 5208; x_wconf 74' lang='grc' dir='ltr'>Χριστὸς,</span> <span class='ocrx_word' id='word_1_783' title='bbox 3720 5132 3793 5186; x_wconf 68' lang='grc' dir='ltr'>τὸν</span> 
     </span>
    </p>
   </div>
   <div class='ocr_carea' id='block_1_107' title="bbox 2250 5225 3791 5301">
    <p class='ocr_par' dir='ltr' id='par_1_107' title="bbox 2250 5225 3791 5301">
     <span class='ocr_line' id='line_1_107' title="bbox 2250 5225 3791 5301; baseline -0.007 -17"><span class='ocrx_word' id='word_1_784' title='bbox 2250 5231 2459 5299; x_wconf 88' lang='grc' dir='ltr'>γέλωτα</span> <span class='ocrx_word' id='word_1_785' title='bbox 2491 5230 2582 5283; x_wconf 88' lang='grc' dir='ltr'>τοῦ</span> <span class='ocrx_word' id='word_1_786' title='bbox 2604 5230 2808 5301; x_wconf 78' lang='grc' dir='ltr'>κόσμου</span> <span class='ocrx_word' id='word_1_787' title='bbox 2836 5230 3023 5283; x_wconf 88' lang='grc' dir='ltr'>τούτου</span> <span class='ocrx_word' id='word_1_788' title='bbox 3054 5229 3446 5299; x_wconf 73' lang='grc' dir='ltr'>αἰνιττόμενος,</span> <span class='ocrx_word' id='word_1_789' title='bbox 3477 5228 3569 5281; x_wconf 80' lang='grc' dir='ltr'>τὸν</span> <span class='ocrx_word' id='word_1_790' title='bbox 3597 5228 3680 5280; x_wconf 58' lang='grc' dir='ltr'>ἐπὶ</span> <span class='ocrx_word' id='word_1_791' title='bbox 3699 5225 3791 5284; x_wconf 68' lang='grc' dir='ltr'>τοῖς</span> 
     </span>
    </p>
   </div>
   <div class='ocr_carea' id='block_1_108' title="bbox 2255 5315 3788 5391">
    <p class='ocr_par' dir='ltr' id='par_1_108' title="bbox 2255 5315 3788 5391">
     <span class='ocr_line' id='line_1_108' title="bbox 2255 5315 3788 5391; baseline -0.006 -17"><span class='ocrx_word' id='word_1_792' title='bbox 2255 5319 2487 5390; x_wconf 83' lang='grc' dir='ltr'>παροῦσι</span> <span class='ocrx_word' id='word_1_793' title='bbox 2518 5320 2799 5390; x_wconf 86' lang='grc' dir='ltr'>γινόμενον</span> <span class='ocrx_word' id='word_1_794' title='bbox 2829 5321 3147 5391; x_wconf 77' lang='grc' dir='ltr'>πράγμασιο</span> <span class='ocrx_word' id='word_1_795' title='bbox 3189 5319 3284 5371; x_wconf 77' lang='grc' dir='ltr'>καὶ</span> <span class='ocrx_word' id='word_1_796' title='bbox 3322 5321 3448 5382; x_wconf 79' lang='grc' dir='ltr'>τοὺς</span> <span class='ocrx_word' id='word_1_797' title='bbox 3498 5315 3788 5374; x_wconf 67' lang='grc' dir='ltr'>πενθοῦντες</span> 
     </span>
    </p>
   </div>
   <div class='ocr_carea' id='block_1_109' title="bbox 2249 5403 3785 5483">
    <p class='ocr_par' dir='ltr' id='par_1_109' title="bbox 2249 5403 3785 5483">
     <span class='ocr_line' id='line_1_109' title="bbox 2249 5403 3785 5483; baseline -0.006 -19"><span class='ocrx_word' id='word_1_798' title='bbox 2249 5411 2606 5483; x_wconf 87' lang='grc' dir='ltr'>ἐμακάρισεν,</span> <span class='ocrx_word' id='word_1_799' title='bbox 2633 5412 2695 5464; x_wconf 82' lang='grc' dir='ltr'>οὐ</span> <span class='ocrx_word' id='word_1_800' title='bbox 2725 5412 2851 5474; x_wconf 76' lang='grc' dir='ltr'>τοὺς</span> <span class='ocrx_word' id='word_1_801' title='bbox 2889 5411 3076 5474; x_wconf 85' lang='grc' dir='ltr'>ἁπλῶς</span> <span class='ocrx_word' id='word_1_802' title='bbox 3103 5409 3441 5473; x_wconf 87' lang='grc' dir='ltr'>πενθοῦντας</span> <span class='ocrx_word' id='word_1_803' title='bbox 3464 5411 3555 5462; x_wconf 75' lang='grc' dir='ltr'>ἐπὶ</span> <span class='ocrx_word' id='word_1_804' title='bbox 3578 5410 3684 5467; x_wconf 78' lang='grc' dir='ltr'>ταῖς</span> <span class='ocrx_word' id='word_1_805' title='bbox 3702 5403 3785 5455; x_wconf 82' lang='grc' dir='ltr'>τῶν</span> 
     </span>
    </p>
   </div>
   <div class='ocr_carea' id='block_1_110' title="bbox 2249 5498 3780 5571">
    <p class='ocr_par' dir='ltr' id='par_1_110' title="bbox 2249 5498 3780 5571">
     <span class='ocr_line' id='line_1_110' title="bbox 2249 5498 3780 5571; baseline -0.005 -16"><span class='ocrx_word' id='word_1_806' title='bbox 2249 5502 2461 5555; x_wconf 81' lang='grc' dir='ltr'>οἰκείων</span> <span class='ocrx_word' id='word_1_807' title='bbox 2490 5501 2810 5564; x_wconf 80' lang='grc' dir='ltr'>ἀποϐολαίς,</span> <span class='ocrx_word' id='word_1_808' title='bbox 2844 5501 2979 5556; x_wconf 86' lang='grc' dir='ltr'>ἀλλά</span> <span class='ocrx_word' id='word_1_809' title='bbox 3008 5503 3135 5567; x_wconf 78' lang='grc' dir='ltr'>τοὺς</span> <span class='ocrx_word' id='word_1_810' title='bbox 3169 5503 3683 5571; x_wconf 79' lang='grc' dir='ltr'>κατανενυγμένους,</span> <span class='ocrx_word' id='word_1_811' title='bbox 3707 5498 3780 5547; x_wconf 67' lang='grc' dir='ltr'>καὶ</span> 
     </span>
    </p>
   </div>
   <div class='ocr_carea' id='block_1_111' title="bbox 2250 5587 3779 5661">
    <p class='ocr_par' dir='ltr' id='par_1_111' title="bbox 2250 5587 3779 5661">
     <span class='ocr_line' id='line_1_111' title="bbox 2250 5587 3779 5661; baseline -0.003 -13"><span class='ocrx_word' id='word_1_812' title='bbox 2250 5595 2319 5648; x_wconf 73' lang='grc' dir='ltr'>τά</span> <span class='ocrx_word' id='word_1_813' title='bbox 2347 5595 2526 5647; x_wconf 88' lang='grc' dir='ltr'>οἰκεῖα</span> <span class='ocrx_word' id='word_1_814' title='bbox 2560 5592 2887 5657; x_wconf 88' lang='grc' dir='ltr'>πενθοῦντας</span> <span class='ocrx_word' id='word_1_815' title='bbox 2909 5593 3073 5658; x_wconf 85' lang='grc' dir='ltr'>κακά,</span> <span class='ocrx_word' id='word_1_816' title='bbox 3104 5595 3230 5658; x_wconf 80' lang='grc' dir='ltr'>τοὺς</span> <span class='ocrx_word' id='word_1_817' title='bbox 3254 5594 3321 5647; x_wconf 87' lang='grc' dir='ltr'>τά</span> <span class='ocrx_word' id='word_1_818' title='bbox 3347 5593 3556 5647; x_wconf 87' lang='grc' dir='ltr'>ἐαυτῶν</span> <span class='ocrx_word' id='word_1_819' title='bbox 3575 5587 3779 5661; x_wconf 70' lang='grc' dir='ltr'>ἁμαρτή-</span> 
     </span>
    </p>
   </div>
   <div class='ocr_carea' id='block_1_112' title="bbox 2253 5679 3775 5758">
    <p class='ocr_par' dir='ltr' id='par_1_112' title="bbox 2253 5679 3775 5758">
     <span class='ocr_line' id='line_1_112' title="bbox 2253 5679 3775 5758; baseline -0.007 -18"><span class='ocrx_word' id='word_1_820' title='bbox 2253 5702 2397 5758; x_wconf 89' lang='grc' dir='ltr'>ματα</span> <span class='ocrx_word' id='word_1_821' title='bbox 2432 5682 2937 5755; x_wconf 80' lang='grc' dir='ltr'>ἀναλογιζομένους,</span> <span class='ocrx_word' id='word_1_822' title='bbox 2966 5686 2998 5755; x_wconf 77' lang='grc' dir='ltr'>ἢ</span> <span class='ocrx_word' id='word_1_823' title='bbox 3032 5686 3126 5740; x_wconf 75' lang='grc' dir='ltr'>καὶ</span> <span class='ocrx_word' id='word_1_824' title='bbox 3154 5688 3223 5742; x_wconf 85' lang='grc' dir='ltr'>τά</span> <span class='ocrx_word' id='word_1_825' title='bbox 3252 5685 3530 5757; x_wconf 77' lang='grc' dir='ltr'>ἀλλότρια.</span> <span class='ocrx_word' id='word_1_826' title='bbox 3563 5684 3667 5739; x_wconf 78' lang='grc' dir='ltr'>Οὐκ</span> <span class='ocrx_word' id='word_1_827' title='bbox 3692 5679 3775 5733; x_wconf 70' lang='grc' dir='ltr'>ἔστι</span> 
     </span>
    </p>
   </div>
  </div>
