4044 6202
302 400 402 455 281

295 516 619 579 ratrntluens,
649 527 770 583 qua:
801 509 960 566 nullis
1006 507 1185 564 verbis
1211 507 1435 578 exprimi
1466 515 1662 577 potest,
1705 520 1891 560 omnes

296 625 430 663 vero
450 606 709 661 festinant
736 603 1003 658 adducere
1042 602 1093 654 in
1142 601 1373 655 medium
1420 599 1658 654 electos:
1690 597 1886 653 deinde

298 701 500 754 Paulus
525 708 580 753 et
612 697 643 751 ii
669 696 758 766 qui
791 694 1013 749 Paulum
1040 693 1228 748 sectati
1256 700 1401 756 sunt,
1438 691 1634 760 quique
1660 690 1730 744 ita
1762 704 1887 759 pro-

301 790 410 845 bati
441 797 600 854 sunt,
640 795 991 850 coronantur,
1022 783 1401 853 praedicantur,
1424 797 1453 836 a
1503 780 1647 850 Rege
1676 780 1727 834 in
1758 796 1886 834 con-

300 890 486 949 spectu
520 880 680 933 totius
710 877 941 931 caelestis
983 876 1255 929 exercitus
1301 874 1507 928 honore
1556 872 1878 927 afﬁciuntur.

300 972 435 1027 Nam
456 969 663 1025 etiamsi
686 967 926 1038 gehenna
957 981 1059 1021 non
1079 974 1242 1033 esset,
1266 975 1518 1035 quantum
1549 973 1723 1018 tamen
1755 962 1883 1016 lllud

300 1075 405 1123 est.
440 1062 537 1115 hos
561 1060 773 1129 quidem
804 1060 1089 1123 honorem,
1123 1058 1241 1113 illos
1269 1072 1399 1112 vero
1426 1057 1765 1126 ignominiam
1795 1070 1884 1110 re-

300 1154 558 1225 portare?
599 1151 957 1209 Intolerabilis
1005 1166 1094 1206 res
1123 1160 1205 1204 est
1250 1148 1531 1219 gehenna,
1587 1146 1789 1209 fateor,
1832 1155 1883 1199 et

298 1246 456 1300 valde
503 1244 716 1314 quidem
766 1240 1155 1305 intolerabilis;
1213 1247 1448 1294 attamen
1498 1236 1885 1293 intolerabilius

299 1338 434 1393 mihi
460 1336 671 1391 videtur
700 1334 769 1389 de
798 1348 964 1405 regno
1003 1330 1292 1388 decidisse.
1326 1330 1475 1386 Cedo
1501 1330 1665 1390 enim,
1693 1329 1736 1381 si
1764 1327 1884 1395 quis

297 1443 395 1482 rex
416 1426 498 1480 vel
524 1426 670 1495 regis
698 1424 857 1488 (ilius,
883 1423 1045 1478 domo
1072 1421 1340 1492 profectus
1367 1419 1548 1475 multis
1566 1418 1719 1473 bellis
1736 1432 1885 1486 egre-

297 1519 386 1589 gie
422 1516 1043 1586 confectis-magnaque
1085 1514 1165 1570 sui
1214 1513 1565 1568 admiratione
1595 1519 1880 1573 commota,

299 1609 554 1664 universo
579 1608 867 1663 comitatus
897 1605 1132 1661 exercitu
1174 1605 1226 1659 in
1253 1603 1517 1660 civitatem
1548 1602 1778 1671 aliquam
1805 1601 1886 1654 in-

298 1701 615 1773 grederetur
640 1716 763 1756 cum
792 1699 1062 1763 vehiculo,
1099 1711 1220 1752 cum
1253 1695 1488 1766 tropzeis,
1511 1709 1631 1750 cum
1658 1707 1881 1747 sexcen-

303 1796 375 1849 tis
393 1794 626 1848 militum
648 1790 929 1845 ordinibus
957 1804 1090 1845 auro
1116 1795 1430 1843 onustarum
1452 1827 1467 1852 ,
1497 1800 1617 1840 eum
1645 1783 1885 1838 satelliti-

301 1887 410 1941 bus
456 1885 705 1939 omnibus
741 1896 936 1938 aureos
986 1881 1204 1952 clypeos
1231 1876 1593 1950 gestantibus;
1636 1874 1881 1929 universa

300 1989 495 2035 autem
526 1978 709 2033 civitas
732 1986 980 2031 coronata
1013 1982 1176 2039 esset,
1209 1985 1505 2042 omnesque
1545 1967 1692 2024 orbis
1740 1967 1884 2035 prin-

308 2071 464 2142 cipes
490 2084 607 2125 cum
648 2068 790 2137 ipso;
840 2081 870 2120 a
920 2074 1070 2136 tergo
1124 2072 1304 2118 autem
1354 2061 1527 2131 ipsum
1574 2065 1887 2128 sequeretur

307 2162 487 2216 ornnis
505 2175 711 2231 quoque
730 2168 863 2214 tetas
888 2165 1195 2213 exterarum
1226 2154 1499 2207 nationum
1517 2149 1880 2220 captiva,cum

297 2249 594 2322 prafectis,
620 2248 866 2319 satrapis,
885 2245 1214 2306 consulibus,
1230 2240 1495 2314 tyrannis,
1522 2238 1848 2310 principibus
1867 2253 1882 2289 :

298 2342 500 2398 deinde
540 2342 590 2395 in
622 2340 878 2410 praeclara
906 2339 995 2392 illa
1027 2351 1219 2408 pompa
1248 2334 1459 2389 obviam
1489 2331 1589 2385 sibi
1617 2329 1886 2399 prodeun-

207 2456 217 2464 ο
299 2448 391 2492 tes
437 2437 580 2491 cives
633 2433 1002 2502 amplexetur,
1031 2427 1337 2493 osculetur,
1388 2440 1600 2479 manum
1633 2421 1880 2492 porrigat,

294 2543 517 2584 omnem
563 2527 651 2580 det
696 2523 944 2594 loquendi
977 2521 1303 2584 libertatem,
1339 2525 1503 2587 atque
1543 2515 1594 2569 in
1647 2514 1885 2568 omnium

295 2628 593 2688 conspectu
642 2630 765 2670 cum
802 2613 933 2683 ipsis
963 2621 1020 2666 ut
1048 2624 1169 2666 cum
1202 2608 1388 2664 amicis
1414 2606 1768 2676 colloquatur,
1808 2613 1889 2656 to-

294 2720 520 2779 tnmque
541 2706 672 2761 illud
691 2706 792 2759 iter
814 2704 1050 2774 ipsorum
1074 2701 1175 2757 sibi
1205 2714 1363 2755 causa
1388 2706 1695 2766 susceptum
1722 2692 1882 2757 dicat,

296 2813 465 2872 atque
518 2799 620 2854 hos
664 2797 878 2869 quidem
907 2796 958 2849 in
1003 2794 1201 2864 regiam
1250 2804 1402 2846 suam
1448 2788 1723 2859 perducat,
1753 2785 1889 2838 alios

292 2908 433 2948 vero
461 2891 799 2959 derelinquat
826 2905 839 2943 :
867 2894 1125 2957 quantum
1173 2882 1225 2937 id
1255 2882 1400 2936 omni
1434 2877 1696 2948 supplicio
1717 2876 1889 2945 majus

296 2995 410 3048 est,
458 2982 617 3036 etiam
652 2980 697 3034 si
726 2979 800 3034 illi
841 2975 1105 3047 supplicio
1129 2990 1238 3029 non
1270 2970 1616 3026 afﬁciantur?
1660 2967 1811 3035 Quod
1844 2968 1887 3020 si

295 3076 445 3145 apud
479 3074 751 3128 hominem
793 3070 930 3126 adeo
957 3083 1196 3123 amarum
1230 3074 1311 3121 est
1336 3065 1403 3119 de
1428 3063 1595 3133 gloria
1626 3060 1715 3114 illa
1745 3059 1891 3114 deci-

296 3169 469 3233 disse,
504 3167 673 3219 multo
715 3164 880 3234 magis
902 3162 1039 3231 apud
1070 3160 1253 3223 Deum,
1288 3171 1409 3212 cum
1437 3168 1645 3223 supera:
1667 3160 1891 3222 potesta-

295 3270 390 3317 tes
409 3275 510 3315 una
540 3275 661 3314 cum
689 3258 834 3327 Rege
860 3255 1077 3318 adsunt,
1105 3269 1223 3308 cum
1245 3252 1520 3306 dthOIICS
1548 3247 1707 3301 vineti
1732 3256 1891 3316 atque

294 3355 534 3418 incurvi,
563 3351 808 3405 diabolus
852 3349 967 3419 ipse
992 3346 1238 3401 manibus
1269 3342 1521 3398 revinctis
1547 3339 1739 3410 agitur,
1770 3352 1890 3391 om-

298 3461 486 3515 neque
511 3443 939 3499 adversariorum
960 3439 1156 3503 robur;
1198 3451 1318 3491 eum
1357 3435 1589 3489 Virtutes
1613 3431 1887 3496 caalorutn,

258 3606 259 3609 η
292 3552 429 3593 cum
454 3536 565 3604 ipse
591 3536 642 3587 in
670 3532 896 3587 nubibus
945 3528 1205 3584 advenit?
1232 3525 1449 3581 Credite
1478 3523 1630 3590 mihi,
1660 3537 1770 3591 pra:
1796 3519 1892 3575 do-

291 3630 444 3694 lore,
465 3625 803 3698 quianimum
832 3638 1007 3678 meutn
1036 3637 1099 3676 ex
1128 3621 1227 3674 hac
1254 3617 1560 3674 narratione
1586 3613 1889 3682 occupavit,

291 3721 604 3776 orationem
634 3716 701 3771 ad
731 3714 930 3771 exitum
953 3711 1248 3784 perducere
1268 3724 1371 3763 non
1404 3721 1643 3778 possunt.
1674 3703 1889 3773 Cogite-

295 3826 448 3875 mus,
481 3819 676 3880 quanta
704 3809 972 3877 privemur
999 3804 1187 3875 gloria,
1210 3817 1333 3857 cum
1362 3801 1415 3855 in
1443 3798 1598 3853 nobis
1624 3797 1782 3851 situm
1824 3793 1894 3849 sit

294 3919 418 3960 non
469 3901 686 3971 privari.
721 3898 830 3954 Hoc
859 3898 1002 3952 enim
1034 3903 1118 3950 est
1141 3893 1283 3964 quod
1330 3891 1561 3946 maxime
1581 3887 1746 3957 angit,
1779 3884 1894 3940 haec

295 3996 442 4069 pati,
472 4010 592 4049 cum
636 3995 688 4047 in
717 4001 896 4047 nostra
926 3998 1192 4060 potestate
1223 3987 1293 4041 sit
1319 4001 1425 4040 non
1451 3985 1579 4055 pati.
1609 3983 1741 4037 Nam
1771 3995 1891 4035 cum

296 4089 416 4143 hos
435 4086 644 4157 quidem
675 4082 1036 4154 amplectitur,
1055 4088 1110 4136 et
1125 4078 1287 4133 mittit
1304 4078 1357 4131 in
1382 4076 1542 4131 caelos
1568 4073 1634 4127 ad
1660 4073 1891 4135 Patrem,

296 4179 439 4232 illos
467 4190 596 4231 vero
621 4175 844 4239 omittit;
900 4171 1074 4241 angeli
1100 4167 1316 4240 quidam
1352 4165 1476 4220 illos
1502 4161 1895 4234 prehendentes

296 4272 361 4327 in
393 4269 653 4338 gehennae
675 4267 850 4336 ignem
870 4264 1084 4328 invitos,
1112 4260 1325 4323 ﬂentes,
1344 4257 1593 4311 incurvos
1612 4253 1892 4315 traxerint,

295 4378 373 4417 ac
393 4371 504 4413 tum
528 4360 763 4423 demum,
784 4372 903 4412 cum
930 4355 1183 4410 universo
1195 4350 1311 4406 orbi
1335 4347 1640 4419 spectaculo
1666 4345 1892 4400 fuerint:

297 4458 571 4523 quantum
596 4458 749 4519 putas
776 4446 979 4502 doloris
1003 4441 1246 4498 hauriri?
1272 4439 1518 4495 Studium
1553 4436 1713 4508 igitur
1735 4434 1893 4490 adhi-

296 4544 559 4606 beamus,
587 4538 837 4611 quamdiu
883 4546 1095 4605 tempus
1138 4542 1241 4598 est,
1271 4539 1617 4599 nostramque
1660 4528 1896 4596 ipsorum

299 4632 547 4688 salutem
575 4629 803 4685 sollicite
838 4641 1107 4683 curemus.
1138 4623 1346 4692 Quanta
1373 4621 1556 4676 dicere
1595 4632 1894 4689 pOssemus,

298 4724 493 4794 qualia
521 4722 670 4777 dives
700 4721 792 4776 ille
817 4719 1027 4774 dicebat
1059 4734 1071 4770 :
1096 4716 1153 4770 Si
1176 4714 1296 4785 quis
1324 4726 1466 4767 nunc
1490 4724 1587 4765 nos
1606 4709 1768 4771 sinat,
1791 4717 1899 4762 sta-

304 4828 590 4872 tueremus
618 4828 708 4873 ea.
731 4826 848 4882 qua:
875 4811 928 4864 in
956 4822 1071 4864 rem
1103 4815 1342 4862 nostram
1368 4811 1572 4867 essent,
1597 4801 1691 4855 sed
1720 4799 1900 4854 nullus

1147 389 1214 448 IN
1257 388 1473 446 EPlST.
1517 388 1609 444 AD
1647 386 1931 443 PIIILIPP.
1966 384 2118 443 CAP.
2160 386 2248 447 IV.
2292 392 2517 452 "OM"...
2567 397 2707 454 XIV.

3454 382 3569 461 ait?

2000 504 2163 560 sinit?
2193 508 2443 581 Taliaque
2471 529 2565 568 nos
2597 515 2831 571 dicturos
2862 534 2962 571 ιιιιιι
3010 521 3181 575 solum
3209 537 3274 574 ex
3327 522 3439 587 illo,
3472 525 3565 579 sed

1991 596 2152 651 etiam
2202 613 2266 653 ex
2298 603 2476 658 multis
2506 606 2625 659 aliis
2675 606 3011 663 manifestum
3042 622 3142 665 est.
3180 612 3331 674 Nam,
3364 625 3419 667 ut
3448 615 3569 671 hinc

1991 690 2149 744 etiam
2181 692 2375 757 discas,
2408 707 2537 762 quot
2578 697 2789 752 fuerunt
2810 701 2897 769 qui
2927 717 3045 755 cum
3074 701 3204 757 febri
3241 706 3571 772 laborarent,

1993 779 2059 832 ita
2087 779 2354 849 dixerunt,
2387 786 2442 840 Si
2474 788 2746 854 pristinam
2774 790 3132 845 valetudinem
3166 808 3568 865 recuperemns,

1990 885 2278 940 numquam
2311 880 2531 942 posthac
2574 878 2624 931 in
2657 876 2768 933 hare
2808 879 2995 934 eadem
3037 881 3174 935 mala
3222 882 3570 943 decide‘mus‘.’

1988 959 2151 1016 Multa
2192 963 2492 1035 bnjusmodi
2522 977 2648 1024 tunc
2678 971 2917 1027 dicemus
2944 989 2958 1035 ι
2991 975 3082 1026 sed
3113 989 3179 1028 an
3222 971 3417 1040 iemus,
3451 995 3570 1047 qua:

1989 1051 2136 1131 dives
2163 1055 2249 1109 ille
2273 1056 2424 1121 (Luc.
2451 1061 2538 1116 16.
2562 1060 2656 1121 26)
2675 1103 2686 1125 ,
2704 1076 2950 1130 magnum
2985 1064 3182 1119 hiatum
3210 1067 3567 1135 intercedere,

1990 1140 2076 1197 hic
2098 1158 2194 1199 nos
2223 1158 2403 1202 nostra
2428 1149 2572 1204 bona
2604 1153 2896 1224 accepisse.
2927 1155 3163 1210 Obsecro
3194 1158 3570 1227 igitur,amare

1988 1233 2247 1302 ﬂeamus;
2284 1249 2376 1293 aut
2409 1245 2584 1311 potius
2614 1259 2721 1298 non
2750 1253 2953 1299 tantum
3010 1248 3256 1313 ﬂeamus,
3286 1250 3379 1305 sed
3406 1253 3567 1307 etiam

1989 1330 2236 1385 virtutem
2263 1333 2534 1389 adeamus.
2568 1335 2865 1407 Lugeamus
2911 1353 3051 1394 nunc
3077 1340 3142 1395 ad
3197 1342 3422 1397 salutem
3448 1385 3465 1411 ,
3502 1359 3570 1398 ne

1990 1431 2114 1477 tunc
2141 1423 2336 1477 frustra
2366 1427 2675 1496 lugeamus:
2711 1429 2985 1499 ploremus
3013 1447 3177 1497 nunc,
3211 1442 3266 1487 et
3287 1445 3410 1488 tunc
3462 1452 3569 1492 non

1987 1515 2314 1584 plorabimus
2345 1532 2410 1570 ex
2456 1517 2797 1587 improbitate
2826 1538 2839 1575 :
2870 1522 3027 1576 ﬂetus
3073 1522 3159 1578 hie
3209 1525 3423 1579 virtutis
3466 1536 3568 1591 est,

1988 1606 2075 1660 ille
2120 1622 2250 1662 vero
2298 1608 2498 1662 inutilis
2529 1612 2855 1678 pmnitentim
2887 1631 2900 1667 :
2928 1613 3243 1669 aﬂlictemns
3290 1630 3432 1670 nunc
3472 1632 3570 1671 nos

1988 1697 2155 1764 ipsos,
2179 1714 2242 1751 ne
2269 1707 2397 1752 tunc
2424 1699 2761 1755 aluit-temur.
2796 1702 3018 1757 Multum
3070 1704 3294 1760 interest
3321 1706 3407 1761 hic
3431 1707 3570 1761 ami-

1987 1790 2141 1857 clari,
2174 1800 2228 1846 et
2275 1791 2366 1845 ibi.
2397 1791 2527 1846 Nam
2576 1792 2661 1848 hic
2709 1795 2925 1863 quidem
2975 1795 3042 1850 ad
3098 1796 3260 1851 breve
3297 1799 3570 1854 altlietaris

1991 1892 2233 1952 tempus;
2264 1884 2437 1952 potius
2457 1894 2633 1941 autem
2665 1902 2731 1943 ne
2775 1902 2990 1943 sensum
3022 1890 3235 1959 quidem
3266 1891 3569 1948 amictionis

1989 1975 2154 2043 capis.
2214 1976 2548 2046 exploratum
2593 1978 2796 2034 habens
2825 1979 3068 2035 al‘llietari
3099 1989 3184 2047 te,
3215 1990 3271 2037 ut
3299 1983 3435 2038 bene
3474 1984 3569 2039 tibi

1987 2065 2096 2120 sit:
2133 2066 2202 2120 ibi
2236 2082 2364 2123 vero
2393 2067 2550 2139 longe
2579 2068 2767 2124 durior
2802 2070 3053 2138 attlictio;
3099 2072 3242 2128 nulla
3285 2074 3428 2129 enim
3476 2090 3572 2144 spe

1987 2164 2282 2220 recreatur,
2316 2171 2488 2228 neque
2517 2159 2720 2214 exitum
2748 2159 2974 2224 invenit,
3004 2160 3097 2215 sed
3128 2162 3328 2217 infinita
3356 2178 3419 2219 ac
3444 2180 3573 2231 per-

1991 2255 2147 2317 petua
2178 2256 2280 2304 est.
2325 2247 2541 2305 Utinam
2569 2266 2699 2307 vero
2730 2250 2855 2308 hinc
2878 2253 3094 2307 liberati
3141 2254 3383 2324 requiem
3425 2256 3569 2309 illam

1988 2356 2400 2413 consequamur.
2429 2343 2534 2399 Sed
2565 2344 2837 2414 quoniam,
2894 2352 2954 2400 ut
3006 2360 3073 2400 ne
3102 2360 3414 2416 peccemus,
3449 2363 3571 2402 cum

1989 2434 2206 2489 assiduo
2234 2434 2430 2499 studio,
2463 2445 2571 2489 tum
2624 2435 2853 2491 assiduis
2882 2438 3131 2506 precibus
3156 2453 3291 2508 opus
3328 2446 3429 2503 est,
3456 2448 3571 2494 stu-

1990 2525 2235 2592 deamus,
2268 2541 2474 2595 quieso,
2525 2528 2766 2595 requiem
2818 2528 2961 2581 illam
3012 2531 3290 2597 consequi.
3348 2530 3479 2584 Nam
3528 2532 3573 2585 si

1991 2617 2300 2672 Studeamus
2328 2624 2382 2671 et
2411 2631 2693 2685 precemur
2715 2657 2730 2681 ,
2776 2597 3203 2685 conse‘quentur:
3261 2619 3304 2672 si
3360 2622 3574 2674 assidue

1993 2695 2350 2779 precabimur,
2382 2708 2528 2762 dabit
2557 2708 2715 2763 Deus.
2764 2708 2856 2764 Sin
2907 2719 3085 2763 autem
3140 2725 3314 2780 neque
3345 2710 3412 2766 ab
3457 2712 3574 2781 ipso

1990 2807 2255 2867 petamus,
2298 2813 2397 2852 nec
2423 2798 2709 2868 quidquam
2737 2798 3000 2867 ejusmodi
3037 2807 3371 2867 praestemus,
3405 2803 3576 2854 omni—

1993 2902 2168 2957 noque
2197 2887 2328 2942 nihil
2379 2903 2644 2959 agamus:
2675 2889 2765 2958 qui
2817 2888 2929 2943 ﬁeri
2963 2904 3212 2957 umquam
3271 2899 3467 2959 potest,
3519 2902 3579 2946 ut

1993 2978 2318 3034 dormientes
2340 2980 2781 3050 consequamur?
2831 2980 2997 3035 Plane
3052 2994 3157 3033 non
3195 2990 3388 3051 potest.
3435 2981 3578 3037 Satis

1994 3071 2134 3124 enim
2168 3071 2302 3125 bene
2346 3071 2621 3126 nobiscum
2652 3080 2840 3142 agetur
2860 3111 2875 3136 ,
2916 3070 2961 3125 si
3014 3080 3297 3127 currentes
3325 3113 3340 3137 ,
3373 3087 3579 3143 nosque

1994 3159 2139 3229 ipsos
2178 3160 2550 3227 extendentes,
2577 3171 2631 3215 et
2658 3160 3105 3215 conformeslacti
3154 3160 3312 3216 morti
3354 3163 3490 3230 ejus,
3522 3175 3578 3216 ut

1995 3251 2189 3307 Paulus
2215 3252 2443 3314 dicebat,
2465 3253 2719 3321 consequi
2751 3251 3115 3320 potuerimus;
3141 3252 3360 3305 minime
3386 3268 3511 3307 vero
3532 3255 3577 3307 si

1995 3343 2341 3397 dormiamus.
2367 3343 2428 3396 Si
2463 3342 2737 3411 quomodo,
2759 3343 2946 3412 inquit,
2965 3357 3226 3397 occurram
3248 3343 3507 3414 (Philipp.
3521 3343 3576 3397 5.

1996 3436 2056 3490 ll
2092 3434 2135 3504 ).
2157 3433 2307 3503 Quod
2336 3433 2382 3488 si
2413 3432 2608 3487 Paulus
2650 3432 2879 3494 dicebat,
2910 3432 2971 3487 Si
3012 3433 3262 3502 quomodo
3288 3448 3574 3497 occurram,

1995 3526 2122 3597 quid
2144 3540 2243 3579 nos
2269 3525 2545 3579 dicemus?
2592 3523 2998 3578 Dormientibus
3047 3527 3189 3580 enim
3223 3540 3396 3595 neque
3426 3541 3580 3579 umn-

1995 3621 2130 3675 dana
2157 3632 2409 3687 umquam
2438 3616 2649 3686 negotia
2677 3616 3060 3681 coniiciuntur,
3102 3616 3298 3671 nedum
3325 3617 3579 3686 spiritua-

1997 3709 2065 3763 lia
2095 3725 2108 3763 :
2139 3707 2471 3763 dormientes
2498 3722 2566 3762 ne
2593 3708 2660 3763 ab
2690 3708 2878 3762 amicis
2892 3708 3109 3778 quidem
3129 3708 3417 3778 quidquam
3440 3710 3580 3762 acci-

1997 3802 2147 3871 piunt
2172 3840 2186 3865 ,
2218 3800 2415 3853 nedum
2444 3813 2476 3853 a
2506 3799 2616 3854 Deo
2645 3817 2659 3852 :
2688 3799 3023 3855 dormientes
3051 3816 3117 3854 ne
3149 3811 3330 3870 patres
3356 3800 3576 3869 quidem

1996 3895 2049 3948 in
2070 3894 2273 3948 honore
2298 3893 2516 3958 habent,
2543 3891 2738 3947 nedum
2766 3892 3223 3946 Drus.Paulu‘rum
3250 3892 3579 3954 laboremus.

1997 3994 2054 4038 ut
2084 3985 2134 4038 in
2172 3998 2333 4039 omne
2382 3998 2555 4038 aevum
2595 3982 3016 4054 requiescamus.
3069 3984 3302 4038 Omnino
3332 3985 3584 4039 terumnis

1996 4092 2253 4147 angantur
2279 4089 2498 4131 necesse
2514 4083 2597 4131 est
2626 4094 2640 4131 :
2666 4074 2807 4145 quod
2849 4076 2894 4130 si
2923 4076 3010 4129 hic
3051 4076 3272 4130 minime
3301 4091 3581 4146 angamur,

1999 4169 2050 4222 id
2084 4183 2181 4223 nos
2210 4168 2278 4222 ibi
2308 4176 2509 4222 manet.
2534 4165 2644 4220 Cur
2669 4182 2776 4221 non
2795 4167 3063 4220 malumus
3089 4166 3178 4222 hic
3201 4169 3405 4228 vexari,
3436 4177 3491 4219 ut
3514 4167 3592 4221 ibi

1998 4258 2429 4327 requiescamus?
2456 4255 2671 4312 Utinam
2701 4270 2829 4311 vero
2856 4269 2957 4310 nos
2973 4270 3160 4310 omnes
3182 4255 3346 4325 digne
3373 4256 3585 4309 Christo

1999 4351 2161 4405 vitam
2186 4349 2463 4417 degentes,
2482 4354 2538 4402 et
2563 4345 2869 4401 conformes
2901 4346 3021 4400 lacti
3059 4345 3226 4416 ipsius
3253 4346 3585 4407 morti,bona

2000 4442 2113 4503 illa,
2164 4453 2284 4509 qua:
2315 4440 2490 4493 oratio
2528 4438 2741 4508 assequi
2789 4450 2898 4491 non
2930 4444 3131 4506 potest,
3164 4450 3584 4505 consequamur,

2002 4531 2055 4586 in
2075 4528 2426 4585 ChristoJesu
2448 4528 2675 4584 Domino
2702 4536 2909 4594 nostro,
2940 4541 3063 4582 eum
3088 4542 3196 4597 quo
3225 4526 3367 4581 Patri
3398 4526 3589 4580 simul-

2002 4638 2106 4693 que
2145 4630 2332 4677 Sancto
2370 4619 2587 4690 Spiritui
2623 4619 2814 4689 gloria,
2865 4626 3124 4687 potestas,
3158 4616 3352 4683 honor,
3375 4631 3515 4672 nunc
3535 4626 3592 4673 et

2002 4729 2239 4785 semper,
2268 4724 2324 4769 et
2352 4714 2404 4767 in
2435 4712 2629 4768 saecula
2657 4712 2998 4767 saeculorum.
3026 4711 3219 4766 Amen.

304 4897 3194 4932 ______________________.__._________.—_———————

1666 4959 2008 5021 HOMILIA
2056 4960 2224 5022 XIV.

303 5123 449 5180 Ου’.
501 5120 556 5175 4.
605 5135 655 5173 v.
704 5118 755 5171 4.
797 5115 1021 5170 Gaudete
1064 5112 1114 5164 in
1168 5108 1387 5163 Domino
1441 5122 1634 5171 semper
1675 5122 1687 5156 :
1722 5104 1900 5156 iterum

389 5215 508 5268 dico
532 5255 546 5279 ,
577 5210 820 5267 Gaudete.
863 5208 917 5262 5.
963 5205 1215 5259 Modestia
1242 5212 1402 5256 vestra
1432 5208 1551 5253 noto
1581 5199 1644 5252 sit
1673 5196 1901 5250 omnibus

394 5303 700 5359 hominibus.
749 5299 1003 5353 Dominus
1054 5310 1212 5366 prope
1264 5302 1370 5347 est:
1416 5291 1469 5345 6.
1522 5288 1650 5342 nihil
1695 5286 1904 5341 solliciti

386 5399 499 5454 εἱτῖε
523 5438 539 5463 ,
568 5395 655 5450 sed
684 5395 737 5447 in
761 5383 904 5445 omni
928 5389 1156 5443 oratione
1198 5394 1245 5439 et
1270 5382 1609 5438 obsecratione
1637 5396 1750 5432 cum
1777 5395 1900 5450 gra-

388 5494 580 5544 tiarum
626 5488 824 5541 actione
875 5482 1139 5553 petitiones
1182 5488 1358 5563 eastra:
1417 5476 1730 5528 innotescunt
1772 5471 1909 5539 apud

389 5579 579 5634 Deum.
630 5578 685 5630 7.
729 5573 789 5628 Et
820 5589 923 5644 pax
958 5569 1048 5624 Dei
1068 5611 1081 5632 ,
1111 5584 1222 5640 qua:
1249 5573 1518 5636 exsuperat
1556 5578 1753 5616 omnem
1795 5578 1911 5616 sen-

388 5688 504 5726 sum
533 5712 546 5731 ,
576 5667 836 5720 custodiat
863 5664 1018 5720 corda
1051 5672 1216 5716 vestra
1246 5670 1290 5714 et
1321 5656 1680 5729 intelligentia:
1722 5664 1910 5709 vestras

389 5765 445 5817 in
474 5760 685 5817 Christo
712 5755 864 5811 Iesu.

391 5856 444 5913 1.
486 5852 620 5910 Cum
648 5849 888 5907 Christus
916 5845 1078 5914 dicat,
1109 5842 1250 5899 Beati
1278 5843 1361 5912 qui
1397 5842 1584 5913 lugent,
1617 5847 1689 5906 et,
1728 5835 1813 5892 Vo:
1846 5838 1915 5892 ri-

2008 5104 2238 5158 dentibus
2272 5102 2480 5172 (Matth.
2510 5102 2562 5157 5.
2594 5103 2647 5158 5.
2683 5101 2811 5156 Luc.
2839 5102 2892 5158 6.
2923 5102 3038 5174 25),
3069 5104 3195 5173 quid
3226 5118 3366 5157 nunc
3392 5101 3595 5171 signifi-

2009 5210 2137 5250 cans
2165 5191 2363 5249 Paulus
2390 5194 2460 5248 ita
2490 5194 2660 5264 inquit
2692 5211 2704 5247 :
2743 5185 2972 5248 Gaudete
3000 5196 3050 5246 in
3076 5192 3296 5246 Domino
3344 5208 3543 5262 semper
3573 5192 3598 5245 ?

2012 5285 2130 5342 Non
2205 5300 2338 5339 sane
2407 5284 2723 5340 adversatur
2754 5282 3005 5347 Christo,
3057 5283 3213 5338 absit.
3286 5282 3375 5336 Vae
3443 5282 3606 5344 enim,

2014 5378 2147 5433 dixit
2172 5376 2418 5434 Christus
2472 5377 2768 5432 ridentibus
2796 5377 2958 5430 risum
3000 5374 3178 5429 mundi
3208 5374 3383 5445 hujus,
3414 5374 3502 5445 qui
3537 5390 3598 5427 ex

2016 5469 2178 5525 rebus
2207 5468 2562 5539 prtesentibus
2586 5469 2760 5523 oritur
2785 5485 2798 5521 :
2832 5475 2887 5522 et
2916 5466 3156 5535 lugentes
3184 5472 3368 5521 beatos
3408 5464 3602 5534 prtuli-

2018 5560 2194 5624 cavit,
2233 5575 2338 5614 non
2390 5562 2578 5629 quovis
2604 5557 2765 5613 tnodo
2797 5558 3037 5627 lugentes
3066 5575 3130 5612 ex
3163 5574 3347 5614 rerum
3381 5572 3600 5611 suarum

2021 5650 2308 5705 amiSsione
2333 5692 2347 5717 ,
2391 5649 2485 5704 sed
2516 5664 2610 5704 eos
2640 5650 2728 5719 qui
2757 5658 3191 5719 eompuuguntur
3220 5692 3234 5715 ,
3281 5651 3371 5721 qni
3395 5664 3489 5704 sua
3522 5649 3605 5703 Iu-

2024 5751 2151 5812 gent
2179 5743 2314 5797 mala
2342 5784 2357 5809 ,
2408 5741 2499 5813 qui
2542 5750 2757 5811 peccata
2806 5756 2901 5795 sua
2931 5740 3274 5811 expendunt,
3319 5750 3411 5797 aut
3447 5743 3607 5795 etiam

2026 5835 2221 5890 aliena.
2265 5834 2378 5892 Non
2429 5842 2512 5891 est
2536 5842 2714 5892 autem
2760 5832 3026 5906 ejusmodi
3071 5832 3235 5891 luctui
3278 5835 3604 5890 contrarium
