4044 6202
533 352 642 410 283

534 467 638 524 hoc
665 468 947 540 gaudium;
974 468 1214 540 quinimo
1242 483 1270 522 a
1293 467 1437 523 luctu
1466 468 1558 523 illo
1577 467 1824 539 gaudium
1856 468 1957 521 hoc
1983 482 2108 536 pro-

534 569 788 616 creatur:
838 575 959 616 nam
1005 562 1093 632 qui
1123 561 1268 631 luget
1311 575 1408 614 sua
1434 561 1570 614 mala
1627 570 1680 615 et
1706 558 2026 625 conﬁtetur,
2069 559 2114 613 is

532 651 804 720 gaudebit.
845 653 1111 707 Praeterea
1145 666 1273 706 vero
1304 651 1428 706 licet
1449 651 1631 720 lugere
1658 650 1872 720 quidem
1899 659 2113 719 propter

533 753 748 811 peccata
771 757 865 796 sua
887 784 901 808 ,
933 742 1166 812 gaudere
1192 751 1369 798 autem
1399 741 1593 796 Christi
1623 757 1805 798 causa.
1850 740 2111 809 Quoniam

534 824 697 902 igitur
743 834 1076 888 vexabantur
1133 850 1311 888 rerum
1340 835 1684 888 molestarum
1728 832 2108 903 perpessione;

545 916 691 976 Voltis
731 926 873 978 enim
907 922 1080 978 datum
1111 935 1222 990 est,
1255 926 1457 994 inquit,
1490 941 1591 977 non
1642 924 1806 978 solum
1836 933 1891 976 ut
1918 928 1968 976 in
2000 938 2112 976 eum

532 1014 747 1068 credatis
774 1056 788 1080 ,
820 1015 909 1068 sed
938 1025 992 1068 ut
1022 1017 1171 1070 etiam
1202 1033 1294 1084 pro
1342 1017 1431 1068 illo
1461 1015 1730 1084 patiamini
1758 1013 2020 1082 (Philipp.
2056 1013 2106 1066 1.

531 1095 664 1173 29);
701 1112 980 1174 propterea
1007 1137 1023 1171 ,-
1053 1106 1222 1175 inquit
1249 1148 1263 1167 ,
1296 1094 1362 1158 In
1397 1103 1612 1158 Domino
1670 1105 1900 1174 gaudete.
1966 1102 2110 1157 Idem

526 1195 670 1248 enim
702 1188 1000 1265 significat,
1031 1210 1093 1250 ac
1117 1197 1161 1249 si
1192 1195 1447 1250 dixisset:
1492 1184 1672 1249 Talem
1705 1195 1824 1247 vita:
1847 1194 2107 1248 rationem

526 1288 829 1348 ostendite,
889 1297 947 1341 ut
977 1278 1315 1357 gaudendum
1360 1288 1448 1340 sit.
1489 1286 1715 1352 Quando
1769 1286 1957 1356 igitur,
1991 1299 2108 1354 qua:

524 1377 591 1432 ad
625 1379 785 1434 Deum
811 1380 1076 1448 pertinent
1101 1422 1116 1447 ,
1148 1379 1350 1434 nullum
1380 1381 1519 1449 apud
1554 1395 1644 1433 vos
1669 1379 2105 1447 impedimentum

525 1469 840 1536 habuerint,
871 1471 1120 1540 gaudete.
1160 1472 1303 1542 Ergo
1335 1472 1414 1525 vel
1467 1470 1567 1524 hoc
1599 1469 1760 1530 dicit;
1795 1470 1878 1524 vel
1921 1469 2106 1523 vocula

524 1561 611 1618 illa
637 1598 652 1630 ,-
694 1564 747 1616 in
773 1603 789 1628 ,
819 1563 959 1617 valet
989 1563 1126 1618 idem
1166 1573 1324 1633 atque
1347 1604 1362 1629 ,
1393 1580 1505 1616 cum
1532 1605 1546 1627 ,
1598 1561 1648 1615 id
1675 1570 1790 1624 cst,
1846 1576 1966 1616 cum
2001 1561 2107 1614 Do-

523 1659 670 1708 mino
693 1667 928 1724 semper.
955 1654 1152 1708 Rursus
1179 1654 1312 1719 dico,
1347 1653 1592 1708 Gaudete.
1618 1651 1728 1708 Hoc
1755 1651 1909 1708 valde
1937 1650 2106 1707 lidcn-

524 1737 591 1801 tis
610 1754 710 1810 est,
738 1754 900 1817 atque
929 1747 1262 1802 ostendentis
1287 1789 1302 1813 ,
1344 1748 1392 1802 ei
1420 1749 1508 1818 qui
1541 1749 1592 1801 in
1629 1747 1736 1802 Deo
1760 1755 1863 1814 est,
1893 1762 2106 1816 semper

522 1836 856 1908 gaudendum
884 1853 1037 1894 esse:
1069 1840 1278 1894 etiamsi
1305 1848 1577 1908 prematur
1609 1853 1672 1893 ac
1699 1838 1908 1908 quidvis
1941 1838 2106 1908 patia-

521 1940 608 1985 tur
635 1972 650 1996 ,
681 1930 768 1985 hic
793 1945 1009 2000 semper
1039 1930 1252 2000 gaudet.
1294 1931 1429 1984 Audi
1459 1931 1600 1985 enim
1631 1930 1828 1984 Lucam
1871 1931 1938 1985 de
1976 1946 2106 2000 apo-

520 2023 674 2079 stolis
698 2023 984 2087 dicentcm,
1020 2021 1171 2076 Ibant
1207 2022 1481 2092 gaudentes
1507 2041 1537 2076 a
1577 2033 1846 2092 conspectu
1877 2022 2098 2087 concilii,

525 2115 766 2184 quoniam
793 2114 936 2185 digni
965 2112 1123 2166 habiti
1148 2121 1263 2166 sunt
1310 2129 1401 2182 pro
1433 2115 1636 2167 nomine
1681 2115 1791 2183 ejus
1821 2114 2102 2169 verberibus

537 2206 666 2261 aedi
692 2204 826 2274 (Act.
859 2206 914 2260 5.
943 2203 1056 2276 41).
1097 2204 1152 2260 Si
1205 2206 1426 2260 verbera
1455 2215 1510 2260 et
1555 2205 1757 2260 vincula
1784 2246 1798 2272 ,
1831 2221 1949 2274 quae
1993 2221 2101 2274 prae

518 2298 727 2352 ueteris
759 2297 1005 2352 videntur
1026 2297 1273 2362 molesta,
1299 2297 1545 2368 gaudium
1561 2297 1797 2367 pariunt,
1828 2298 1955 2368 quid
1985 2308 2100 2352 tan-

517 2387 639 2442 dem
688 2388 789 2442 erit
812 2388 977 2451 aliud,
1009 2389 1152 2458 quod
1187 2390 1342 2444 nobis
1390 2390 1578 2445 all‘crre
1609 2391 1850 2445 dolorem
1899 2391 2099 2461 queat?

519 2470 718 2534 Rursus
746 2473 880 2547 dico,
929 2480 1174 2536 Gaudete.
1209 2483 1376 2538 Recte
1424 2484 1582 2538 verba
1614 2484 1713 2538 ista
1763 2484 2052 2554 geminavit
2082 2502 2094 2538 :

532 2574 654 2642 quia
684 2574 825 2629 enim
856 2589 1035 2629 rerum
1056 2585 1242 2630 natura
1266 2574 1504 2630 dolorem
1532 2577 1786 2646 pariebat,
1809 2593 1870 2632 ex
1895 2577 1992 2631 ista
2023 2593 2097 2631 re-

516 2665 771 2734 petitione
815 2668 1047 2722 ostendit
1076 2669 1411 2737 gaudendnm
1450 2671 1671 2725 omnino
1727 2686 1866 2726 esse.
1915 2671 2095 2725 Mode-

513 2757 612 2810 stia
640 2765 802 2810 vestra
825 2769 946 2813 nota
981 2760 1048 2813 sit
1087 2760 1315 2814 omnibus
1347 2761 1651 2816 hominibus.
1697 2762 1910 2816 Dixerat
1937 2763 2096 2830 paulo

513 2857 659 2912 ante,
688 2848 915 2915 Quorum
940 2850 1062 2907 deus
1093 2863 1260 2906 venter
1291 2863 1384 2918 est,
1412 2864 1459 2906 et
1499 2853 1664 2924 gloria
1704 2855 1755 2907 in
1801 2856 2094 2925 confusione

511 2943 758 3013 ipsorum,
790 2942 876 3012 qui
902 2951 1100 2996 terrena
1135 2944 1361 3014 sapiunt.
1401 2943 1664 3011 Quoniam
1714 2946 1872 3015 igitur
1903 2947 2093 3001 verisi-

508 3033 639 3089 mile
680 3043 799 3090 erat
849 3033 984 3100 lore,
1014 3043 1071 3088 ut
1124 3035 1248 3088 hinc
1300 3034 1667 3104 Philippenses
1719 3052 1843 3108 erga
1894 3039 2094 3108 impro-

507 3127 610 3184 bos
650 3125 916 3182 infensum
961 3127 1195 3181 animum
1246 3127 1597 3197 susciperent,
1635 3139 1916 3200 propterea
1949 3133 2091 3201 ipsos

504 3216 616 3288 jam
643 3227 844 3286 monet,
871 3229 928 3274 ut
951 3220 1084 3275 nihil
1110 3236 1236 3291 erga
1257 3221 1376 3277 illos
1400 3238 1685 3279 commune
1713 3224 1966 3290 habeant,
1995 3225 2090 3279 sed

508 3323 700 3377 magna
727 3324 848 3364 cum
895 3311 1158 3366 modestia
1189 3323 1409 3369 utantur
1438 3331 1544 3370 non
1593 3316 1843 3372 fratribus
1870 3317 2042 3371 solum
2070 3358 2086 3384 ,

507 3399 603 3455 sed
635 3401 794 3455 etiam
831 3402 1065 3458 inimicis
1086 3413 1138 3458 et
1159 3405 1500 3462 adversariis.
1531 3407 1781 3462 Dominus
1807 3426 1964 3479 prapc
1979 3419 2049 3463 est
2069 3427 2090 3465 :

506 3491 641 3546 nihil
659 3493 866 3546 solliciti
885 3494 1013 3548 sitis.
1037 3496 1174 3561 Quid
1200 3497 1343 3551 enim
1373 3513 1547 3553 causae
1573 3509 1674 3563 est,
1701 3499 1786 3553 dic
1811 3500 1963 3566 mihi,
1992 3516 2089 3555 cur

507 3584 794 3641 concidere
819 3588 999 3642 animo
1029 3589 1307 3643 debeatis?
1333 3605 1400 3644 an
1414 3590 1554 3660 quod
1579 3590 1630 3644 in
1656 3607 1747 3644 vos
1775 3591 2081 3663 insurgunt,

504 3677 754 3748 qttndqtte
783 3692 877 3733 eos
899 3679 950 3732 in
981 3678 1188 3734 deliciis
1216 3680 1409 3749 degere
1437 3681 1668 3736 videtis?
1703 3683 1853 3736 Nihil
1879 3684 2085 3737 solliciti

504 3768 636 3820 sitis.
663 3767 779 3821 Jatn
804 3768 1046 3822 imminet
1085 3768 1365 3838 judicium,
1399 3786 1504 3824 non
1541 3772 1697 3842 longe
1722 3774 1824 3828 erit
1853 3790 1974 3829 cum
2010 3775 2086 3828 fa-

503 3869 710 3911 ctorum
737 3871 954 3913 suorum
976 3861 1235 3914 rationem
1266 3861 1508 3916 reddent.
1540 3865 1606 3917 At
1629 3880 1725 3919 vos
1749 3866 1799 3920 in
1823 3869 2083 3934 angustiis

507 3949 777 4014 laboratis,
815 3950 889 4004 illi
921 3965 1051 4004 vero
1075 3950 1286 4006 deliciis
1310 3952 1593 4009 difﬂuunt?
1627 3955 1744 4010 Jam
1778 3961 1891 4012 hinc
1920 3960 2077 4013 linem

508 4039 798 4097 habebunt.
834 4047 902 4096 At
932 4043 1250 4098 insidiantur
1275 4061 1336 4100 ac
1367 4049 1680 4102 minantur?
1711 4052 1777 4103 At
1822 4066 1927 4104 non
1983 4052 2079 4105 ist-

517 4135 634 4189 haec
662 4135 790 4204 ipsis
808 4145 1064 4206 perpetuo
1084 4152 1149 4192 ex
1180 4141 1443 4194 sententia
1487 4140 1778 4196 succedent
1803 4159 1816 4194 :
1844 4142 1952 4210 jam
1982 4146 2084 4198 im-

503 4228 969 4298 minetjudicium,
992 4239 1225 4300 tuncque
1252 4233 1430 4286 omnia
1459 4242 1642 4287 contra
1694 4243 1884 4299 erunt;
1931 4234 2079 4290 Nihil

499 4320 702 4374 solliciti
727 4317 836 4376 sitis
857 4337 877 4376 :
899 4320 1009 4391 jam
1032 4322 1194 4376 instat
1230 4333 1440 4394 tempus
1477 4324 1764 4380 reddendae
1791 4327 2076 4383 mercedis.

503 4412 658 4479 Quod
686 4415 728 4467 si
751 4429 875 4483 erga
893 4429 1007 4481 eos,
1039 4416 1128 4484 qui
1161 4431 1254 4470 vos
1279 4416 1538 4471 molestiis
1572 4418 1830 4484 alliciunt,
1857 4420 2081 4490 {equita-

505 4515 610 4559 tem
638 4507 800 4559 animi
829 4506 1201 4573 adhibueritis,
1235 4508 1412 4561 omnia
1441 4517 1782 4575 evanescent,
1806 4511 1905 4564 etsi
1949 4526 2080 4580 pau-

511 4605 712 4666 pertas,
743 4599 786 4652 si
833 4613 1000 4662 mors,
1031 4601 1074 4653 si
1102 4600 1306 4668 qumvis
1331 4599 1434 4653 alia
1461 4601 1636 4669 gravis
1684 4601 1958 4654 calamitas
1986 4617 2077 4655 ur-

506 4699 629 4760 get;
675 4690 852 4744 omnia
903 4694 1209 4747 cessabunt.
1262 4689 1412 4744 Nihil
1462 4690 1667 4743 solliciti
1708 4691 1861 4754 sitis;
1890 4691 1979 4744 sed
2023 4693 2078 4745 in

497 4781 637 4834 ontni
673 4782 898 4834 oratione
939 4791 986 4834 et
1016 4781 1358 4835 obsecratione
1395 4797 1508 4833 cum
1553 4783 1834 4850 gratiarum
1880 4784 2080 4837 actione

502 4871 766 4941 petitiones
789 4881 964 4925 vestrae
992 4873 1306 4926 innotescunt
1330 4873 1470 4942 apud
1494 4872 1676 4926 Deum.
1712 4872 1826 4927 Una
1854 4874 2070 4944 quidem

494 4963 793 5019 consolatio
818 4973 919 5026 est,
946 4962 1195 5016 Dominus
1223 4981 1378 5032 prope
1397 4975 1489 5030 est,
1522 4975 1575 5019 et
1597 4963 1748 5029 illud,
1780 4963 1885 5018 Ero
1907 4966 2076 5020 uobis-

495 5071 612 5108 cum
631 5054 862 5108 omnibus
886 5053 1060 5108 diebus
1082 5069 1237 5123 usque
1264 5055 1331 5108 ad
1353 5057 1835 5109 consummationem
1875 5056 2071 5110 saeculi.

501 5145 641 5200 Ecce
666 5146 766 5200 alia
795 5144 1121 5208 consolatio,
1165 5145 1507 5214 pharmacum
1533 5185 1549 5211 ,
1596 5145 1738 5215 quod
1779 5161 2070 5201 mmrorem

492 5251 707 5290 omnem
725 5244 779 5290 et
804 5234 1196 5306 mgritudinem,
1220 5235 1545 5304 molestaquc
1563 5236 1742 5290 omnia
1763 5237 2071 5304 propulsare

499 5336 694 5397 potest.
723 5327 975 5395 Qua-nam
1017 5326 1132 5382 hinc
1161 5325 1280 5380 est?
1309 5325 1548 5387 Precari,
1582 5327 1634 5380 in
1678 5327 1924 5382 omnibus
1947 5342 2071 5396 gra-

493 5419 596 5472 tias
623 5431 800 5486 agere.
851 5417 1207 5486 Quamobrem
1237 5432 1423 5488 preces
1465 5426 1676 5472 nostras
1729 5433 1832 5472 non
1867 5417 2062 5472 nudam

504 5513 812 5581 petitionem
840 5526 959 5566 esse
987 5512 1115 5571 vult.
1138 5511 1231 5565 sed
1257 5511 1594 5578 conjunctam
1620 5525 1740 5564 eum
1767 5511 2063 5580 gratiarum

488 5604 702 5660 actione
732 5617 826 5670 pro
853 5602 938 5666 iis,
963 5617 1080 5670 qua:
1101 5603 1422 5670 accepimus.
1443 5601 1722 5669 Quomodo
1749 5601 1888 5654 enim
1924 5610 2067 5671 petet

489 5693 609 5761 quis
639 5691 834 5758 futura,
858 5693 946 5762 qui
974 5692 1040 5747 de
1063 5691 1344 5762 praeteritis
1359 5691 1584 5762 gratiam
1605 5706 1708 5745 non
1741 5691 1935 5745 habet?
1958 5692 2063 5746 Sed

494 5776 545 5840 in
573 5773 732 5853 omni,
756 5787 944 5857 inquit,
969 5785 1018 5840 id
1041 5797 1141 5852 est,
1175 5787 1225 5841 in
1257 5787 1401 5841 omni
1435 5801 1492 5840 re
1523 5803 1534 5838 :
1568 5785 1794 5838 oratione
1823 5793 1868 5837 et
1906 5788 2057 5841 obse-

1240 352 1296 408 S.
1335 350 1610 408 JOANNIS
1645 349 2112 406 CHRYSOSTOMI
2143 350 2452 407 ARCHIEP.
2486 351 3014 412 CONSTANTINOP.

3701 362 3810 421 2M

2221 467 2460 522 creticae.
2515 467 2695 540 Itaque
2732 470 2801 527 de
2849 473 3098 528 omnibus
3153 476 3340 546 gratia:
3368 476 3629 534 habenda:
3657 495 3804 550 sunt,

2220 561 2381 612 etiam
2416 559 2484 615 de
2511 561 2575 616 iis
2605 577 2724 631 quae
2763 563 3013 619 videntur
3055 567 3281 622 molesta
3334 585 3349 622 :
3391 570 3442 624 id
3485 571 3628 626 enim
3675 589 3806 630 vere

2218 650 2352 716 grati
2380 649 2609 706 hominis
2641 662 2743 707 est.
2790 654 2922 709 lllttd
2952 655 3065 725 ipsa
3091 673 3270 712 rerum
3299 668 3488 715 natura
3519 664 3753 731 postulat
3788 683 3804 731 ;

2221 739 2324 794 hoc
2365 757 2492 796 vero
2521 746 2588 798 ab
2623 747 2803 801 animo
2840 757 2993 817 grato
3013 790 3028 815 ,
3061 750 3325 821 valdeque
3355 769 3479 824 erga
3523 753 3691 810 Deum
3723 758 3807 811 ai-

2221 829 2360 885 fecto
2387 834 2761 902 proﬁciscitur.
2825 838 2930 892 llas
2959 854 3144 908 preces
3187 845 3432 912 agnoscit
3463 847 3599 900 Deus
3624 889 3637 907 .
3672 849 3804 904 alias

2219 939 2345 976 vero
2373 940 2440 979 ne
2469 940 2626 982 nosse
2655 928 2866 998 quidem
2891 931 3019 984 vult.
3048 931 3360 1000 llujusmodi
3393 937 3551 1006 igitur
3570 954 3657 993 res
3691 949 3802 1008 pre.-

2217 1015 2433 1080 cctnini,
2457 1032 2575 1086 qua:
2611 1030 2989 1088 agnoscantur.
3027 1023 3217 1080 Omnia
3263 1027 3406 1082 enim
3438 1030 3503 1084 ad
3557 1041 3795 1087 nostram

2219 1105 2499 1161 utilitatem
2527 1107 2885 1177 administrat,
2927 1115 3138 1169 etiamsi
3186 1117 3235 1171 id
3271 1133 3370 1173 nos
3418 1122 3797 1192 percipiamus.

2214 1197 2390 1266 Atque
2420 1214 2662 1269 magnam
2705 1202 2791 1256 illa
2819 1205 2973 1260 nobis
3013 1205 3207 1263 allerre
3247 1211 3554 1277 utilitatem,
3606 1213 3656 1267 id
3705 1231 3794 1269 ar-

2213 1297 2466 1356 gumento
2492 1300 2602 1355 est,
2623 1291 2762 1360 quod
2796 1309 2899 1348 non
2932 1297 3276 1366 percipimus.
3301 1299 3368 1354 Et
3412 1320 3514 1370 pax
3550 1303 3662 1368 Dei,
3686 1321 3799 1374 qut!

2214 1391 2483 1444 exsuperat
2526 1398 2721 1435 omnem
2760 1384 3105 1451 intellectum,
3137 1391 3381 1446 custodiet
3429 1394 3583 1446 corda
3634 1406 3804 1449 vestra

2213 1476 2260 1520 et
2279 1468 2631 1540 intelligentias
2658 1484 2848 1528 uestras
2881 1478 2935 1530 in
2968 1477 3166 1534 Christo
3195 1479 3344 1535 lesu.
3377 1483 3509 1548 Quid
3543 1485 3644 1540 hoc
3670 1497 3756 1540 est
3777 1489 3802 1540 ?

2212 1555 2321 1612 Pax
2360 1559 2477 1626 Dei,
2504 1561 2696 1631 inquit,
2730 1580 2886 1634 quam
2919 1582 3038 1621 cum
3070 1569 3374 1625 hominibus
3402 1571 3550 1638 fecit,
3579 1590 3798 1630 omnem

2211 1661 2493 1720 exsuperat
2526 1656 2930 1726 cogitationem.
2953 1658 3083 1726 Quis
3119 1662 3259 1716 enim
3291 1667 3642 1732 exspectavit,
3673 1670 3800 1737 quis

2211 1742 2446 1811 speravit
2478 1752 2624 1799 tanta
2651 1746 2950 1803 adventura
2982 1750 3119 1805 bona
3145 1752 3168 1804 ?
3215 1751 3517 1808 Humanam
3575 1770 3796 1813 onmem

2209 1833 2476 1888 excedunt
2505 1837 2910 1906 cogitationem,
2942 1857 3040 1896 nec
3075 1851 3278 1899 tantum
3325 1845 3645 1914 orationem,
3695 1865 3798 1918 pro

2211 1920 2438 1978 inimicis
2469 1927 2602 1993 suis,
2633 1943 2729 1996 pro
2760 1930 2824 1984 iis
2844 1931 2934 2000 qui
2963 1932 3132 2000 ipsum
3153 1935 3276 1987 odio
3301 1937 3792 2006 prosequebantur,

2207 2015 2295 2083 qui
2344 2018 2746 2085 aversabantur,
2774 2036 2869 2090 pro
2893 2023 2956 2077 iis
2996 2023 3204 2080 tradere
3233 2025 3425 2082 Filium
3459 2032 3792 2100 unigenitum

2209 2121 2314 2160 non
2360 2110 2644 2174 recusavit,
2676 2121 2727 2165 ut
2773 2127 2958 2181 pacem
2987 2114 3261 2170 nobiscum
3294 2119 3516 2185 laceret,
3541 2122 3666 2176 llznc
3693 2139 3794 2178 au—

2207 2203 2315 2250 tem
2345 2213 2442 2266 pax
2473 2208 2574 2266 est,
2609 2200 2660 2254 id
2704 2212 2787 2256 est
2831 2204 3095 2271 liberatio,
3127 2209 3318 2262 caritas
3373 2209 3488 2276 Dei,
3532 2214 3794 2269 Custodiet

2205 2286 2361 2338 corda
2385 2297 2545 2342 vestra
2575 2301 2619 2344 et
2641 2292 2996 2363 intelligentias
3026 2306 3234 2353 vestras.

2275 2379 2329 2432 2.
2373 2380 2482 2434 [loc
2521 2386 2862 2452 praeceptoris
2893 2395 2994 2452 est,
3026 2404 3129 2442 non
3175 2398 3374 2444 tantum
3409 2408 3652 2459 mouere,
3683 2399 3782 2452 sed

2203 2471 2362 2524 etiam
2395 2476 2598 2542 prccnri
2623 2483 2672 2530 ct
2703 2491 2795 2545 per
2825 2478 3248 2534 obsecrationem
3278 2500 3489 2554 quoque
3511 2488 3784 2555 auxiliari,

2203 2573 2259 2616 ut
2291 2579 2463 2634 neque
2488 2580 2516 2618 a
2547 2568 2928 2624 tentationibus
2956 2571 3269 2637 obruantur,
3301 2590 3475 2644 neque
3501 2578 3568 2630 ab
3599 2595 3790 2635 errore

2201 2655 2644 2711 circumferuntur
2668 2676 2679 2712 :
2705 2661 2923 2728 perinde
2952 2677 3015 2716 ac
3039 2663 3083 2716 si
3109 2663 3329 2732 diceret,
3354 2665 3452 2731 Qui
3475 2683 3572 2723 vos
3592 2671 3785 2725 eodem

2199 2747 2360 2801 modo
2388 2747 2656 2815 liberavit,
2685 2766 2841 2819 quem
2889 2768 3061 2824 neque
3091 2771 3243 2810 mens
3288 2761 3403 2827 ipsa
3443 2763 3653 2830 assequi
3683 2778 3786 2831 po-

2201 2848 2322 2905 test,
2355 2839 2400 2894 is
2426 2854 2521 2893 vos
2548 2842 2814 2896 custodiat
2858 2852 2914 2897 et
2958 2847 3180 2911 muniat,
3215 2855 3271 2901 ut
3318 2849 3448 2902 nihil
3482 2852 3783 2920 patiamini.

2204 2929 2298 2983 Vel
2338 2930 2439 2985 hoc
2472 2931 2631 3001 igitur
2657 2933 2953 3002 signiﬁcat;
2999 2936 3080 2990 vel
3112 2939 3272 3005 istud,
3305 2940 3410 2994 Pax
3455 2941 3544 2995 illa
3574 2942 3641 2998 de
3675 2959 3786 3014 qua

2196 3021 2332 3077 dixit
2356 3024 2618 3092 Christus,
2653 3025 2840 3080 Pacem
2869 3029 3100 3099 relinquo
3129 3031 3286 3100 vobis,
3320 3050 3492 3103 pacem
3524 3053 3684 3088 meant
3713 3039 3786 3090 do

2196 3115 2331 3168 vobis
2363 3115 2543 3185 (Joau.
2576 3120 2662 3174 H.
2704 3120 2822 3190 27),
2857 3123 2966 3192 ipsa
3000 3139 3092 3178 vos
3141 3126 3420 3180 custodiet.
3471 3127 3593 3183 lla2c
3634 3131 3782 3184 enim

2196 3220 2298 3275 pax
2342 3220 2562 3278 superat
2613 3225 2827 3266 omnem
2880 3216 3162 3270 humanam
3221 3229 3475 3272 tuentem.
3526 3221 3678 3285 Quod
3734 3225 3783 3276 si

2193 3312 2423 3367 qumras,
2453 3301 2926 3369 quomodo‘laudi.
2959 3305 3183 3372 Quando
3205 3308 3355 3377 jubet
3394 3326 3513 3364 cmn
3548 3312 3784 3366 inimicis

2195 3407 2382 3460 pacem
2424 3392 2646 3459 habere,
2696 3411 2818 3450 cum
2867 3399 2930 3452 iis
2960 3400 3049 3468 qui
3093 3401 3338 3469 injuriam
3384 3403 3646 3471 referunt,
3686 3408 3780 3474 qui

2193 3499 2292 3539 nos
2321 3483 2461 3540 bello
2490 3500 2899 3558 persequuntur,
2940 3493 3028 3560 qui
3060 3493 3306 3546 infestum
3340 3510 3465 3564 erga
3516 3512 3615 3550 nos
3656 3498 3783 3551 ani-

2191 3593 2338 3632 mum
2378 3589 2601 3649 gerunt;
2634 3583 2904 3652 quomodo
2935 3584 3034 3640 hoc
3084 3601 3187 3639 non
3228 3597 3444 3655 superat
3486 3587 3780 3645 humanam

2192 3672 2467 3726 mentem?
2490 3673 2600 3727 bno
2630 3689 2776 3740 vero,
2800 3675 2844 3728 si
2877 3675 3070 3744 placet,
3103 3677 3202 3731 hoc
3225 3679 3370 3746 prius
3399 3679 3777 3734 attendamus:

2192 3760 2310 3816 Pax
2336 3763 2450 3827 Dei,
2481 3781 2596 3835 qua:
2639 3777 2907 3836 exsuperat
2949 3784 3146 3821 omnem
3177 3780 3407 3824 mentem.
3451 3771 3504 3826 Si
3535 3788 3640 3842 pax
3681 3789 3780 3827 su-

2190 3864 2340 3922 perat
2368 3869 2582 3910 onmem
2627 3866 2880 3923 mentem,
2936 3859 3105 3913 multo
3136 3860 3302 3929 magis
3335 3861 3474 3916 Deus
3518 3863 3636 3930 ipse
3682 3865 3777 3932 qui

2189 3958 2372 4012 pacem
2423 3945 2546 4013 dat,
2609 3961 2820 4002 onmem
2874 3951 3150 4020 superabit
3195 3953 3608 4020 cogitationem,
3669 3970 3777 4008 non

2187 4035 2357 4090 solum
2391 4049 2648 4106 nostram,
2675 4039 2768 4094 sed
2797 4042 2957 4094 etiam
2986 4041 3323 4111 angelorum,
3357 4054 3412 4097 et
3452 4060 3776 4113 superarunt

2189 4138 2530 4198 potestatum.
2561 4131 2696 4196 Quid
2719 4143 2898 4188 autem
2929 4146 3031 4201 est,
3058 4133 3123 4188 In
3153 4134 3352 4191 Christo
3376 4136 3496 4189 Jesu
3516 4137 3542 4191 Σ)
3571 4137 3627 4191 ιη
3661 4140 3778 4208 ipso

2186 4220 2474 4284 custodiet,
2509 4231 2565 4274 ut
2586 4225 2962 4291 perseveretis,
2997 4239 3095 4278 nec
3126 4226 3192 4279 de
3222 4227 3388 4296 ipsius
3424 4229 3528 4282 lide
3551 4231 3778 4285 decida-

2188 4310 2273 4364 tis.
2321 4311 2376 4366 8.
2421 4311 2499 4366 De
2541 4324 2742 4378 ca'tero,
2775 4316 2984 4383 fratres,
3029 4333 3353 4388 quaecumque
3399 4332 3517 4374 sunt
3571 4336 3772 4387 sancta,

2183 4418 2507 4474 quacumque
2530 4422 2665 4472 vera,
2690 4424 3018 4480 quiscumque
3033 4411 3198 4479 justa.
3227 4413 3362 4477 Quid
3385 4415 3669 4483 signiﬁcat,
3699 4418 3777 4472 De

2184 4500 2400 4552 cratera?
2424 4499 2478 4552 ld
2510 4508 2612 4563 est,
2657 4501 2833 4554 omnia
2858 4502 2968 4569 jam
2999 4505 3152 4557 nobis
3184 4515 3306 4558 sunt
3333 4505 3492 4560 dicta.
3535 4508 3773 4566 Verbum

2184 4595 2269 4643 est
2293 4591 2652 4658 properantis,
2679 4600 2734 4645 et
2759 4592 2886 4645 nihil
2915 4609 3036 4647 cum
3061 4595 3217 4648 rebus
3246 4598 3599 4665 prmseulibtts
3624 4616 3778 4654 com-

2184 4698 2345 4738 mune
2389 4683 2656 4740 habentis.
2689 4686 2768 4740 De
2803 4698 3002 4756 ctetero,
3047 4695 3252 4761 fratres,
3285 4711 3614 4764 quwcumque
3653 4709 3775 4750 sunt

2183 4790 2321 4842 vera,
2348 4792 2674 4846 quaecumque
2692 4790 2884 4846 sancta,
2909 4798 3235 4853 guwcumque
3249 4787 3412 4853 justa,
3441 4802 3778 4858 qumcumque

2184 4867 2388 4938 pudica,
2422 4884 2748 4938 qua’cumqtte
2776 4873 3034 4936 amabilia,
3077 4890 3405 4944 qutt’cuntque
3435 4876 3660 4930 honestae
3689 4882 3776 4948 fa-

2182 4973 2298 5024 mae,
2327 4959 2370 5011 si
2393 4975 2492 5027 qua
2522 4961 2694 5024 uirtus,
2729 4965 2771 5015 si
2800 4979 2898 5028 qua
2918 4964 3050 5031 laus,
3078 4967 3184 5019 Ittt’c
3213 4969 3443 5037 cogitate.
3477 4970 3531 5023 9.
3567 4970 3694 5035 Qui:
3725 4982 3776 5024 et

2180 5049 2449 5115 didicistis,
2495 5061 2544 5105 et
2588 5055 2865 5122 accepistis,
2908 5065 2956 5109 et
2983 5059 3218 5124 audistis,
3263 5070 3306 5112 et
3337 5061 3532 5114 vidistis
3573 5063 3626 5117 in
3671 5083 3770 5118 me.

2179 5141 2314 5208 Quid
2346 5141 2444 5194 sibi
2477 5144 2608 5208 vult,
2643 5145 2980 5216 Quaecumque
3007 5149 3289 5202 amabilia?
3317 5151 3585 5206 Amabilia
3633 5154 3774 5209 ﬁde-

2179 5226 2338 5296 libus,
2361 5231 2606 5288 amabilia
2629 5236 2755 5290 Deo.
2788 5237 3127 5308 Quacumque
3153 5252 3270 5294 sunt
3298 5257 3432 5296 vera.
3461 5243 3591 5298 llaec
3623 5248 3770 5300 enim

2177 5325 2368 5377 merito
2397 5323 2648 5380 dicuntur
2677 5342 2838 5393 vera;
2885 5330 2937 5382 id
2977 5332 3263 5390 est,vir.tus
3314 5333 3463 5401 ipsa;
3503 5335 3775 5390 vitiositas

2175 5426 2352 5472 autém
2383 5419 2715 5474 mendacium
2737 5430 2819 5475 est
2841 5438 2854 5474 :
2883 5439 3002 5476 nam
3028 5437 3081 5478 et
3105 5425 3345 5494 voluptas
3368 5427 3534 5494 ipsius
3555 5444 3774 5493 comes,

2175 5518 2229 5564 et
2248 5509 2412 5578 gloria
2437 5510 2772 5565 mendacium
2795 5523 2892 5576 est,
2914 5523 2967 5567 et
2983 5514 3246 5570 mundana
3265 5517 3440 5570 omnia
3463 5518 3596 5571 nihil
3621 5519 3772 5573 aliud

2174 5609 2483 5672 suntquam
2525 5602 2881 5657 mendacium.
2913 5605 3252 5678 Quaecumque
3295 5609 3500 5679 pudica.
3538 5610 3651 5664 Hoc
3687 5609 3770 5664 illi

2173 5693 2477 5763 Opponitur,
2508 5692 2648 5762 quod
2669 5703 2823 5749 antea
2849 5694 3111 5762 dixit,Qui
3131 5707 3329 5752 terrena
3349 5701 3574 5769 sapiunt.
3604 5701 3771 5766 Qut:-

2173 5800 2382 5855 t'ttmque
2409 5794 2602 5839 sancta.
2626 5784 2738 5840 Hoc
2768 5785 3021 5842 adversus
3048 5787 3199 5854 illud,
3227 5789 3453 5855 Quorum
3483 5790 3609 5843 deus
3639 5798 3775 5845 verso
