4014 6200
252 327 364 381 983

244 437 312 490 δέ
330 432 471 505 αὕτη
501 434 535 501 ή
565 430 712 503 χαρὰ
743 426 963 482 ἐναντία
986 426 1063 497 τῷ
1093 424 1277 479 πένθει
1303 424 1495 495 ἐκείνῳ
1515 441 1529 455 ’
1563 423 1696 477 ἀλλά
1728 424 1835 495 7&9

249 526 352 583 ἀπ’
396 523 607 578 ἐκείνου
642 518 734 573 τοῦ
786 517 1013 580 πένθους
1049 517 1142 568 καὶ
1177 514 1316 586 αὕτη
1363 514 1639 567 τίκτεταιο
1669 514 1698 565 δ
1729 513 1838 583 γὰρ

249 615 473 672 πενθῶν
504 614 578 667 τὰ
615 609 810 665 ἐαυτοῦ
839 608 1007 672 κακὰ,
1045 608 1140 660 καὶ
1175 605 1688 677 ἐξομολογούμενος,
1718 603 1837 673 χαί-

251 724 365 780 ρει.
395 704 608 767 ¹Ἄλλως
636 701 715 765 δέ,
742 699 916 752 ἐνεστι
943 696 1159 750 πενθεῖν
1192 696 1289 765 μὲν
1317 694 1455 765 ὑπὲρ
1485 693 1593 747 τῶν
1621 693 1839 746 οἰκείων

252 795 698 869 ἁμαρτημάτων,
734 790 948 861 χαίρειν
983 787 1040 841 δέ
1075 787 1168 840 ἐπὶ
1210 785 1287 856 τῷ
1324 782 1566 855 Χριστῷ.
1620 782 1837 853 Ἐπειδὴ

252 887 355 945 οὖν
405 884 784 941 συνεθλίὃοντο
833 880 901 934 δι’
937 873 1013 933 ὧν
1043 879 1280 947 ἔπασχον
1333 874 1690 946 (Ἑχαρίσθη
1731 874 1837 947 γὰρ

255 979 427 1050 ὑμῖν,
464 978 649 1047 φησὶν,
679 975 751 1027 οὐ
793 974 1003 1040 μόνον,
1049 972 1114 1023 τι)
1158 971 1247 1035 εἰς
1281 966 1470 1022 αὑτὸν
1508 966 1835 1031 πιστεύειν,

254 1071 429 1128 ἀλλὰ
454 1068 551 1123 καί
574 1066 642 1119 τὸ
671 1063 824 1131 ὑπὲρ
846 1061 1030 1116 αὐτοῦ
1055 1051 1359 1130 πάσχειν),
1375 1058 1465 1112 διὰ
1490 1058 1647 1111 τοῦτο
1667 1057 1835 1125 λέγει,

263 1164 375 1217 ἐν
398 1159 594 1227 Κυρίῳ
624 1156 876 1225 χαίρετε.
912 1150 1095 1204 Ταῦτα
1142 1151 1251 1221 γάρ
1301 1150 1452 1203 οὐδέν
1505 1151 1673 1213 ἐστιν,
1701 1147 1836 1217 ήότι

260 1252 519 1306 Τοιοῦτον
541 1244 913 1302 ἐπιδείκνυσθε
945 1242 1078 1312 βίον,
1110 1241 1249 1293 ὥστε
1276 1240 1509 1310 χαίρειν.
1524 1239 1695 1292 Ὅταν
1723 1235 1836 1290 τοί-

255 1360 353 1395 νυν
393 1339 462 1393 τά
498 1335 641 1392 κατά
685 1334 815 1387 Θεὸν
849 1333 976 1403 ὑμίν
1004 1331 1078 1402 μὴ
1198 1326 1665 1400 ἐμπεποδισμένα,
1718 1324 1838 1395 χαί-

257 1450 408 1506 ρετε.
437 1432 511 1484 Ἦ
532 1429 714 1483 τοίνυν
729 1424 887 1479 τοῦτό
907 1440 1094 1495 φησιν,
1120 1422 1156 1493 ἦ
1177 1420 1258 1485 τὸ,
1280 1419 1380 1482 ἐν,
1405 1419 1526 1472 ἀντὶ
1550 1416 1667 1479 τοῦ,
1691 1415 1845 1478 σὺν,

258 1504 435 1583 ἐστὶν,
463 1519 604 1573 ὡσεὶ
635 1517 787 1585 ἔλεγε
804 1532 820 1547 ·
849 1514 1080 1584 Χαίρετε
1103 1515 1198 1566 σὺν
1229 1510 1416 1580 Κυρίῳ
1443 1509 1693 1563 πάντοτε.
1721 1504 1839 1559 Πά-

254 1618 361 1667 λιν
395 1609 537 1679 ἐρῶ,
570 1609 831 1676 Χαίρετε.
865 1603 1035 1658 Τοῦτο
1063 1598 1418 1671 θαρσύνοντός
1448 1599 1563 1650 ἐστι
1603 1597 1697 1650 καὶ
1729 1595 1840 1648 δει-

254 1703 509 1765 κνύντος,
544 1702 627 1752 ὅτι
649 1701 679 1751 ὁ
707 1698 764 1751 ἐν
795 1694 914 1766 Θεῷ
942 1692 1037 1760 ὣν,
1060 1693 1148 1745 ἀεὶ
1176 1689 1355 1762 χαίρει
1377 1704 1393 1717 ’
1424 1689 1525 1741 κάν
1553 1703 1609 1738 τε
1646 1684 1838 1754 θλίση-

254 1810 367 1854 ται,
402 1792 511 1846 κᾶν
533 1789 714 1843 ὁτιοῦν
747 1788 954 1857 πάσχῃ,
979 1785 1065 1837 ἀεὶ⁵
1105 1783 1324 1853 χαίρειὸ
1344 1779 1603 1842 τοιοῦτος.
1638 1778 1838 1830 Ἀκου-

262 1902 357 1938 om
397 1883 510 1952 γὰρ
542 1881 671 1951 περὶ
703 1877 812 1931 τῶν
846 1875 1157 1931 ἀποστόλων
1202 1872 1295 1925 τοῦ
1346 1871 1529 1925 Αουκᾶ
1567 1869 1834 1936 λέγοντος,

263 1974 353 2030 δτι
411 1974 816 2039 ’Υπέστρεφον
854 1966 972 2021 ἀπὸ
1006 1964 1331 2033 προσώπου
1373 1961 1477 2014 τοῦ
1522 1959 1836 2027 συνεδρίου

262 2066 601 2134 χαίροντες,
632 2059 722 2112 ὅτι
748 2052 1201 2122 κατηξιώθησαν
1224 2049 1373 2117 ὑπὲρ
1403 2048 1508 2102 τοῦ
1548 2047 1838 2116 ὀνόματος

259 2155 450 2210 αὐτοῦ
484 2147 957 2222 μαστιγωθῆναι,
1006 2146 1070 2198 Εἰ
1120 2143 1379 2213 μάστιγες
1428 2140 1523 2193 καὶ
1573 2137 1767 2207 δεσμὰ,
1803 2136 1838 2190 ἃ

263 2240 482 2302 πάντων
529 2240 670 2295 εἶναι
716 2240 861 2292 δοκεί
915 2235 1283 2306 λυπηρότερα,
1340 2231 1512 2302 χαρὰν
1566 2229 1757 2293 τίκτει,
1788 2227 1838 2280 τί

260 2338 373 2390 τῶν
391 2335 567 2389 ἀλλων
589 2333 881 2403 δυνήσεται
907 2328 1206 2399 ἐμποιῆσαι
1241 2324 1416 2393 λύπην
1452 2325 1616 2394 ήμῖν;
1648 2321 1840 2374 Πάλιν

261 2428 412 2499 ἐρῶ,
464 2426 731 2492 ΧαΙρετε.
794 2420 988 2481 Καλῶς
1052 2417 1144 2469 τὸν
1215 2415 1372 2482 λόγον
1438 2411 1835 2465 ἐδιπλασίασεν.

273 2520 498 2589 Ἐπειδὴ
531 2518 636 2586 7&9
662 2513 771 2567 τῶν
794 2511 1135 2582 πραγμάτων
1167 2510 1201 2577 ή
1228 2505 1388 2574 φύσις
1423 2504 1599 2572 λύπην
1636 2501 1838 2563 ἔτικτε,

258 2613 346 2667 ἱιὰ
393 2610 494 2663 τοῦ
549 2600 952 2681 διπλασιασμοῦ
1005 2600 1298 2661 δείκνυσιν,
1355 2597 1436 2648 ὅτι
1489 2594 1705 2655 πάντως
1760 2591 1842 2643 δεῖ

257 2704 495 2775 χαίρειν.
522 2698 594 2754 Τὸ
613 2694 867 2760 ἐπιεικὲς
884 2689 1050 2761 ὑμῶν
1068 2687 1391 2758 γνωσθήτω
1406 2683 1598 2740 πᾶσιν
1621 2682 1839 2750 ἀνθρὼ-

258 2774 416 2860 ἀοίς.
443 2789 603 2864 [505]
640 2784 805 2841 Εἶπεν
834 2783 1107 2853 ἀνωτέρω,
1143 2774 1255 2832 Ὧν
1293 2781 1325 2831 δ
1371 2780 1505 2841 θεὸς
1536 2776 1573 2843 ή
1617 2774 1838 2836 κοιλία,

258 2886 355 2939 καί
376 2887 415 2952 ἡ
434 2882 589 2943 δόξα
603 2875 756 2944 ἑντῇ
781 2875 1044 2942 αίσχύνῃ
1071 2868 1287 2934 αὐτῶν,
1320 2870 1413 2919 καὶ
1432 2864 1597 2919 ὅτιτά
1626 2864 1842 2931 ἐπίγεια

260 2972 580 3046 φρονοῦσιν.
623 2966 775 3019 Ἐπεὶ
802 2960 892 3017 οὖν
924 2963 1068 3022 εἰκὸς
1109 2958 1305 3018 αὐτοὺς
1333 2954 1469 3025 πρὸς
1515 2954 1638 3014 τοὺς
1676 2968 1840 3019 πονη-

254 3066 389 3137 ροὺς
433 3057 694 3128 ἀπεχθῶς
740 3051 1079 3116 διακεῖσθαι,
1119 3049 1376 3118 παραινεῖ
1426 3044 1603 3096 τοίνυν
1656 3042 1841 3103 αὐτοῖς

259 3132 432 3229 μηδὲν
464 3155 555 3222 έχε
568 3171 615 3203 ιν
640 3148 776 3219 πρὸς
807 3147 1047 3205 ἐκείνους
1073 3141 1270 3201 κοινὸν,
1300 3137 1435 3190 ἀλλὰ
1468 3134 1605 3205 μετά
1641 3132 1841 3201 πολλῆς

258 3223 447 3311 αὐτοῖς
481 3241 786 3314 κεχρῆσθαι
821 3234 1149 3298 ἐπιεικείας,
1191 3233 1252 3285 06
1296 3230 1400 3300 μὴν
1446 3230 1555 3289 τοῖς
1598 3223 1843 3292 ἀδελφοῖς

261 3341 449 3409 μόνον,
485 3334 625 3390 ἀλλά
657 3332 752 3385 καὶ
801 3331 911 3392 τοῖς
940 3327 1156 3397 ἐχθροῖς
1186 3325 1280 3376 καὶ
1320 3323 1431 3383 τοῖς
1459 3318 1739 3379 ἐναντίοις.
1782 3315 1846 3368 ’0

259 3434 484 3500 Κύριος
514 3425 721 3495 ὲγὙὺς,
741 3421 936 3493 μηδὲν
956 3415 1298 3488 μεριμνᾶτε.
1320 3415 1474 3476 Τίνος
1502 3414 1609 3483 7&9
1634 3411 1842 3473 ἕνεκεν,

257 3525 383 3577 εἰπέ
424 3536 537 3592 μοι,
568 3513 895 3578 ἀλύετεςότι
940 3509 1321 3571 ἀνθίστανται;
1371 3507 1453 3559 ὅτι
1499 3506 1663 3575 ὁρᾶτε
1714 3519 1845 3573 τρυ-

258 3614 491 3683 φῶντας
522 3607 756 3670 αὑτούςς
801 3601 1004 3671 Μηδὲν
1036 3597 1372 3671 μεριμνᾶτε.
1426 3597 1565 3665 Ἤδη
1594 3598 1627 3665 ὴ
1665 3593 1845 3664 κρίσις

261 3705 616 3775 ἐρέστηκενθ
670 3698 773 3751 οὐκ
830 3697 910 3758 εἰς
961 3691 1177 3763 μακρὰν
1233 3690 1464 3744 δώσουσι
1530 3687 1686 3753 λόγον
1735 3683 1846 3737 τῶν

264 3794 681 3868 πεπραγμένων
711 3790 914 3851 αὐτοῖς.
963 3785 1104 3838 Ἀλλ’
1140 3786 1297 3853 ὑμεῖς
1327 3784 1384 3835 ἐν
1425 3779 1623 3849 θλίψει,
1646 3781 1844 3832 ἐκεῖνοι

262 3890 319 3944 δέ
338 3893 400 3943 ἐν
415 3887 697 3957 τρυφαίςς
734 3880 875 3935 Ἀλλ’
899 3879 1000 3949 ήδη
1031 3876 1205 3931 ταῦτα
1225 3875 1458 3945 λήψεται
1492 3872 1665 3934 τέλος.
1704 3869 1842 3923 Ἀλλ’

264 3976 707 4041 ἐπιϐουλεύουσι,
742 3976 836 4028 καί
860 3971 1210 4035 ἀπειλοῦσιν;
1246 3968 1385 4022 Ἀλλ’
1420 3969 1519 4021 οὐκ
1565 3968 1643 4028 εἰς
1694 3964 1844 4027 τέλος

262 4073 452 4135 αὐτοῖς
482 4068 665 4123 ταῦτα
697 4065 1047 4136 προχωρήσει
1073 4077 1086 4090 ⁸
1127 4061 1227 4131 ἤδη
1266 4058 1616 4128 ἐφέστηκενή
1642 4056 1841 4128 κρίσις,

265 4165 351 4218 ὅτε
382 4161 656 4216 τάναντία
697 4156 877 4210 ἔσται.
910 4153 1113 4221 Μηδὲν
1132 4148 1453 4221 μεριμνᾶτε
1476 4164 1490 4177 ·
1524 4148 1624 4218 ἢδη
1650 4148 1718 4200 τὰ
1746 4146 1843 4214 τῆς

266 4250 685 4312 ἀνταποδόσεως
711 4247 1001 4318 ἐφέστηκε.
1021 4241 1138 4298 Κάν
1161 4240 1419 4304 ἐπιεικῶς
1446 4234 1845 4311 προσενεχθῆτε

267 4348 379 4407 τοῖς
409 4343 478 4397 τὰ
504 4339 659 4393 δεινά
691 4339 832 4408 ὑμᾶς
868 4337 1181 4397 διατεθεῖσι,
1213 4332 1317 4386 κᾶν
1343 4330 1520 4395 πενία,
1549 4328 1649 4383 κᾶν
1679 4327 1843 4381 θάνα-

269 4452 381 4499 τος,
410 4434 521 4486 κᾶν
547 4428 727 4483 ὁτιοῦν
744 4427 871 4482 ἀλλο
897 4426 1066 4478 δεινὸν
1095 4422 1152 4497 ᾖ,
1186 4423 1363 4477 πάντα
1389 4422 1688 4491 οἰχήσεται.
1723 4421 1847 4485 Μη-

266 4528 376 4580 δὲν
401 4519 768 4594 μεριμνᾶτε“
799 4516 936 4572 ἀλλ’
971 4515 1041 4569 ὲν
1067 4513 1246 4568 παντί
1290 4511 1362 4580 τῇ
1398 4506 1710 4579 προσευχῇ
1748 4509 1848 4561 καὶ

268 4618 340 4686 τῇ
367 4615 586 4680 δεήσει
610 4611 759 4682 μετὰ
796 4608 1183 4678 εὐχαριστίας
1220 4604 1293 4658 τὰ
1345 4603 1639 4669 αἰτήματα
1684 4598 1851 4670 ὑμῶν

269 4707 646 4779 γνωριζέσθω
683 4702 835 4771 πρὸς
881 4704 988 4753 τὸν
1028 4699 1197 4752 Θεόν.
1250 4696 1365 4751 Μία
1412 4696 1509 4765 μὲν
1542 4691 1634 4749 οὖν
1666 4693 1850 4762 ἐκείνη

270 4796 623 4873 παραμυθία,
659 4793 741 4857 τὸ,
792 4791 856 4845 '0
890 4792 1107 4858 Κύριος
1149 4786 1348 4857 ἐγγὺς,
1401 4787 1493 4840 καὶ
1539 4788 1733 4849 ἐκεῖνο,
1768 4785 1846 4849 τὸ,

274 4894 544 4959 Ἔσομαι
577 4888 707 4956 μεθ’
737 4882 904 4954 ὑμῶν
931 4881 1135 4946 πάσας
1172 4881 1277 4945 τὰς
1302 4877 1546 4947 ἡμέρας,
1590 4877 1698 4941 ἕως
1741 4874 1851 4943 τῆς

270 4977 639 5043 συντελείας
659 4973 764 5029 τοῦ
788 4971 1022 5037 αἰῶνος.
1059 4969 1190 5023 Ἰδοὺ
1215 4967 1307 5023 καὶ
1332 4966 1467 5037 άλλη
1496 4963 1843 5035 παραμυθία,

275 5073 375 5127 καὶ
406 5069 588 5138 λύπης
626 5068 722 5121 καὶ
756 5063 1132 5137 περιστάσεως
1160 5060 1254 5114 καὶ
1291 5059 1509 5113 πάντων
1548 5056 1657 5109 τῶν
1697 5058 1851 5110 ἀνια-

274 5161 394 5234 ρῶν
420 5160 677 5231 λυτήριον
706 5156 1019 5227 φάρμακον.
1066 5155 1223 5207 Ποῖον
1255 5152 1319 5219 δὴ
1355 5150 1545 5215 τοῦτο;
1583 5150 1656 5202 Τὸ
1695 5147 1852 5218 εὔχε-

278 5252 432 5315 σθαι,
467 5250 532 5303 τὸ
568 5251 626 5302 ἐν
655 5248 818 5301 παντί
864 5246 1222 5317 εὐχαριστεῖν.
1254 5243 1419 5294 ’Ὥστε
1463 5239 1563 5302 τὰς
1596 5237 1759 5309 εὐχὰς
1791 5238 1852 5290 06

284 5342 447 5413 μάνον
471 5342 688 5412 αἴτησιν
724 5336 864 5393 εἶναι
899 5336 1166 5409 βούλεται,
1206 5331 1343 5386 ἀλλά
1371 5330 1465 5385 καὶ
1501 5330 1849 5401 εὐχαριστίαν

281 5434 422 5506 ὑπὲρ
451 5427 529 5487 ὧν
568 5432 784 5503 ἔχομεν.
817 5428 943 5493 Πῶς
971 5429 1079 5499 7&9
1107 5427 1322 5496 αἰτήσει
1356 5440 1439 5487 τις
1464 5422 1534 5477 τά
1568 5422 1852 5493 μέλλοντα,

281 5521 311 5571 ό
334 5519 442 5573 τῶν
475 5519 760 5592 προτέρων
789 5518 949 5588 χάριν
977 5516 1077 5569 οὐκ
1120 5512 1304 5579 εἱδώς;
1351 5512 1510 5567 Ἀλλ’
1549 5513 1619 5566 ἐν
1652 5511 1853 5575 παντὶ,

1059 313 1122 371 IN
1156 310 1375 370 EPIST.
1411 314 1500 367 AD
1547 312 1835 369 I’HILIPP.
1883 309 2037 372 CAP.
2076 315 2160 370 |\'.
2206 314 2442 370 IIOMIL.
2483 313 2620 369 XIV.

3403 312 3506 368 23$

1942 424 2051 477 τῶν
2096 425 2394 480 δοκούντων
2444 421 2584 478 εἰναι
2625 423 2882 494 λυπηρῶν
2912 438 2927 452 ·
2978 420 3135 474 τοῦτο
3190 421 3299 490 γὰρ
3339 424 3505 487 ιντως

1938 516 2280 586 εὐχαρίστου.
2326 515 2535 568 Ἐκεῖνο
2581 515 2679 584 μὲν
2712 512 2820 583 7&9
2847 515 2881 583 ή
2911 512 3071 580 φύσις
3100 512 3210 565 τῶν
3250 519 3509 581 πραγμα-

1935 620 2042 658 των
2065 605 2319 657 ἀπαιτεῖ·
2348 603 2505 656 τοῦτο
2546 603 2603 656 δέ
2650 602 2758 655 ἀπὸ
2780 602 2958 672 ψυχῆς
2991 600 3199 670 γίνεται
3231 598 3509 667 εὐγνώμο-

1936 711 2046 760 νος,
2074 694 2168 747 καί
2206 694 2412 764 σφόδρα
2437 694 2787 763 διακειμένης
2821 691 2956 763 πρὸς
2989 692 3078 745 τὸν
3108 689 3260 742 Θεόν.
3290 688 3508 752 Ταύτας

1935 785 2289 854 ἐπιγινώσκει
2341 787 2439 848 τὰς
2488 784 2653 855 εὐχὰς
2694 787 2723 838 ὁ
2751 784 2907 846 Θεὸς,
2961 781 3060 845 τὰς
3104 781 3162 834 δέ
3208 779 3375 841 ἄλλας
3409 778 3510 830 οὐκ

1934 875 2094 933 οἶδεν.
2149 878 2358 932 Οὐκοῦν
2407 877 2633 930 τοιαῦτα
2676 874 2924 945 εῦχεσθε,
2968 873 3109 927 ὥστε
3140 870 3503 939 ἐπιγινώσκε-

1937 969 2079 1023 σθαι.
2117 968 2302 1020 Πάντα
2343 967 2451 1037 γὰρ
2483 966 2622 1036 ὑπὲρ
2669 963 2766 1016 τοῦ
2805 963 3174 1033 συμφέροντος
3209 960 3507 1026 οἰκονομεῖ,

1936 1059 2038 1113 κᾶν
2063 1061 2224 1128 ἡμεῖς
2252 1059 2329 1128 μὴ
2355 1057 2605 1127 εἰδῶμεν.
2638 1055 2745 1107 Καὶ
2770 1052 2927 1106 τοῦτο
2948 1051 3041 1105 τοῦ
3073 1050 3278 1122 σφόδρα
3301 1047 3510 1118 συμφέ-

1939 1165 2053 1219 ρειν
2084 1150 2215 1219 ήμῖν
2241 1148 2357 1200 ἐστι
2382 1146 2703 1216 τεκμήριον,
2745 1144 2809 1197 τὸ
2844 1144 2991 1214 ἡμᾶς
3035 1141 3108 1212 μὴ
3147 1141 3364 1194 εἰδέναι.
3397 1140 3509 1194 Καί

1934 1239 1973 1305 ἡ
2003 1238 2212 1307 εἰρήνη
2265 1238 2372 1291 τοῦ
2426 1236 2574 1291 Θεοῦ
2610 1238 2647 1303 ή
2696 1233 3078 1303 ὑπερέχουσα
3111 1231 3310 1285 πάντα
3358 1228 3511 1285 νοῦν

1934 1324 2260 1396 φρουρήσει
2312 1326 2418 1391 τὰς
2470 1324 2719 1391 καρδίας
2765 1321 2932 1391 ὑμῶν
2974 1321 3072 1375 καί
3121 1320 3192 1374 τὰ
3239 1321 3511 1391 νοήματα

1944 1417 2113 1488 ὑμῶν
2142 1419 2213 1471 ἐν
2239 1415 2471 1485 Χριστῷ
2511 1415 2733 1482 Ἰησοῦ.
2759 1415 2825 1468 Τί
2855 1417 2973 1467 ἐστι
3006 1411 3202 1478 τοῦτο;
3238 1412 3298 1465 Ἦ
3319 1416 3509 1487 εἰρήνη

1932 1508 2028 1561 τοῦ
2062 1507 2217 1573 Θεοῦ,
2257 1506 2440 1577 φησὶν,
2484 1507 2547 1577 ῆν
2597 1507 2732 1576 πρὸς
2780 1509 2907 1570 τοὺς
2949 1507 3269 1579 ἀνθρώπους
3318 1510 3510 1580 εἰργά-

1935 1611 2087 1656 σατο,
2139 1594 2318 1647 πάντα
2360 1592 2483 1647 νοῦν
2526 1593 2804 1663 ὑπερέχει,
2833 1594 2875 1644 Τ
2883 1594 2930 1657 ίς
2981 1594 3090 1665 γὰρ
3128 1596 3194 1649 ἂν
3252 1598 3511 1667 προσεδό-

1934 1703 2093 1756 κησε,
2142 1686 2226 1748 τίς
2271 1685 2327 1738 δὲ
2380 1684 2446 1738 ἂν
2487 1683 2680 1755 ἤλπισε
2731 1683 2967 1737 τοσαῦτα
3022 1683 3240 1738 ἔσεσθαι
3289 1687 3505 1755 ἀγαθάς

1937 1781 2188 1833 Ἀπασαν
2215 1776 2561 1846 ἀνθρωπίνην
2591 1774 2909 1845 ὑπερϐαίνει
2925 1775 3184 1840 διάνοιαν,
3204 1778 3326 1848 οὐχὶ
3344 1778 3498 1846 λόγον

1938 1875 2096 1946 μόνον
2121 1891 2133 1904 ⁸
2171 1872 2312 1943 ὑπὲρ
2339 1871 2445 1924 τῶν
2477 1869 2705 1941 ἐχθρῶν,
2746 1870 2886 1941 ὑπὲρ
2920 1869 3028 1923 τῶν
3068 1869 3369 1939 μισούντων
3402 1872 3499 1922 αύ-

1934 1963 2047 2029 τὸν,
2078 1962 2218 2032 ὑπὲρ
2253 1960 2362 2014 τῶν
2410 1960 2941 2030 ἀποστρεφομένων,
2999 1959 3138 2029 ὑπὲρ
3175 1959 3375 2012 τούτων
3418 1961 3508 2013 τὸν

1938 2052 2067 2105 Υίὸν
2118 2050 2367 2105 ἐκδοῦναι
2417 2050 2508 2103 τὸν
2546 2051 2809 2121 μονογενῆ
2862 2052 2922 2104 06
2957 2052 3329 2125 παρῃτήσατο,
3367 2051 3506 2105 ὥστε

1937 2145 2157 2213 εἰρήνην
2193 2141 2416 2210 ποιῆσαι
2450 2142 2584 2211 πρὸς
2620 2144 2784 2212 ἡμᾶς.
2814 2143 2963 2212 Αῦτη
2993 2142 3057 2212 δὴ
3090 2139 3183 2196 οὖν
3215 2145 3247 2213 ἡ
3291 2144 3502 2213 εἰρήνη,

1934 2237 2232 2299 τουτέστιν,
2262 2240 2293 2304 ή
2334 2233 2674 2304 καταλλαγὴ,
2716 2236 2749 2304 ή
2795 2235 2983 2303 ἀγάπη
3017 2233 3170 2305 [306]
3222 2233 3315 2287 τοῦ
3345 2234 3507 2297 Θεοῦ,

1936 2325 2265 2397 φρουρήσει
2317 2324 2419 2390 τὰς
2464 2324 2711 2393 καρδίας
2761 2324 2927 2394 ὑμῶν
2981 2326 3079 2378 καί
3132 2327 3202 2380 τὰ
3240 2327 3511 2396 νοήματα

1937 2416 2122 2486 ὑμῶν.

2009 2509 2076 2580 β’.
2104 2510 2275 2563 Τοῦτο
2293 2509 2629 2574 διδασκάλου,
2651 2510 2728 2581 μὴ
2752 2510 2912 2580 μόνον
2936 2510 3394 2582 παραινεῖν,ἀλλά
3417 2510 3512 2565 καί⁵

1938 2601 2214 2672 εὔχεσθαι,
2258 2602 2350 2654 καὶ
2386 2601 2475 2655 διὰ
2519 2601 2756 2670 δεήσεως
2791 2602 3027 2671 βοηθεῖν,
3055 2602 3196 2656 ὥστε
3232 2604 3373 2673 μήτε
3406 2602 3513 2655 ὑπὸ

1940 2691 2263 2763 πειρασμῶν
2297 2691 2822 2757 καταϐαπτίζεσθαι,
2853 2693 2992 2763 μήτε
3034 2693 3139 2746 ὑπὸ
3165 2694 3381 2763 ἀπάτης
3414 2709 3512 2744 πε-

1942 2783 2259 2855 ριφέρεσθαι
2277 2802 2289 2813 ·
2317 2786 2390 2847 ὡς
2418 2782 2483 2836 ἂν
2506 2785 2554 2836 εἰ
2580 2783 2762 2850 ἔλεγεν
2779 2798 2792 2811 ⁸
2834 2783 2893 2836 'U
2921 2783 3225 2854 ῥυσάμενος
3255 2785 3399 2852 ὑμᾶς
3416 2781 3510 2836 οῦέ

1938 2892 2067 2939 τως,
2105 2876 2182 2938 ὡς
2210 2875 2333 2928 ούδέ
2367 2874 2492 2939 νοῦς
2527 2875 2849 2928 καταλαϐεῖν
2885 2874 3132 2935 δύναται,
3170 2875 3331 2937 αὐτὸς
3370 2874 3514 2941 ὑμᾶς

1937 2966 2304 3036 διαφυλάξειε,
2352 2967 2449 3020 καὶ
2485 2964 2865 3034 ἀσφαλίσαιτο,
2908 2965 3051 3019 ὥστε
3081 2965 3245 3036 μηδὲν
3291 2964 3505 3018 παθεῖν.

1943 3061 2015 3113 Ἢ
2043 3056 2136 3114 οὖν
2164 3058 2326 3113 τοῦτο
2346 3058 2515 3130 δηλοῖ,
2547 3058 2580 3129 ἢ
2615 3060 2696 3111 ὅτι
2720 3059 2753 3127 ή
2783 3057 2994 3127 εἰρήνη,
3022 3057 3091 3126 ἦν
3126 3071 3289 3124 φησιν
3324 3058 3352 3109 ὁ
3377 3044 3515 3125 Χρι-

1942 3152 2084 3217 στὸς,
2132 3149 2398 3219 Εἰρήνην
2447 3150 2659 3218 ἀφίημι
2715 3147 2876 3217 ὑμῖν,
2919 3147 3168 3214 εἰρήνην
3212 3147 3325 3213 τὴν
3359 3145 3517 3214 ἐμὴν

1939 3242 2145 3310 δίδωμι
2174 3241 2334 3311 ὑμῖν,
2357 3241 2493 3311 αὕτη
2525 3240 2824 3311 φρουρήσει
2867 3240 3031 3308 ὑμᾶς,
3074 3240 3139 3292 Ἦ
3187 3238 3296 3309 γὰρ
3321 3239 3514 3309 εἰρήνη

1942 3332 2198 3403 ὑπερέχει
2230 3332 2407 3384 πάντα
2446 3331 2569 3385 νοῦν
2592 3330 2951 3402 ἀνθρώπινον.
2971 3331 3032 3383 Εἰ
3056 3330 3112 3383 δέ
3139 3331 3336 3398 λέγεις,
3364 3329 3513 3393 πῶς;

1942 3424 2139 3478 ἀκουεο
2172 3423 2341 3476 Ὅταν
2384 3422 2515 3491 λέγῃ
2552 3421 2686 3491 πρὸς
2727 3422 2855 3484 τοὺς
2908 3421 3135 3492 ἐχθροὺς
3187 3420 3511 3492 εἰρηνεύειν,

1944 3512 2080 3584 πρὸς
2108 3512 2234 3574 τοὺς
2256 3510 2594 3573 ἀδικοῦντας,
2639 3504 2774 3580 πρὸς
2800 3510 2925 3573 τοὺς
2954 3510 3515 3581 ἐκπεπολεμωμένους

1942 3604 2034 3655 καὶ
2060 3599 2312 3670 ἀπεχθῶς
2350 3598 2484 3670 πρὸς
2507 3601 2655 3669 ἡμᾶς
2678 3598 2919 3669 ἔχοντας,
2953 3598 3069 3662 πῶς
3098 3599 3195 3668 οὐχ
3224 3599 3364 3669 ὑπὲρ
3388 3597 3513 3650 νοῦν

1941 3696 2087 3746 ἐστιν
2122 3690 2463 3762 ἀνθρώπινον
2506 3689 2697 3755 τοῦτο;
2748 3690 2965 3744 Μᾶλλον
3019 3690 3076 3744 δέ
3133 3690 3193 3743 τὸ
3245 3690 3513 3760 πρότερον

1943 3785 2138 3855 ίδωμεν
2168 3799 2182 3815 ’
2219 3783 2280 3837 Ἠ
2321 3782 2532 3851 εἰρήνη
2575 3782 2849 3849 ὑπερέχει
2898 3780 3094 3834 πάντα
3145 3778 3313 3833 νοῦν.
3366 3780 3431 3832 Εἰ
3481 3781 3514 3848 ή
3604 3780 3613 3807 ‘

1941 3877 2154 3947 εἰρήνη,
2194 3872 2375 3943 πολλῷ
2412 3872 2611 3943 μᾶλλον
2657 3872 2864 3935 αὐτὸςό
2896 3871 3048 3935 Θεὸς,
3082 3874 3111 3925 ὁ
3150 3870 3247 3941 τὴν
3294 3873 3516 3942 εἰρήνην

1941 3968 2085 4031 δοὺς,
2117 3966 2293 4020 πάντα
2318 3964 2460 4027 νοῦν,
2493 3964 2556 4017 06
2586 3963 2676 4017 τὸν
2722 3963 2989 4033 ἡμέτερον
3021 3963 3201 4032 μόνον,
3250 3962 3385 4016 ἀλλά
3422 3963 3515 4014 καὶ¹

1952 4057 2045 4110 τὸν
2068 4057 2178 4109 τῶν
2198 4054 2445 4124 ἀγγέλων
2472 4054 2565 4108 καὶ
2586 4053 2694 4106 τῶν
2715 4053 2827 4107 ἀνω
2843 4052 3148 4122 δυνάμεων.
3177 4053 3241 4105 Τί
3262 4053 3319 4105 δέ
3341 4054 3513 4115 ἐστιν,

1954 4150 2050 4201 Ἐν
2101 4145 2333 4215 Χριστῷ
2394 4145 2629 4211 Ἰησοῦ;
2690 4145 2778 4196 Ἐν
2832 4142 2979 4212 αὐτῷ
3034 4142 3279 4211 φυλάξει,
3329 4142 3516 4211 φησίν,

1943 4239 2082 4295 ὥστε
2117 4237 2321 4309 μένειν,
2354 4235 2449 4287 καὶ
2480 4233 2555 4302 μὴ
2604 4235 2856 4285 ἐκπεσεῖν
2904 4232 3068 4285 αὑτοῦ
3128 4232 3226 4300 τῆς
3260 4232 3495 4294 πίστεως

1947 4333 2015 4386 Τὸ
2042 4329 2277 4391 λοιπὸν,
2309 4323 2579 4393 ἀδελφοί,
2608 4322 2726 4377 ὅσα
2748 4322 2880 4377 ἐστί
2910 4322 3122 4392 σεμνὰ,
3144 4320 3263 4375 ὅσα
3287 4318 3520 4387 ἀληθῆ,

1945 4423 2062 4477 ὅσα
2091 4419 2311 4488 δίκαια.
2343 4416 2408 4468 Τί
2440 4419 2577 4481 ἐστι,
2616 4416 2683 4469 Τὸ
2707 4415 2959 4476 λοιπόν;
3003 4415 3147 4466 ’Δντὶ
3179 4412 3295 4475 τοῦ,
3329 4413 3515 4465 Πάντα

1946 4514 2076 4581 ἡμῖν
2102 4508 2336 4579 εἴρηται.
2378 4504 2764 4575 Ἐπειγομένου
2791 4504 2849 4557 τὸ
2878 4503 3029 4575 ῥῆμά
3065 4505 3202 4566 ἐστι,
3243 4503 3335 4555 καὶ
3366 4500 3525 4553 οὐδὲν

1949 4603 2123 4657 κοινὸν
2157 4601 2370 4671 ἔχοντος
2404 4598 2538 4667 πρὸς
2566 4596 2635 4648 τα
2663 4595 2927 4664 παρόντα.
2964 4594 3209 4659 Λοιπὸν,
3243 4592 3517 4661 ἀδελφοί,

1948 4694 2065 4748 ὅσα
2112 4691 2283 4747 ἐστίν
2327 4687 2545 4757 ἀληθῆ,
2581 4687 2698 4740 ὅσα
2725 4684 2941 4755 σεμνὰ,
2997 4684 3113 4736 ὅσα
3156 4683 3376 4746 δίκαια,
3403 4682 3520 4736 ὅσα

1948 4783 2121 4853 ἁγνὰ,
2156 4782 2274 4836 ὅσα
2299 4777 2629 4849 προσφιλῆ,
2668 4777 2786 4830 ὅσα
2831 4774 3091 4844 εὔφημα,
3134 4774 3191 4828 ει
3218 4791 3308 4839 τις
3339 4771 3521 4840 ἀρετὴ

1951 4874 2050 4927 καί
2072 4873 2128 4926 εἴ
2148 4890 2237 4937 τις
2263 4871 2528 4935 ἔπαινος,
2558 4868 2743 4922 ταῦτα
2768 4864 3103 4935 λογίζεσθε·
3138 4862 3176 4918 ιί
3203 4864 3301 4917 καί
3382 4861 3524 4928 ἐμά-

1952 4966 2103 5026 θετε,
2134 4962 2232 5016 καί
2272 4957 2657 5028 παρελάϐετε,
2704 4956 2804 5010 καί
2844 4955 3165 5023 ἠκούσατε,
3206 4952 3303 5007 καί
3336 4949 3526 5004 εἴδετε

1950 5055 2022 5108 ἐν
2056 5052 2209 5124 ἐμοί.
2245 5052 2311 5106 Τί
2337 5053 2506 5116 ἐστιν,
2541 5050 2698 5103 Ὅσα
2729 5044 3077 5115 προσφιλής
3106 5043 3382 5116 Προσφιλῆ
3412 5041 3524 5103 τοῖς

1954 5148 2185 5210 πιστοῖς,
2237 5142 2511 5215 προσφιλῆ
2550 5141 2627 5212 τῷ
2674 5138 2812 5210 Θεῷ.
2870 5139 3029 5191 Ὅσα
3083 5136 3254 5189 ἐστίν
3301 5131 3523 5201 ἀληθῆ.

1955 5239 2138 5294 Ταῦτα
2154 5239 2262 5307 7&9
2282 5236 2448 5299 ὅντως
2473 5233 2670 5304 ἀληθῆ,
2695 5234 2728 5301 ἡ
2752 5231 2943 5302 ἀρετή·
2968 5228 3160 5299 ψεῦδος
3183 5228 3239 5280 δέ
3266 5229 3299 5296 ή
3324 5226 3488 5279 κακία
3506 5239 3522 5254 ³

1957 5332 2052 5384 καὶ
2077 5328 2185 5399 γὰρ
2219 5329 2253 5397 ἡ
2302 5325 2464 5396 ήδονὴ
2513 5324 2682 5393 αὐτῆς
2728 5322 2941 5391 ψεῦδος,
3002 5320 3094 5372 καὶ
3127 5321 3160 5389 ἡ
3202 5317 3328 5382 δόξα
3355 5315 3528 5385 αὐτῆς

1956 5418 2170 5490 ψεῦδος,
2219 5414 2312 5469 καὶ
2349 5415 2527 5468 πάντα
2580 5413 2648 5465 τὰ
2694 5410 2785 5463 τοῦ
2843 5409 3045 5477 κόσμου
3100 5407 3313 5476 ψεῦδος.
3371 5405 3529 5457 Ὅσα

1960 5509 2134 5580 ἁγνὰ,
2189 5506 2324 5577 πρὸς
2370 5505 2451 5568 τὸ,
2516 5504 2589 5558 Τὰ
2639 5502 2867 5571 ἐπίγεια
2913 5498 3306 5569 φρονοῦντας.
3369 5497 3528 5548 Ὅσα

286 5611 439 5680 φησι,
485 5587 755 5675 τουτέστι,
794 5587 1124 5680 πράγματι,
1181 5603 1256 5674 τῇ
1300 5601 1613 5673 προσευχῇ
1651 5601 1750 5655 καί
1784 5600 1859 5668 τῇ
1961 5599 2174 5670 σεμνὰ,
2206 5598 2339 5667 πρὸς
2362 5596 2451 5662 τὸ,
2471 5594 2582 5648 Ὧν
2605 5597 2635 5648 ὀ
2658 5593 2792 5658 θεὸς
2810 5592 2845 5658 ή
2877 5591 3093 5644 κοιλία.
3122 5591 3275 5643 Ὅσα
3304 5587 3524 5649 δίκαια,

290 5699 518 5768 δεήσει.
560 5701 723 5755 ’Ὠττε
769 5702 906 5772 ὑπὲρ
935 5699 1188 5755 ἁπάντων
1234 5697 1574 5769 εὐχαριστεῖν
1616 5695 1713 5763 δεῖ,
1766 5696 1856 5748 καὶ

1963 5691 2079 5745 ὅσα
2115 5688 2378 5758 εὔφημα,
2405 5684 2574 5741 ταῦτά
2599 5686 2733 5748 ἐστι,
2762 5680 2944 5754 φησίν.
2977 5680 3049 5737 Εἰ
3080 5698 3165 5747 τις
3197 5677 3403 5748 ἀρετὴ,
3427 5677 3524 5731 καὶ
