4014 6200
451 329 557 388 285

451 445 509 501 ετ
538 460 629 510 τις
657 442 925 507 ἔπαινος.
969 434 1233 490 Ἐνταῦθα
1268 435 1519 506 βούλεται
1555 433 1753 497 αὐτοὺς
1782 433 1877 487 καὶ
1917 431 2024 485 τῶν

453 533 591 605 πρὸς
620 531 943 603 ἀνθρώπους
974 529 1241 599 προνοεῖν.
1272 526 1464 579 Ταῦτα
1490 525 1818 595 λογίζεσθε.
1844 524 2028 593 φησίν.

469 623 636 693 ὐρᾷς
678 621 761 673 ὃτι
801 621 982 672 πᾶσαν
1013 618 1219 670 ἔννοιαν
1253 614 1501 698 βούλεται
1530 615 1769 687 ἐξορίσαι
1793 615 2035 686 πονηράν

456 712 522 764 ἐκ
546 710 657 763 τῶν
696 708 981 780 ἡμετέρων
1011 705 1230 777 ψυχῶνς
1263 706 1370 758 άπὸ
1408 706 1518 776 7&9
1553 704 1771 757 ἐννοιῶν
1804 705 1859 758 αί
1898 704 2035 775 πρά-

458 798 569 865 ξεις
601 800 656 852 αί
685 798 921 868 πονηραὶ⁸
948 796 1205 864 γίνονται.
1241 796 1299 848 ’Λ
1332 794 1432 848 καί
1490 793 1737 863 ἐμάθετε
1764 792 1861 846 καί
1893 808 2038 861 παρι

458 890 729 945 ελάσετε.
779 888 951 941 Τοῦτο
971 886 1316 949 διδασκαλίας
1363 886 1612 955 ἀρίστης,
1650 884 1711 938 τὸ
1749 886 1805 937 ἐν
1837 884 2038 947 πάσαις

455 985 577 1045 ταῖς
618 980 1008 1050 παραινέσεσιν
1058 978 1250 1031 ἑαυτὸν
1293 976 1556 1047 παρέχειν
1604 974 1793 1037 τύπον,
1853 975 2037 1037 καθὼς

458 1074 552 1127 καὶ
585 1071 816 1142 ἀλλαχοῦ
850 1088 1003 1141 φησι,
1036 1069 1242 1134 Καθὼς
1270 1069 1438 1136 ἔχετε
1468 1068 1662 1119 τύπον
1693 1064 1850 1131 ἡμᾶς
1882 1080 1894 1093 ’
1943 1065 2039 1119 καὶ

458 1166 621 1221 πάλιν
663 1163 920 1226 ἐνταῦθα,
956 1164 1025 1217 Ἀ
1064 1161 1161 1214 καί
1197 1160 1465 1228 ἐμάθετε,
1493 1157 1590 1212 καί
1632 1156 1998 1226 παρελάϐετε
2022 1174 2036 1189 ·

457 1257 754 1314 τουτέστιν,
784 1252 1131 1322 Ἐδιδάχθητε
1169 1269 1182 1282 ·
1219 1250 1315 1304 καὶ
1343 1251 1668 1318 ἠκούσατε,
1720 1250 1818 1303 καί
1850 1250 2041 1305 εἴδετε

458 1346 530 1400 ἐν
555 1346 707 1413 ἐμοὶ,
737 1343 831 1396 καὶ
856 1342 1117 1411 ῥημάτιον
1147 1341 1354 1404 ἕνεκεν,
1381 1340 1473 1392 καὶ
1497 1339 1766 1411 πράξεων,
1795 1343 1889 1391 καὶ
1914 1342 2042 1393 ἁνα-

465 1436 725 1507 στροφῆς.
768 1434 928 1505 Ὁρᾷς
957 1434 1040 1486 ὅτι
1073 1431 1234 1503 μέχρι
1281 1431 1481 1495 παντὸς
1515 1432 1839 1502 πράγματος
1872 1431 2044 1485 ταῦτα

463 1527 834 1590 διατάττεται;
880 1523 1096 1595 Ἐπειδὴ
1127 1523 1237 1594 7&9
1267 1523 1371 1575 οὐκ
1408 1524 1533 1593 ἐνῆν
1571 1522 2045 1595 ἀκριϐολογεῖσθαι

466 1619 597 1689 περὶ
649 1617 887 1681 πάντων,
936 1614 1089 1688 [507]
1138 1615 1233 1669 καὶ
1284 1613 1504 1667 εἰσόδων
1547 1614 1641 1667 καὶ
1678 1614 1895 1681 ἐξόδων,
1949 1613 2047 1667 καὶ

468 1712 712 1781 ῥήματος
757 1709 848 1763 καὶ
889 1709 1165 1779 σχήματος
1195 1707 1290 1760 καὶ
1338 1707 1622 1770 συνουσίας
1656 1708 1901 1778 (πάντων
1934 1707 2042 1779 γάρ

470 1802 680 1871 τούτων
702 1801 807 1872 χρὴ
831 1803 1080 1873 προνοεῖν
1101 1801 1193 1854 τὸν
1222 1801 1570 1871 Χριστιανόν)
1586 1818 1601 1832 °
1631 1802 1909 1873 συντόμως
1928 1797 2048 1855 εἷπε

466 1894 561 1948 καὶ
584 1894 659 1959 ὡς
688 1896 744 1946 ἐν
773 1892 1090 1964 κεφαλαίῳ,.
1119 1894 1215 1945 Ἑν
1242 1893 1369 1963 ἐμοί
1392 1894 1696 1961 ἠκούσατε
1713 1893 1811 1947 καί
1836 1894 2044 1948 εἴδετε·

466 1983 733 2050 τουτέστι,
771 1983 910 2052 Παρ⁹
934 1983 1058 2052 ἐμοί
1078 1976 1095 2013 ³
1116 1982 1248 2035 ὡσεὶ
1270 1981 1442 2051 ἐλεγεο
1472 1984 1582 2036 Καὶ
1600 1983 1687 2036 διὰ
1713 1984 1820 2037 τῶν
1850 1984 2046 2054 ἔργων,

468 2077 563 2131 καὶ
588 2075 677 2129 διά
697 2074 806 2127 τῶν
831 2075 1091 2146 ῥημάτων
1113 2075 1254 2144 ὑμᾶς
1287 2076 1592 2144 ἀνήγαγον.
1640 2074 1830 2128 Ταῦτα
1860 2072 2051 2141 πράσ-

469 2182 610 2221 σετε
635 2184 650 2198 υ
683 2164 759 2236 μὴ
793 2165 979 2232 λέγετε
1026 2164 1207 2235 μόνον,
1242 2165 1378 2218 ἀλλὰ
1406 2165 1499 2217 καὶ
1530 2165 1801 2236 πράττετε
1822 2180 1836 2194 ο
1875 2163 1975 2217 καὶ
2019 2166 2051 2216 ό

472 2255 614 2322 Θεὸς
643 2254 754 2324 τῆς
780 2252 1024 2324 εἰρήνης
1050 2255 1218 2309 ἔσται
1234 2256 1362 2324 μεθ’
1387 2253 1569 2325 ὑμῶν.
1592 2254 1902 2318 Τουτέστιν,
1927 2253 2053 2307 Ἐὰν

470 2346 614 2399 οὕτω
661 2345 967 2417 φυλάττητε
1021 2344 1216 2411 ταῦτα,
1260 2346 1353 2399 καὶ
1391 2346 1528 2417 πρὸς
1581 2345 1844 2417 ἀλλήλους
1898 2347 2051 2417 εἰρη-

471 2435 685 2506 νεύητε,
716 2436 774 2487 ἐν
808 2434 1018 2509 γαλήνῃ
1042 2435 1251 2500 ἔσεσθε,
1287 2439 1343 2489 ἐν
1372 2437 1641 2508 ἀσφαλείᾳ
1669 2438 1835 2510 πολλῇ
1854 2456 1866 2469 ·
1904 2438 2054 2492 οὐδὲν

472 2526 728 2581 πείσεσθε
758 2528 1022 2599 λυπηρὸν,
1049 2528 1171 2581 οὐδὲ
1214 2528 1324 2581 τῶν
1356 2528 1692 2598 ἀὸουλήτων.
1741 2530 1913 2584 Ὅταν
1946 2532 2055 2603 7&9

470 2618 633 2687 ἡμεῖς
671 2619 1041 2691 είρηνεύωμεν
1080 2620 1219 2691 πρὸς
1264 2621 1449 2683 αὐτὸν,
1491 2622 1845 2692 εἰρηνεύομεν
1881 2623 1936 2677 δὲ
1966 2623 2056 2678 διά

472 2709 572 2778 τῆς
614 2709 835 2780 ἀρετῆς,
868 2708 1048 2781 πολλῷ
1085 2711 1283 2781 μᾶλλον
1334 2711 1495 2774 αὐτὸς
1536 2713 1653 2782 μεθ’
1696 2714 1851 2782 ήμῶν
1881 2714 2052 2767 ἔσται.

484 2798 545 2852 '0
566 2800 678 2871 7&9
711 2799 886 2866 οὐτως
924 2803 1073 2874 ἡμᾶς
1107 2804 1422 2875 ἀγαπήσας,
1453 2804 1531 2868 ὡς
1560 2805 1655 2857 καὶ
1687 2804 1762 2876 μὴ
1794 2805 2053 2875 βουλομέ-

472 2906 598 2955 νους
646 2893 987 2964 προσίεσθαι,
1042 2894 1110 2949 ἂν
1156 2895 1240 2967 ἴδῃ
1288 2896 1744 2966 προστρέχοντας,
1780 2897 1839 2949 οὐ
1879 2896 2057 2967 πολλῷ

473 2980 639 3035 πλέον
684 2984 851 3047 αὐτὸς
894 2982 1221 3049 ἐπιδείξεται
1273 2985 1374 3054 τὴν
1403 2986 1617 3054 φιλίαν;
1678 2985 1843 3039 Οὐδὲν
1885 2987 2058 3051 οὕτως

473 3071 672 3143 ἐχθρὸν
724 3075 824 3144 τῆς
876 3075 1152 3146 ήμετέρας
1202 3075 1439 3145 φύσεως,
1472 3075 1548 3137 ὠς
1601 3076 1787 3132 κακία.
1839 3075 1963 3140 Πῶς
2002 3076 2059 3131 δὲ

473 3162 669 3234 ἐχθρὸν
694 3164 851 3235 ἡμῶν
884 3167 916 3236 ή
948 3165 1138 3230 κακία,
1174 3166 1267 3219 καὶ
1301 3164 1453 3233 φίλον
1491 3166 1523 3235 ἡ
1561 3166 1754 3236 ἀρετὴ,
1794 3166 2058 3236 πολλαχό-

476 3253 569 3309 θεν
618 3253 815 3323 δῆλον
867 3257 983 3321 καὶ,
1029 3259 1077 3309 εί
1132 3255 1416 3328 βούλεσθε,
1486 3258 1848 3329 σκοπήσωμεν
1900 3257 2060 3311 τοῦτο

475 3343 694 3415 πρῶτον
749 3344 859 3398 ἀπὸ
894 3346 1003 3399 τῶν
1047 3347 1309 3401 ἐναντίων
1356 3348 1495 3412 ἑνὸς,
1533 3349 1634 3418 τῆς
1670 3349 1947 3419 πορνείας
1996 3349 2061 3403 Ἡ

475 3434 703 3505 πορνεία
734 3436 1134 3502 ἐπονειδίστους
1175 3438 1490 3510 καθίστησι,
1526 3440 1788 3510 πένητας,
1824 3457 2061 3509 καταγε-

474 3522 727 3592 λάστους,
755 3526 1266 3596 εὐκαταφρονήτους
1312 3528 1449 3598 πρὸς
1489 3529 1715 3593 πάντας,
1747 3527 1920 3582 ταῦτα
1949 3528 2062 3580 δια-

474 3614 709 3683 τιθείσα,
744 3616 887 3690 ἅπερ
928 3618 1139 3688 ἐχθρῶν
1173 3621 1289 3672 ἐστι
1337 3620 1667 3673 διατιθέναι·
1706 3619 1967 3683 πολλάκις
2006 3621 2062 3673 δὲ

475 3708 572 3760 καὶ
614 3709 790 3772 νόσοις
824 3711 920 3763 καὶ
970 3710 1236 3775 κινδύνοις
1280 3712 1603 3782 περιέϐαλεν
1658 3712 1797 3783 αὐτη
1823 3729 1837 3742 ·
1880 3713 2064 3765 πολλοὶ

475 3794 536 3849 δὲ
567 3797 665 3848 καὶ
699 3798 843 3867 ὑπὲρ
874 3798 983 3851 τῶν
1017 3799 1230 3869 πορνῶν
1278 3801 1577 3866 ἀπώλοντο,
1626 3801 1720 3853 καὶ
1769 3801 2065 3871 τραύματα

477 3883 693 3939 ελαϐον.
728 3887 793 3939 El
829 3887 887 3939 δὲ
915 3888 975 3940 τὸ
1007 3887 1293 3957 πορνεύειν
1332 3887 1508 3941 ταῦτα
1547 3887 1817 3958 προξενεῖ,
1850 3889 1910 3941 τὸ
1947 3907 2063 3958 μοι·

477 3974 665 4044 χεύειν
698 3974 880 4044 πολλῷ
917 3975 1137 4045 μᾶλλον.
1175 3970 1437 4045 τιὶραοῦν
1469 3977 1564 4029 καὶ
1597 3975 1930 4047 ἐλεημοσύνη
1970 3977 2063 4030 οὐ·

477 4079 619 4130 τως;
648 4064 951 4135 Οὐδαμῶς·
984 4065 1099 4118 ἀλλ’
1129 4065 1205 4128 ὡς
1257 4067 1439 4136 μήτηρ
1488 4066 1841 4136 φιλόστοργος
1883 4068 1941 4120 ἐν
1976 4084 2066 4121 κο-

480 4155 734 4226 σμιότητι
774 4155 944 4227 πολλῇ
990 4156 1050 4209 τὸ
1082 4155 1292 4209 παιδίον
1327 4156 1669 4228 καθίστησιν,
1711 4158 1769 4209 ἐν
1816 4156 2062 4227 εὐταξία,

477 4247 537 4301 ἐν
567 4251 781 4319 χρηστῇ
811 4247 957 4320 δόξῃ,
993 4248 1122 4319 περὶ
1152 4248 1248 4319 τήν
1287 4248 1397 4302 τῶν
1429 4249 1744 4316 ἀναγκαίων
1770 4252 1916 4303 ποιεῖ
1943 4267 2067 4319 σχοο

477 4339 664 4404 λάζειν
694 4340 1000 4412 διατριϐὴν,
1048 4340 1148 4393 οὐκ
1195 4339 1418 4410 ἀφίησιν
1455 4341 1624 4410 ἡμᾶς,
1672 4341 1795 4393 οὐδὲ
1858 4341 2063 4410 ἀπάγει

477 4431 587 4484 τῶν
615 4433 953 4500 ἀναγκαίων,
1008 4431 1144 4486 ἀλλά
1175 4432 1271 4484 καὶ
1304 4431 1403 4503 τὴν
1456 4433 1637 4502 ψυχὴν
1694 4432 2065 4502 συνετωτέραν

478 4520 795 4589 ἐργάζεται.
829 4521 996 4575 Οὐδὲν
1023 4521 1132 4592 7&9
1162 4521 1379 4591 πορνῶν
1430 4521 1852 4592 ἀσυνετώτεροι).
1904 4521 2067 4575 ’Λλλά

482 4612 572 4676 τί;
601 4611 781 4681 βούλει
812 4611 913 4682 τὴν
946 4613 1259 4680 πλεονεξίαν
1290 4612 1448 4678 ίδεῖν;
1485 4612 1595 4665 Καὶ
1626 4610 1787 4683 αὐτη,
1817 4612 1961 4683 άπερ
2000 4612 2067 4665 ἂν

483 4704 681 4775 ἐχθρὸς
731 4705 882 4773 ἡμᾶς
917 4705 1157 4775 διέθηκε,
1216 4704 1508 4775 διατίθησι.
1563 4704 1722 4769 Πῶςς
1773 4703 2067 4757 Μισεῖσθαι

484 4794 578 4847 καὶ
610 4791 749 4863 αὐτη
775 4797 919 4847 ποιεῖ
952 4795 1103 4865 παρὰ
1130 4796 1347 4849 πάντων
1374 4812 1388 4825 ·
1434 4793 1641 4856 πάντας
1681 4793 1838 4863 ἡμῶν
1872 4794 2067 4847 κατεύ-

484 4885 676 4957 χεσθαι
725 4888 1155 4956 παρασκευάζει,
1210 4888 1303 4941 καὶ
1344 4889 1473 4951 τοὺς
1522 4886 1906 4956 ἠδικημένους,
1964 4890 2060 4941 καὶ

486 4978 613 5041 τοὺς
639 4977 741 5030 οὐκ
783 4977 1168 5048 ἠδικημένους,
1224 4980 1454 5042 ἐκείνοις
1499 4979 1598 5049 μὲν
1649 4979 2066 5047 συναλγοῦντας,

489 5069 630 5138 ὑπὲρ
680 5068 738 5121 δὲ
790 5068 1000 5121 ἑαυτῶν
1054 5068 1400 5132 δεδοικότας·
1452 5069 1528 5133 ὡς
1574 5069 1802 5139 ἐχθροὺς
1857 5071 2070 5133 κοινοὺς

490 5159 691 5221 πάντες
719 5158 942 5230 ὁρῶσιν,
973 5158 1049 5222 ὠς
1075 5158 1262 5229 θηρία,
1293 5160 1367 5223 ῶς
1392 5159 1649 5229 δαίμονας
1669 5176 1683 5190 ο
1714 5160 1905 5230 μυρίαι
1936 5177 2067 5213 παν-

487 5247 655 5316 ταχοῦ
695 5251 1046 5321 κατηγορίαι,
1096 5250 1420 5316 ἐπιϐουλαὶ,
1473 5252 1676 5319 φθόνοι,
1724 5252 1869 5321 ἅπερ
1921 5252 2069 5306 ἐστὶν

490 5338 721 5410 ἐχθρῶν.
763 5342 827 5395 Ἦ
855 5343 912 5395 δὲ
940 5342 1255 5413 δικαιοσύνη
1274 5343 1600 5408 τούναντίον,
1629 5343 1835 5406 πάντας
1857 5342 2066 5411 φίλους,

469 5418 704 5495 ίπάντας
752 5433 1024 5505 συνήθεις,
1067 5436 1277 5498 πάντας
1316 5435 1576 5498 εὐνοϊκῶς
1616 5435 1884 5506 διατίθησι
1933 5436 2070 5507 πρὸς

494 5522 643 5591 ἡμᾶς
666 5540 680 5554 ο
708 5524 859 5596 παρὰ
885 5527 1102 5580 πάντων
1139 5528 1278 5599 ὑπὲρ
1304 5526 1460 5597 ήμῶν
1502 5527 1659 5597 εὐχαὶ
1684 5527 1942 5595 γίνονται.
1980 5528 2069 5582 Ἐν

496 5615 768 5686 ἀσφαλείᾳ
795 5618 962 5688 πολλῇ
995 5617 1245 5671 ἐντεῦθεν
1278 5619 1345 5672 τά
1383 5619 1504 5671 καθ’
1536 5620 1704 5689 ἡμᾶς,
1751 5619 1926 5681 οὐδεὶς
1957 5618 2070 5673 κίν-

499 5701 673 5768 δυνος,
695 5705 918 5776 οὐδεμία
940 5708 1161 5777 ὐποψία,
1187 5708 1319 5763 ἀλλὰ
1344 5708 1437 5763 καὶ
1456 5712 1483 5762 6
1506 5708 1671 5773 ὐπνος
1694 5710 1862 5771 ἀδεῶς
1882 5709 2058 5763 ἔπεισι

1189 325 1245 384 S.
1284 320 1572 380 JOANNIS
1606 318 2054 378 CHRYSOSTOM

2157 274 2447 379 ιιιειιιειι.
2490 274 3045 377 coxan'nxor.

3601 319 3713 374 286

2139 435 2277 505 μετὰ
2308 434 2628 503 ἀσφαλείας,
2678 432 2903 503 οὐδεμία
2949 430 3191 501 φροντὶς,
3224 432 3403 496 οὐδεὶς
3450 436 3706 497 κοπετός.

2201 534 2270 594 γ’,
2288 526 2448 597 Ὁρᾷς
2473 527 2555 579 ὅτι
2584 524 2785 596 μᾶλλον
2813 522 2952 594 αὕτη
2972 522 3195 594 βελτίων
3211 541 3225 589 ;
3241 523 3307 576 Τί
3325 524 3405 584 δὲ»
3428 525 3551 577 εἶπέ
3583 543 3710 595 μοίῖ

2131 614 2191 666 τὸ
2218 613 2452 681 φθονεῖν,
2556 612 2619 665 τὸ
2658 611 2981 681 συνήδεσθαι
3023 610 3265 681 βέλτιον;
3303 611 3491 665 Ταῦτα
3534 613 3714 666 πάντα

2132 698 2497 769 ἐξετάσωμεν,
2521 698 2617 751 καὶ
2654 698 2980 769 εὑρήσομεν,
3011 699 3093 751 ὅτι
3121 699 3155 768 ἡ
3189 699 3289 768 μὲν
3318 698 3510 769 ἀρετή,
3540 700 3716 753 καθάο

2135 804 2241 857 περ
2274 789 2456 856 μήτηρ
2490 786 2658 849 ὅντως
2689 785 3138 857 φιλόστοργος,ἐν
3162 786 3433 856 ἀσφαλείᾳ
3458 786 3717 858 καθίστη-

2138 890 2221 927 σιν
2249 875 2331 944 ’ή
2382 873 2439 927 δὲ
2486 872 2653 927 κακία
2701 875 2760 926 ἐν
2808 874 3091 936 κινδύνοις,
3141 876 3370 943 πρᾶγμα
3416 876 3717 944 ἐπισφαλὲς

2136 962 2287 1035 {508]
2321 964 2563 1033 ὑπάρχον
2588 962 2682 1016 καὶ
2711 962 3069 1018 ἐπικίνδυνον.
3103 964 3299 1016 ’Ἄκουε
3333 964 3443 1034 7&9
3466 964 3563 1016 τοῦ
3589 982 3718 1034 προ-

2137 1052 2306 1120 φήτου
2334 1050 2582 1118 λέγοντος
2602 1090 2617 1112 ,
2653 1051 3001 1118 Κραταίωμα
3031 1051 3242 1118 Κύριος
3270 1049 3390 1103 τῶν
3425 1052 3719 1119 φοϐουμέο

2137 1152 2261 1190 νων
2318 1136 2526 1197 αὐτὸν,
2560 1135 2659 1189 καί
2706 1136 2744 1202 ἠ
2779 1136 3036 1205 διαθήκη
3081 1137 3269 1192 αὑτοῦ
3306 1138 3415 1192 τοῦ
3442 1138 3719 1205 δηλῶσαι

2138 1222 2362 1288 αὐτοῖς.
2408 1223 2615 1277 Οὐδένα
2667 1223 2902 1276 δέδοικεν
2927 1226 2957 1277 ό
3013 1223 3180 1293 μηδὲν
3232 1224 3413 1294 ἑαυτῷ
3463 1225 3719 1290 συνειδικ

2141 1312 2375 1382 πονηρόν
2398 1328 2414 1343 ·
2436 1312 2611 1365 οὐδενὶ
2638 1312 2801 1369 πάλιν
2821 1312 3016 1383 θαρρεῖ
3042 1313 3072 1365 6
3097 1314 3155 1365 ἐν
3202 1313 3374 1384 κακίᾳ
3426 1312 3556 1378 ζῶν,
3585 1312 3724 1366 άλλά

2140 1400 2234 1455 καὶ
2287 1403 2412 1465 τούς
2444 1403 2666 1466 οἰκέτας
2699 1402 2913 1473 τρέμει,
2946 1402 3040 1456 καὶ
3071 1401 3212 1471 μετά
3244 1401 3480 1472 ὑποψίας
3502 1404 3628 1473 ὁρᾷ.
3655 1402 3722 1455 Τί

2140 1489 2200 1542 δέ
2241 1488 2388 1557 λέγω
2418 1491 2546 1553 τοὺς
2590 1490 2842 1555 οίκέταςς
2884 1489 2977 1543 τοῦ
3021 1490 3320 1553 συνειδότος
3347 1490 3408 1542 οὐ
3465 1491 3619 1559 φέρει
3659 1489 3723 1543 τὸ

2143 1577 2526 1649 δικαστήριον·
2565 1579 2665 1648 οὐχ
2708 1580 2757 1632 οί
2814 1578 2919 1643 ἔξω
2967 1578 3129 1647 μόνον
3155 1617 3171 1641 ,
3206 1579 3341 1632 ἀλλὰ
3376 1580 3472 1632 καὶ
3491 1582 3541 1633 οἱ
3572 1579 3726 1633 ἔνδον

2144 1665 2309 1718 αὐτὸν
2341 1665 2604 1719 κόπτουσι
2644 1664 2916 1735 λογισμοὶ,
2956 1665 3057 1719 οὐκ
3095 1665 3347 1732 ἀφιέντες
3386 1666 3555 1719 αὐτὸν
3587 1668 3728 1735 ἡρε-

2147 1753 2289 1820 μεῖν.
2326 1751 2390 1803 Τί
2434 1747 2549 1816 οῦν,
2580 1751 2747 1821 φησί;
2789 1752 2924 1822 πρὸς
2974 1753 3231 1814 ἐπαίνους
3278 1751 3617 1822 προσέχοντα
3646 1753 3730 1805 δεῖ

2148 1840 2275 1910 ζῇνς
2303 1839 2415 1892 Οὐκ
2444 1834 2585 1905 εἷπε,
2610 1840 2751 1910 Πρὸς
2768 1839 2987 1892 ἔπαινον
3009 1841 3128 1910 ὅρα,
3159 1839 3313 1903 ἀλλὰ,
3342 1841 3451 1892 Καὶ
3472 1842 3543 1892 ’ιά
3569 1841 3729 1896 ἐπαι-

2148 1928 2278 1978 νετά
2310 1927 2471 1989 ποίει,
2510 1927 2585 1997 μὴ
2614 1927 2753 1994 πρὸς
2803 1927 3027 1980 ἔπαινον
3071 1926 3273 1995 μέντοι.
3304 1927 3467 1979 Ὅσα
3494 1926 3727 1994 ἀληθῆ·

2148 2012 2342 2082 ψεῦδος
2372 2012 2478 2084 γάρ
2502 2012 2674 2067 ταῦτα
2706 2030 2718 2043 ·
2752 2014 2901 2067 Ὅσα
2927 2012 3143 2083 σεμνά.
3167 2014 3239 2066 Τὸ
3265 2013 3463 2082 σεμνὸν
3495 2013 3595 2081 τῆς
3623 2013 3732 2080 ἔξω

2150 2099 2266 2153 ἐστὶ
2317 2102 2599 2171 δυνάμεως
2617 2137 2634 2165 ,
2670 2101 2732 2154 τὸ
2760 2100 2816 2153 δὲ
2849 2101 3033 2169 ἁγνὸν,
3059 2101 3155 2169 τῆς
3183 2100 3381 2171 ψυχῆς.
3411 2100 3503 2172 Μὴ
3529 2100 3730 2167 δίδοτε,

2150 2189 2305 2258 φησὶ,
2334 2188 2687 2258 πρόσκομμα,
2717 2188 2849 2257 μηδὲ
2876 2188 3067 2257 λαϐήν.
3087 2188 3300 2258 Ἐπειδὴ
3337 2184 3491 2241 εἶπεν
3513 2228 3531 2253 ,
3569 2188 3735 2244 Ὅσα

2149 2277 2407 2346 εὕρημα.
2457 2276 2544 2330 ἴνα
2580 2276 2654 2346 μὴ
2687 2276 2935 2346 νομίσῃς,
2967 2276 3048 2327 ὅτι
3099 2275 3168 2327 τά
3219 2274 3368 2344 παρὰ
3414 2274 3732 2344 ἀνθρώποις

2150 2363 2337 2425 ἁπλῶς
2385 2378 2567 2432 φησιν,
2593 2363 2898 2432 ἐπήγαγεν,
2945 2362 3018 2414 El
3064 2379 3149 2428 τις
3187 2361 3392 2429 ἀρετὴ,
3423 2363 3521 2417 καὶ
3556 2363 3613 2416 ει
3638 2380 3732 2429 τις

2152 2452 2418 2517 ἔπαινος,
2450 2451 2634 2505 ταῦτα
2675 2448 3004 2518 λογίζεσθε,
3027 2448 3213 2502 ταῦτα
3252 2448 3560 2518 πράττετε.
3598 2454 3735 2501 Δια-

2157 2542 2354 2603 παντὸς
2377 2537 2628 2609 βούλεται
2657 2538 2805 2608 ἡμᾶς
2823 2540 2881 2590 ἐν
2924 2535 3133 2600 τούτοις
3161 2532 3322 2598 εἶναι,
3350 2535 3520 2590 ταῦτα
3573 2553 3738 2608 μερι-

2158 2628 2316 2698 μνᾷν,
2343 2626 2515 2679 ταῦτα
2552 2627 2776 2679 ἐννοεῖν.
2796 2624 2857 2677 Et
2884 2623 2993 2694 7&9
3020 2623 3307 2695 μέλλοιμεν
3335 2624 3471 2694 7:96;
3502 2624 3739 2687 ἑαυτοὺς

2155 2711 2479 2784 εἰρηνεύειν,
2514 2712 2607 2765 καὶ
2639 2714 2667 2765 6
2698 2711 2831 2775 Θεὸς
2869 2711 3022 2764 ἐσται
3056 2710 3176 2782 μεθ’
3198 2711 3380 2782 ήμῶν.
3418 2712 3517 2763 Ἂν
3552 2710 3610 2763 δὲ
3632 2712 3740 2765 πό-

2153 2801 2316 2869 λεμον
2348 2800 2677 2871 ἐγείρωμεν,
2717 2801 2745 2853 6
2762 2799 2866 2869 τῆς
2890 2799 3114 2870 είρήνης
3143 2798 3277 2860 Θεὸς
3301 2798 3401 2851 οὐκ
3421 2797 3574 2850 ἔσται
3606 2796 3741 2866 μεθ’

2153 2887 2333 2958 ήμῶν.
2363 2887 2531 2940 οὐδὲν
2553 2886 2663 2958 γάρ
2679 2885 2821 2939 οὕτω
2849 2886 3107 2956 πολέμιον
3132 2887 3197 2955 τῇ
3220 2884 3392 2956 ψυχῇ,
3415 2884 3492 2947 ὡς
3520 2885 3699 2937 κακία
3722 2900 3741 2915 ο

2156 2978 2249 3029 καὶ
2285 2975 2436 3028 οὐδὲν
2476 2975 2645 3046 αὐτὴν
2684 2976 2743 3027 ἐν
2784 2975 3055 3046 ἀσφαλείᾳ
3092 2973 3384 3044 καθίστησι
3431 2973 3617 3036 πάλιν,
3661 2974 3746 3037 ὡς

2157 3065 2191 3134 ή
2223 3064 2413 3135 εἰρήνη
2473 3064 2567 3117 καὶ
2605 3064 2637 3134 ή
2684 3063 2851 3133 ἀρετή
2879 3079 2892 3091 ·
2928 3062 3069 3115 ὥστε
3102 3061 3173 3115 τὰ
3217 3063 3348 3131 παρ’
3378 3061 3540 3131 ήμῶν
3566 3061 3744 3132 ἄρχε-

2159 3149 2281 3202 σθαι
2313 3150 2411 3215 δεῖ,
2446 3151 2541 3203 καὶ
2569 3151 2692 3203 τότε
2712 3150 2802 3205 τὸν
2821 3149 2953 3203 Θεὸν
2983 3148 3419 3218 ἐπισπασάμεθα.
3448 3150 3561 3202 Οὐκ
3583 3148 3750 3203 ἐστιν

2156 3239 2184 3290 6
2212 3237 2364 3301 Θεὸς,
2400 3238 2636 3307 πολέμου
2667 3239 2761 3291 καὶ
2799 3238 2977 3308 μάχης
3005 3236 3148 3300 θεός.
3184 3237 3395 3291 Οὐκοῦν
3432 3236 3754 3290 κατάλυσω

2158 3326 2251 3378 καλ⁵
2280 3325 2370 3377 τὸν
2395 3326 2632 3395 πόλεμον
2659 3326 2753 3378 καλ.
2772 3325 2870 3395 τὴν
2902 3327 3104 3396 μάχην,
3131 3326 3224 3379 καὶ
3252 3325 3352 3396 τὴν
3377 3325 3513 3396 πρὸς
3544 3324 3749 3392 αὐτὸν,

2158 3413 2252 3467 καὶ
2282 3413 2377 3483 τὴν
2404 3412 2539 3482 πρὸς
2566 3412 2657 3465 τὸν
2684 3413 2909 3483 πλησίον
2932 3429 2946 3443 ·
2973 3413 3247 3483 εἰρηνικὸς
3278 3411 3370 3465 ἔσο
3413 3413 3548 3483 πρὸς
3602 3415 3755 3467 πάν-

2159 3517 2256 3563 τας
2279 3516 2293 3531 ο
2334 3501 2590 3569 ἐννόησον
2630 3500 2782 3563 τίνας
2827 3503 2855 3554 6
2886 3501 3018 3563 Θεὸς
3040 3500 3203 3564 σώζει
3227 3517 3241 3530 ·
3266 3500 3553 3567 Μακάριοι
3575 3502 3629 3555 οί
3656 3504 3757 3555 ει-

2152 3586 2491 3655 ρηνοποιοί,
2521 3587 2708 3657 φησὶν,
2735 3587 2824 3640 ὅτι
2853 3587 3025 3642 αὐτοὶ
3074 3587 3191 3641 υἱοί
3223 3586 3373 3641 Θεοῦ
3396 3586 3752 3654 κληθήσονο

2161 3692 2276 3727 ται.
2316 3673 2615 3737 Διαπαντὸς
2642 3673 2734 3726 τὸν
2771 3674 2898 3726 Υίὸν
2918 3672 3012 3727 τοῦ
3041 3672 3176 3727 Θεοῦ
3201 3673 3495 3744 μιμοῦνται
3526 3676 3579 3728 οί
3620 3692 3757 3729 τοι-

2161 3762 2332 3824 οῦτοι,
2386 3764 2482 3817 καὶ
2547 3762 2785 3833 μίμησαι
2833 3764 2930 3815 καλ⁸
2987 3763 3051 3816 σὺ
3100 3763 3263 3816 αὐτόν
3306 3777 3319 3791 ⁸
3369 3765 3695 3834 είρήνευσον
3736 3779 3759 3796 ·

2162 3850 2272 3921 ὅσῳ
2311 3850 2377 3904 ἄν
2422 3867 2482 3903 σε
2527 3851 2784 3923 πολεμῇό
2808 3850 3057 3919 ἀδελφὸς,
3090 3850 3329 3916 τοσούτῳ
3360 3850 3564 3921 μείζων
3586 3853 3614 3904 6
3644 3869 3761 3920 μι-

2166 3938 2310 4001 σθός.
2344 3940 2538 3993 ’Δκουε
2568 3938 2676 4010 γάρ
2705 3938 2799 3992 τοῦ
2823 3939 3103 4008 προφήτου
3142 3938 3415 4006 λέγοντος,
3440 3940 3603 3992 Μετὰ
3622 3938 3765 3994 τῶν

2160 4030 2505 4098 μισούντων
2550 4028 2664 4096 τὴν
2691 4028 2959 4096 εἰρήνην,
2991 4025 3155 4096 ἤμην
3203 4027 3518 4095 είρηνικός.
3568 4027 3762 4084 Τοῦτο

2165 4115 2359 4187 ἁρετὴ,
2401 4115 2560 4169 τοῦτο
2615 4119 2799 4187 μεῖζον
2853 4115 3200 4185 ἀνθρωπίνου
3245 4114 3528 4185 λογισμοῦ,
3582 4115 3764 4171 τοῦτο

2166 4203 2302 4257 Θεοῦ
2334 4204 2498 4272 ἐγγὺς
2522 4198 2663 4255 εἶναι
2695 4205 2855 4255 ποιεῖ.

2238 4291 2404 4343 Οὐδὲν
2459 4289 2632 4353 οὕτως
2682 4290 2964 4361 εὐφραίνει
3014 4289 3105 4343 τὸν
3133 4291 3285 4355 Θεὸν,
3318 4291 3394 4355 ὡς
3419 4290 3482 4343 τὸ
3504 4289 3578 4362 μὴ
3602 4286 3766 4345 εἶναι

2171 4377 2507 4448 μνησίκακον
2536 4393 2550 4408 ο
2576 4377 2736 4433 τοῦτο
2775 4377 2967 4447 ἀφίησί
3023 4393 3083 4429 σε
3128 4376 3238 4429 τῶν
3288 4377 3762 4449 ἁμαρτημάτων,

2166 4465 2325 4519 τοῦτό
2352 4483 2434 4519 σοι
2456 4466 2572 4519 λύει
2613 4465 2683 4519 τά
2724 4465 3063 4535 ἐγκλήματα.
3101 4466 3197 4517 Ἂν
3219 4465 3276 4517 δὲ
3318 4464 3622 4536 μαχώμεθα
3652 4469 3768 4520 καὶ

2170 4552 2552 4623 πυκτεύωμεν,
2597 4553 2815 4623 μακράν
2854 4552 3117 4623 γινόμεθα
3155 4552 3248 4605 τοῦ
3279 4554 3438 4607 Θεοῦ.
3481 4554 3613 4606 Ἀπὸ
3646 4555 3769 4623 μὲν

2169 4640 2277 4711 7&9
2310 4641 2408 4709 τῆς
2438 4642 2615 4711 μάχης
2643 4640 2835 4711 ἔχθραι
2858 4640 3149 4702 τίκτονται,
3180 4639 3288 4693 ἀπὸ
3320 4640 3377 4693 δὲ
3414 4642 3513 4710 τῆς
3546 4640 3771 4711 ἔχθρας

2173 4730 2549 4800 μνησικακίαι.
2589 4728 2861 4798 Ἐκκοψον
2909 4729 3009 4798 τὴν
3061 4728 3239 4798 ῥίζαν,
3282 4730 3376 4782 καὶ
3414 4730 3513 4783 οὐκ
3534 4729 3694 4782 ἔσται
3733 4735 3772 4787 ὁ

2169 4818 2380 4889 καρπός
2412 4834 2425 4847 ·
2453 4816 2596 4870 οὐτω
2632 4816 2993 4887 μαθησόμεθα
3034 4815 3141 4869 τῶν
3170 4815 3441 4885 βιωτικῶν
3466 4834 3769 4886 καταφροο

2170 4909 2303 4959 νεῖν.
2341 4906 2416 4958 Οὐ
2450 4906 2559 4975 γὰρ
2597 4905 2774 4969 ἐστιν,
2813 4906 2913 4958 οὐκ
2943 4904 3092 4958 ἔστιν
3119 4904 3177 4957 ἐν
3199 4907 3311 4969 τοῖς
3350 4908 3768 4974 πνευματικοῖς

2174 4992 2344 5062 μάχη,
2374 4989 2486 5042 ἀλλ’
2516 4989 2651 5057 ὅπερ
2704 4986 2769 5040 ἂν
2833 4988 2949 5058 ἴδῃς
3009 4986 3321 5057 γενόμενον,
3358 4987 3391 5058 ἢ
3433 4988 3608 5058 μάχας
3636 5000 3691 5054 ι,
3727 4991 3770 5062 ἢ

2172 5077 2386 5145 φθόνον,
2418 5076 2450 5146 ἢ
2490 5077 2627 5145 ὅπερ
2657 5075 2724 5128 ἂν
2757 5075 2900 5127 εῖποι
2931 5092 3033 5139 τις,
3068 5074 3340 5144 βιωτικῶν
3383 5075 3572 5128 ἕνεκεν
3598 5077 3769 5144 γίνει

2170 5183 2261 5219 ται
2287 5182 2301 5195 ·
2330 5166 2362 5234 ἢ
2399 5166 2507 5234 7&9
2535 5162 2869 5229 πλεονεξίας,
2905 5162 2937 5233 ἢ
2973 5163 3201 5232 φθόνου,
3228 5163 3261 5234 ἢ
3296 5163 3601 5227 κενοδοξίας
3635 5164 3797 5249 ἔχει.

2171 5255 2344 5325 ἀρχὴν
2371 5255 2520 5306 πάσα
2565 5252 2733 5323 μάχη.
2761 5254 2859 5305 Ἂν
2895 5253 3075 5305 τοίνυν
3103 5252 3535 5323 είρηνεύσωμεν,
3567 5253 3766 5324 μαθη-

2173 5342 2377 5412 σόμεθα
2401 5340 2493 5394 καὶ
2522 5340 2629 5393 τῶν
2658 5342 2715 5391 ἐν
2744 5341 2809 5410 τῇ
2854 5342 2923 5409 γῇ
2956 5342 3337 5410 καταφρονεῖν.
3370 5340 3631 5411 Ἦρπασὲ
3656 5357 3758 5404 τις

2170 5433 2239 5486 τὰ
2304 5432 2600 5503 χρήματας
2650 5430 2789 5484 Ἀλλ’
2818 5430 2970 5484 οὐδὲν
3028 5430 3275 5501 ἠδίκησε,
3342 5430 3505 5501 μόνον
3549 5428 3625 5500 μὴ
3658 5429 3766 5482 τὸν

2176 5723 2209 5779 ἢ
2233 5658 2470 5765 ιάῡυητεο
2494 5659 2689 5707 videtur
2708 5656 2993 5720 legendum,
3022 5656 3122 5705 ἀλλ’
3156 5654 3274 5703 ὅπου
3296 5654 3350 5701 ἂν
3374 5656 3478 5715 ἴδῃς
3498 5649 3765 5712 γενομένην

2231 5734 2258 5779 9
2296 5736 2401 5779 χην,

2231 5734 2401 5781 μάχην.
