4044 6202
336 337 440 392 983

335 460 407 502 ter
433 458 508 503 est
549 448 890 519 Quamcumque
905 447 1072 519 justa,
1092 463 1415 520 qutt'cuntque
1442 451 1584 503 bona:
1607 451 1778 519 fautor,
1805 449 1918 502 hare

331 549 480 606 sunt,
511 541 701 610 inquit,
733 541 794 595 Si
819 556 920 607 qua
958 542 1138 604 virtus,
1179 551 1226 594 et
1269 543 1311 594 si
1341 558 1440 611 qua
1482 543 1613 594 laus.
1660 541 1774 594 lloc
1803 541 1920 596 loco

332 631 445 685 vult
486 632 632 699 ipsos
674 646 735 685 ea
769 630 954 696 etiam,
987 646 1105 701 quae
1133 631 1200 684 ad
1231 630 1474 686 homines
1503 633 1794 700 pertinent,
1827 647 1921 686 cu-

329 737 474 776 rare.
513 719 640 774 Hac
664 723 901 792 cogitate,
933 722 1124 792 inquit.
1154 722 1316 776 Vides
1344 721 1444 775 hoc
1475 721 1696 775 Paulum
1737 737 1914 792 agere,

330 823 387 866 ut
420 827 638 868 omnem
671 828 888 882 pravam
937 814 1318 883 cogitationem
1364 829 1432 868 ex
1483 815 1675 868 animis
1723 815 1919 869 nostris

330 906 553 974 ejiciat?
581 921 647 960 ex
674 907 1087 976 cositationibus
1115 907 1256 960 enim
1286 923 1463 977 pravae
1502 922 1714 976 quoque
1753 907 1921 962 actio-

331 1012 429 1051 nes
476 997 743 1050 oriuntur.
795 997 921 1064 Quae
967 1007 1012 1052 et
1053 998 1321 1063 didicistis,
1367 1007 1414 1051 et
1457 999 1742 1067 accepistis.
1795 999 1920 1054 Hinc

331 1087 532 1157 optima
552 1087 779 1142 docendi
810 1088 944 1142 ratio
969 1097 1070 1154 est,
1102 1104 1160 1142 se
1191 1088 1363 1158 ipsum
1391 1087 1442 1142 in
1471 1089 1720 1142 omnibus
1749 1090 1921 1142 moni-

333 1180 566 1234 tionibus
593 1178 874 1234 formulam
903 1181 1142 1250 praebere
1169 1199 1182 1233 :
1214 1179 1664 1251 quemadmodum
1710 1192 1762 1234 et
1792 1179 1918 1235 alibi

333 1271 522 1341 inquit,
558 1270 704 1325 Sicut
732 1271 924 1326 habetis
954 1289 1044 1324 nos
1080 1271 1299 1341 formant
1323 1271 1580 1343 (Philipp.
1620 1273 1672 1326 5.
1706 1270 1793 1340 17)
1866 1279 1920 1325 ct

329 1381 518 1420 rursus
545 1366 652 1431 hic,
680 1365 808 1432 Qua:
831 1374 876 1418 et
903 1365 1168 1430 didicistis,
1197 1373 1243 1417 et
1273 1365 1573 1434 accepistis;
1596 1362 1646 1417 id
1672 1373 1774 1430 est,
1801 1378 1918 1433 qua:

329 1473 427 1526 ego
456 1472 554 1511 vos
592 1457 790 1520 docui;
835 1466 881 1511 et
905 1455 1139 1518 audistis,
1174 1463 1220 1508 et
1269 1455 1464 1509 vidistis
1508 1458 1560 1508 in
1589 1471 1702 1519 me;
1746 1454 1796 1508 id
1836 1461 1940 1518 est,

328 1556 585 1617 quantum
617 1547 851 1616 pertinet
877 1545 942 1600 ad
972 1546 1155 1608 verba,
1187 1555 1240 1599 et
1267 1547 1528 1610 actiones,
1559 1553 1613 1598 et
1640 1544 1761 1598 vitae
1791 1559 1919 1598 con-

327 1639 689 1693 suetudinem.
713 1636 875 1692 Vides
904 1637 1076 1707 ipsum
1103 1637 1248 1691 omni
1272 1639 1338 1690 de
1364 1653 1422 1690 re
1449 1636 1564 1690 haec
1595 1635 1918 1705 prrecipere?

327 1731 554 1797 Quando
583 1730 726 1785 enim
761 1729 982 1784 minime
1009 1729 1090 1784 fas
1129 1728 1304 1784 estde
1331 1728 1578 1782 omnibus
1608 1727 1914 1798 singillatim

326 1821 539 1875 minuta
589 1821 829 1890 quaedam
874 1831 1141 1891 prmeepta
1187 1819 1348 1884 dare;
1403 1819 1469 1873 de
1530 1820 1791 1887 ingressu,
1849 1817 1916 1874 de

329 1926 581 1979 egressu,
625 1911 691 1965 de
732 1911 912 1977 verbo,
955 1911 1143 1981 figura,
1190 1909 1576 1965 consuetudine
1625 1908 1911 1975 familiari;

333 2004 518 2058 omnia
548 2012 717 2057 autem
743 2003 853 2058 haec
873 2003 1180 2058 Christiano
1208 2003 1442 2058 curanda
1470 2013 1626 2058 sunt:
1655 2003 1910 2070 breviter,

331 2102 386 2148 et
413 2095 564 2160 quasi
591 2098 894 2150 summatim
921 2095 1074 2159 dixit,
1108 2095 1174 2148 In
1199 2111 1278 2148 nte
1296 2095 1581 2160 audivistis,
1611 2105 1658 2148 et
1688 2096 1912 2150 vidistis:

324 2185 550 2254 perinde
572 2201 636 2240 ac
663 2186 706 2240 si
727 2186 952 2253 diceret,
975 2187 1039 2240 Et
1060 2186 1211 2241 factis
1240 2195 1294 2242 ct
1321 2187 1498 2242 verbis
1525 2187 1678 2244 vobis
1702 2188 1908 2258 prteivi.

329 2277 458 2331 llwc
501 2280 669 2347 agite,-
707 2293 816 2331 non
861 2278 1022 2333 dicite
1067 2278 1265 2344 solum,
1309 2277 1406 2334 sed
1449 2278 1608 2332 etiam
1641 2276 1833 2344 facite;
1866 2287 1914 2334 et

324 2367 465 2425 Deus
496 2371 635 2438 pacis
669 2371 763 2424 erit
791 2371 1065 2424 vobiscum.
1095 2369 1146 2425 Id
1176 2377 1280 2437 est,
1310 2370 1367 2426 Si
1403 2369 1517 2426 hate
1543 2372 1911 2437 servaveritis,

320 2470 522 2515 etcum
564 2461 814 2516 omnibus
856 2477 1038 2529 pacem
1070 2459 1384 2528 habueritis,
1434 2462 1486 2516 in
1528 2463 1817 2532 tranquillo
1859 2472 1914 2518 et

323 2552 591 2607 tutiSsimo
617 2554 770 2608 eritis
793 2553 949 2616 loco;
995 2552 1126 2607 nihil
1170 2552 1381 2608 molesti
1414 2552 1663 2623 quodque
1693 2554 1912 2609 minimc

321 2644 496 2699 velitis
527 2643 821 2711 patiemini.
854 2643 1309 2713 Quandocumque
1337 2643 1481 2697 enim
1509 2657 1611 2698 nos
1637 2658 1758 2698 cum
1799 2645 1910 2698 Deo

321 2753 507 2807 pacem
549 2737 914 2802 habuerimus,
963 2736 1221 2792 habemus
1270 2743 1452 2791 autem
1498 2752 1596 2807 per
1635 2736 1906 2802 virtutem,

319 2833 491 2886 multo
521 2832 690 2902 magis
734 2833 851 2901 ipse
883 2832 1158 2886 nobiscum
1198 2831 1250 2884 in
1295 2845 1426 2900 pace
1469 2831 1593 2886 erit.
1625 2830 1726 2897 Qui
1765 2829 1907 2884 enim

322 2925 390 2979 ita
422 2941 521 2978 nos
561 2928 782 2989 amavit,
809 2933 864 2978 nt
911 2924 992 2977 vel
1024 2922 1090 2976 ad
1131 2922 1459 2993 refugientes
1496 2922 1816 2986 accesserit;
1863 2919 1907 2975 si

319 3027 665 3070 accurrentcs
715 3016 914 3079 videat,
965 3029 1143 3068 nonne
1188 3014 1359 3068 multo
1413 3013 1580 3082 magis
1625 3027 1774 3066 suam
1814 3026 1910 3081 per

321 3124 380 3162 se
411 3107 547 3160 feret
599 3099 1100 3160 amicitiam?â€˜Nihil
1135 3116 1337 3160 natura:
1383 3115 1581 3159 nostra:
1612 3104 1780 3173 magis
1803 3103 1908 3157 ini-

323 3198 516 3249 micam
545 3206 649 3262 est,
679 3211 837 3265 quam
871 3195 1078 3265 vitium.
1108 3195 1387 3260 Quomodo
1420 3204 1598 3250 autem
1631 3195 1903 3249 inimicum

321 3289 389 3342 sit
415 3289 597 3342 vitium
620 3290 857 3342 etamica
885 3262 1074 3354 v'trtus,
1105 3287 1286 3341 multis
1313 3289 1642 3357 argumentis
1665 3297 1903 3344 constat:

323 3395 385 3433 ac
424 3380 472 3432 si
499 3380 681 3445 vultis,
717 3384 943 3448 primum
973 3379 1023 3434 id
1055 3390 1362 3450 spectemus
1391 3380 1441 3434 in
1471 3395 1578 3434 uno
1604 3395 1666 3435 ex
1701 3383 1762 3435 iis
1788 3396 1906 3449 qua:

320 3471 587 3524 contraria
630 3482 772 3536 sunt,
809 3470 859 3524 id
897 3481 1001 3532 est,
1026 3471 1076 3524 in
1125 3471 1471 3524 scortatione.
1503 3470 1770 3525 Scortatio
1810 3485 1908 3524 nos

321 3559 596 3616 dedecoris
635 3563 844 3629 plenos,
876 3577 1159 3631 pauperes,
1203 3562 1459 3616 ridiculos
1488 3561 1632 3627 facit,
1681 3577 1743 3614 ac
1771 3561 1906 3616 tales

320 3653 496 3706 reddit
523 3654 612 3721 qui
651 3653 719 3706 ab
745 3653 994 3708 omnibus
1042 3663 1450 3708 contemnamur
1479 3669 1493 3705 :
1525 3653 1638 3707 lucc
1667 3668 1794 3706 vero
1831 3653 1906 3706 fa-

319 3758 442 3798 cere
485 3745 821 3798 inimicorum
861 3755 962 3799 est.
994 3745 1149 3812 Saepe
1177 3753 1354 3798 autem
1385 3746 1500 3798 haec
1527 3752 1579 3798 et
1605 3744 1825 3798 morbos
1852 3751 1906 3798 et

321 3836 554 3904 pericula
583 3835 735 3890 affert
767 3853 781 3890 :
814 3836 965 3889 multi
997 3851 1122 3889 vero
1149 3837 1310 3890 etiam
1358 3844 1713 3890 scortatorum
1743 3849 1904 3889 causa

319 3927 613 3995 perierunt,
644 3938 692 3980 et
725 3929 940 3980 vulnera
984 3937 1324 3995 acceperunt.
1359 3926 1512 3992 Quod
1558 3927 1600 3979 si
1648 3925 1904 3980 scortatio

317 4018 434 4071 hac
479 4017 666 4080 affert,
726 4018 894 4072 multo
946 4017 1113 4087 magis
1169 4017 1510 4072 adulterium.
1563 4017 1696 4072 Num
1743 4018 1904 4087 igitur

317 4110 505 4162 eodem
551 4110 711 4162 modo
750 4110 1129 4181 elecmosynai
1180 4109 1516 4179 Neutiquam,
1563 4109 1654 4164 sed
1685 4109 1904 4178 perinde

315 4210 368 4252 at
390 4218 474 4268 jue
513 4214 694 4254 tenera
731 4213 899 4256 mater
948 4203 1110 4256 liliolo
1140 4218 1385 4272 magnam
1413 4210 1769 4267 venustatem,
1798 4201 1896 4256 de-

314 4306 432 4354 cus,
466 4292 687 4359 gloriam
716 4293 986 4356 conciliat,
1031 4293 1262 4361 facitque
1310 4293 1631 4348 necessariis
1663 4293 1900 4347 numeri-

317 4381 414 4434 bus
433 4383 694 4436 obeundis
723 4385 1029 4438 incumbere
1055 4401 1068 4436 :
1103 4401 1207 4438 non
1239 4385 1490 4455 relinquit
1519 4399 1637 4450 nos,
1667 4399 1842 4454 neque
1868 4399 1901 4438 a

315 4475 637 4526 necessariis
657 4475 891 4540 abducit,
925 4476 1018 4529 sed
1046 4477 1281 4530 animum
1311 4476 1710 4545 prudentiorem
1739 4475 1900 4530 ctiam

318 4567 515 4619 reddit.
557 4567 950 4622 Scortatorilms
993 4570 1136 4622 enim
1170 4570 1300 4623 nihil
1351 4570 1764 4639 imprudentius.
1797 4568 1902 4623 Sed

311 4659 464 4713 visne
492 4659 768 4712 avaritiam
815 4661 1204 4730 inSpiciamus?
1251 4663 1315 4716 Et
1347 4662 1462 4717 hare
1507 4662 1696 4716 eodem
1742 4661 1902 4716 modo

311 4769 438 4822 erga
485 4769 584 4807 nos
615 4754 800 4808 affecta
846 4768 948 4818 est,
982 4772 1086 4824 quo
1125 4755 1321 4808 inimici
1354 4757 1549 4809 Solent.
1580 4755 1899 4821 Quomodo?

307 4845 506 4899 Odium
535 4856 589 4899 ct
627 4847 740 4901 haec
772 4848 926 4900 nobis
954 4849 1020 4900 ab
1063 4849 1314 4901 omnibus
1341 4850 1624 4911 conciliat;
1669 4847 1900 4916 facitque

308 4949 367 4990 ut
393 4954 585 4992 omnes
635 4955 734 4992 nos
775 4952 1146 5005 exsecrentur,
1190 4951 1237 4993 cl
1269 4943 1357 5009 qui
1391 4941 1634 5008 injuriam
1677 4955 1901 5009 accepe-

309 5039 454 5095 runt,
487 5041 536 5084 et
567 5034 655 5100 qui
689 5048 794 5084 non
825 5043 1142 5100 acceperunt
1181 5053 1190 5084 :
1218 5049 1338 5085 nam
1387 5042 1440 5086 et
1487 5033 1695 5086 illorum
1726 5033 1894 5086 vicem

305 5119 515 5186 dolent,
572 5130 628 5174 ct
677 5122 777 5175 sibi
828 5122 958 5190 ipsis
1005 5132 1269 5175 metuunt.
1320 5123 1678 5188 Quamobrem
1733 5123 1894 5176 veluti

305 5225 622 5266 communes
657 5213 917 5281 quosdam
948 5215 1131 5268 hostes
1177 5214 1448 5267 intuentur
1491 5230 1700 5278 omnes,
1730 5214 1894 5268 voluti

303 5304 469 5371 feras,
495 5307 654 5361 veluti
680 5307 954 5361 daemonas
1001 5326 1012 5360 :
1043 5317 1309 5362 sexcenta).
1337 5308 1572 5377 undique
1595 5308 1891 5361 accusatio-

302 5414 422 5462 nes,
453 5400 683 5465 insidim,
709 5401 946 5465 invidia},
985 5417 1104 5471 qua:
1135 5401 1346 5470 quidem
1378 5401 1714 5454 inimicorum
1745 5409 1890 5454 sunt.

301 5489 501 5546 Contra
557 5502 734 5546 autem
783 5493 989 5562 justitia
1036 5508 1226 5547 omnes
1275 5494 1494 5558 amicos,
1547 5508 1737 5547 omnes
1793 5507 1892 5547 usu

296 5584 642 5652 conjunctos,
666 5601 850 5642 omnes
875 5588 1167 5643 benevolos
1195 5589 1346 5641 nobis
1371 5588 1488 5642 facit
1511 5606 1524 5648 ;
1549 5589 1616 5640 ab
1641 5590 1892 5643 omnibus

297 5691 490 5744 preces
521 5692 617 5745 pro
646 5679 800 5732 nobis
821 5679 1119 5734 funduntur
1150 5699 1160 5733 :
1195 5681 1264 5734 ita
1289 5690 1459 5733 status
1489 5691 1667 5734 noster
1696 5682 1744 5733 in
1778 5690 1890 5734 tuto

301 5766 638 5836 collocatur;
670 5771 874 5826 nullum
904 5772 1223 5841 periculum.
1257 5773 1396 5826 nulla
1427 5773 1680 5842 suspicio,
1714 5773 1804 5826 sed
1834 5783 1886 5828 et

1192 335 1260 391 IN
1299 336 1514 394 EPIST.
1559 337 1650 391 AD
1691 335 1973 392 PlllLlPP.
2017 337 2168 394 CAP.
2218 342 2299 398 Î¹Î½.
2347 345 2575 402 llOMlL.
2621 350 2760 409 XIV.

3505 367 3609 424 á¼®á¼·á½·

2031 463 2252 552 somnus
2278 462 2584 552 securitatis
2609 467 2800 538 plenus
2827 471 3081 543 advenit;
3113 477 3256 534 nulla
3288 482 3611 552 sollicitudo,

2029 544 2207 600 nullus
2239 549 2486 618 ejulatus.

2199 637 2356 736 Vides
2398 643 2535 701 hanc
2581 648 2739 722 longe
2779 654 3058 714 meliorem
3114 665 3272 719 esse?
3316 666 3472 734 Quid,
3524 671 3614 726 die

2029 725 2181 828 mihi,
2219 733 2456 790 satiusne
2483 748 2564 792 est
2597 739 2854 811 invidere,
2885 761 2955 801 an
2998 751 3190 808 alienae
3222 725 3421 812 laetiiizc
3450 725 3610 828 paru-

2027 817 2199 886 cipem
2227 823 2382 878 ï¬eri?
2415 828 2537 885 llaec
2573 835 2753 890 omnia
2779 840 3142 907 expendamus
3169 861 3183 909 ;
3214 861 3275 900 ac
3299 864 3429 904 sane
3452 817 3609 907 inve-

2027 910 2236 1009 nietnus
2264 917 2510 974 virtutem
2535 924 2774 991 quidem,
2818 938 2874 983 Î¹Î¹Î¹
2910 941 3133 988 matrem
3165 952 3291 992 vcre
3316 953 3607 1009 amantem,

2026 1000 2218 1057 afferre
2247 1009 2768 1084 securitatematque
2798 1018 2849 1072 in
2884 1029 2996 1075 tuto
3023 1024 3313 1094 collocare,
3349 1000 3610 1085 vitiosita:

2028 1102 2133 1147 tem
2173 1111 2301 1150 vero
2345 1102 2615 1170 conjicere
2662 1107 2713 1160 in
2754 1111 2993 1178 pericula
3023 1130 3037 1171 :
3071 1131 3158 1172 res
3205 1121 3348 1174 enim
3389 1125 3606 1180 omnino

2026 1195 2107 1276 est
2145 1189 2503 1257 periculorum
2549 1197 2725 1266 plena.
2759 1201 2896 1256 Audi
2946 1206 3256 1276 prophetam
3289 1211 3555 1269 dicentem
3590 1235 3602 1271 :

2026 1273 2429 1336 Firmamentum
2449 1296 2521 1340 est
2544 1287 2790 1345 Dominus
2814 1294 3100 1351 timentibus
3117 1315 3250 1365 eum,
3269 1312 3315 1355 et
3341 1315 3610 1359 testamenâ€”

2025 1374 2130 1467 tum
2159 1369 2318 1438 ipsius
2338 1383 2391 1426 ut
2417 1377 2764 1447 manifestatur
2789 1383 2912 1452 ipsis
2933 1383 3050 1451 (Ps.
3073 1386 3166 1441 24.
3193 1390 3304 1461 id).
3330 1391 3606 1451 Neminem

2027 1463 2209 1526 timet,
2256 1464 2345 1530 qui
2387 1467 2588 1521 nullius
2634 1471 2762 1525 mali
2811 1473 2913 1528 sibi
2965 1485 3043 1530 est
3086 1481 3335 1534 conscius
3367 1498 3380 1536 :
3409 1487 3606 1540 nemini

2023 1560 2207 1604 contra
2241 1553 2378 1621 ï¬dit,
2413 1559 2500 1627 qui
2529 1574 2649 1614 cum
2695 1563 3034 1633 improbitate
3065 1569 3214 1635 vivit,
3253 1572 3347 1627 sed
3377 1573 3606 1632 famulos

2023 1641 2182 1694 etiam
2235 1647 2460 1710 metuit,
2531 1664 2733 1720 eosque
2789 1668 2909 1707 cum
2986 1659 3292 1726 suiSpicione
3349 1663 3604 1720 intuetur.

2025 1729 2225 1801 Ecquid
2275 1735 2396 1790 dico
2450 1736 2717 1795 famulos?
2770 1745 3113 1800 conscientia:
3165 1750 3328 1818 ipsius
3374 1755 3607 1812 tribunal

2023 1821 2161 1876 ferre
2186 1839 2288 1878 non
2322 1837 2531 1895 potest:
2569 1845 2672 1884 non
2707 1835 2876 1887 solum
2908 1853 3025 1905 qua:
3057 1847 3294 1894 externae
3330 1856 3475 1911 sunt,
3509 1849 3606 1904 sed

2023 1911 2241 1968 interna:
2287 1918 2448 1971 etiam
2501 1922 2938 1979 ratiocinationes
2981 1927 3152 1997 ipsum
3200 1930 3456 2000 fodicant,
3507 1953 3606 1992 nec

2021 2007 2296 2073 quiescere
2321 2026 2572 2077 umquam
2615 2015 2814 2068 sinunt.
2846 2017 3006 2086 Ergo,
3041 2019 3268 2089 inquies,
3296 2024 3363 2076 ita
3392 2038 3605 2094 oportet

2020 2095 2220 2161 vivere,
2274 2107 2332 2151 ut
2371 2100 2578 2156 laudem
2632 2106 2875 2172 spectes?
2924 2107 3036 2161 Non
3091 2109 3226 2164 dixit
3267 2113 3482 2180 Paulus,
3525 2119 3602 2173 Ad

2020 2185 2228 2242 laudem
2278 2201 2458 2258 specta
2481 2234 2494 2255 ,
2527 2193 2620 2248 sed
2643 2235 2658 2261 ,
2691 2195 2797 2250 Fac
2841 2197 3124 2254 laudabilia
3147 2242 3160 2264 .
3197 2219 3300 2259 non
3355 2219 3603 2276 Spectans

2018 2277 2084 2330 ad
2155 2279 2384 2334 laudem.
2447 2286 2786 2354 Quaecumque
2851 2304 3002 2352 vera;
3053 2292 3386 2350 mendacium
3458 2300 3600 2353 enim

2019 2367 2116 2422 ista
2167 2382 2319 2438 sunt,
2367 2389 2695 2445 qutecmnque
2745 2389 2941 2434 sancta.
2989 2379 3104 2436 Vox
3154 2384 3275 2452 ista,
3323 2400 3503 2455 ÏƒÎµÎ¼Î½á½¹Î½,
3552 2391 3602 2446 id

2017 2471 2098 2516 est
2144 2465 2404 2532 gravitas,
2432 2467 2498 2520 ad
2549 2479 2829 2525 externam
2875 2475 3103 2541 pertinet
3146 2478 3436 2548 virtutem;
3471 2486 3605 2549 á¼…Î³Î¹Î¿Î½

2018 2568 2176 2616 vero,
2232 2554 2283 2608 id
2339 2565 2422 2609 cst
2477 2557 2761 2627 pudicitia,
2819 2564 3014 2619 anima:
3074 2569 3288 2638 pr0pria
3344 2583 3444 2626 est.
3497 2575 3602 2629 Nc-

2017 2647 2166 2711 mini,
2198 2648 2386 2717 inquit,
2410 2649 2534 2705 date
2569 2652 2729 2706 ullam
2757 2654 3124 2724 offensionem,
3156 2676 3329 2732 neque
3367 2669 3606 2722 occasio-

2017 2752 2162 2790 nem.
2191 2739 2453 2806 Quoniam
2491 2741 2717 2810 dixerat,
2765 2744 3104 2814 Qutccumque
3141 2749 3287 2806 bona:
3314 2756 3486 2824 revise,
3533 2774 3603 2813 ne

2015 2829 2286 2884 existimes
2325 2832 2392 2885 ad
2439 2833 2684 2889 homines
2727 2842 2928 2890 tantum
2977 2849 3270 2908 spectasse,
3318 2845 3466 2899 addit
3495 2864 3507 2901 :
3541 2849 3603 2903 Si

2015 2938 2113 2991 qua
2146 2923 2319 2988 virtus,
2364 2935 2411 2977 et
2458 2927 2501 2978 si
2543 2943 2644 2996 qua
2687 2929 2820 2993 laus,
2870 2929 2976 2984 lucc
3011 2932 3245 3001 cogitate,
3293 2935 3400 2990 lucc
3445 2939 3598 3006 agite.

2016 3011 2278 3082 Perpetuo
2304 3015 2415 3069 vult
2439 3030 2536 3069 nos
2568 3016 2619 3070 in
2651 3015 2735 3072 bis
2761 3033 2903 3082 esse,
2931 3019 3044 3076 hate
3069 3038 3278 3088 curare,
3312 3026 3424 3081 lucc
3451 3033 3600 3098 cogi-

2017 3111 2149 3158 tare.
2181 3104 2310 3158 Nam
2353 3105 2398 3159 si
2445 3106 2717 3161 nobiscum
2765 3109 2862 3178 ipsi
2901 3125 3083 3180 pacem
3129 3128 3430 3184 servemus,
3463 3119 3600 3176 Deus

2015 3195 2174 3250 etiam
2221 3196 2496 3252 nobiscum
2545 3199 2647 3253 erit
2679 3217 2692 3252 :
2723 3200 2806 3254 sin
2854 3201 3054 3257 bellum
3097 3210 3414 3275 excitemus,
3461 3211 3601 3266 Deus

2019 3289 2167 3356 pacis
2196 3289 2417 3344 minime
2446 3291 2720 3345 nobiscum
2750 3291 2874 3346 erit.
2905 3293 3048 3348 Nihil
3079 3298 3219 3352 enim
3249 3315 3401 3369 aeque
3431 3301 3602 3357 hosti-

2017 3379 2139 3432 liter
2165 3379 2477 3432 adversatur
2505 3381 2718 3444 animze,
2751 3399 2814 3436 ac
2840 3383 3132 3449 vitiositas;
3179 3399 3232 3443 et
3277 3391 3407 3446 nihil
3447 3393 3603 3448 vicis-

2014 3469 2112 3521 sim
2158 3484 2310 3537 aque
2357 3469 2499 3523 illam
2538 3471 2595 3523 in
2628 3480 2740 3525 tuto
2784 3473 3033 3540 collocat,
3081 3493 3144 3532 ac
3175 3495 3272 3546 pax
3317 3491 3371 3536 et
3412 3483 3596 3538 virtus.

2011 3557 2367 3622 Quamobrem
2422 3560 2736 3629 incipiamus
2783 3573 2965 3618 nostra
3011 3579 3308 3636 prinstarc,
3369 3583 3600 3645 tuncque

2015 3651 2179 3704 Deum
2206 3651 2269 3702 ad
2293 3666 2392 3705 nos
2417 3653 2733 3708 allicicmus.
2767 3656 2910 3711 Deus
2939 3674 3044 3712 non
3068 3670 3150 3714 est
3180 3661 3303 3716 belli
3336 3673 3387 3718 et
3409 3682 3600 3736 pugna:

2009 3741 2166 3796 deus.
2216 3742 2435 3811 Depone
2483 3745 2640 3812 igitur
2679 3746 2879 3801 bellant
2928 3759 2980 3804 et
3011 3765 3262 3822 pugnam,
3310 3772 3430 3810 cum
3471 3774 3599 3829 erga

2011 3831 2223 3896 Deum,
2283 3841 2395 3886 tum
2447 3850 2575 3904 erga
2625 3837 2928 3905 proximum
2963 3857 2976 3893 :
3010 3843 3260 3909 pacificus
3307 3855 3425 3900 esto
3473 3865 3598 3920 erga

2011 3937 2199 3978 omnes
2231 3927 2440 3995 :cogita
2469 3927 2786 3995 quibusnam
2833 3930 2970 3985 Deus
3011 3934 3237 3989 salutem
3267 3937 3395 3994 det:
3430 3940 3597 4006 Beati,

2011 4015 2216 4083 inquit,
2271 4018 2507 4084 paciï¬ci,
2559 4021 2798 4089 quoniam
2849 4023 2948 4093 ipsi
2998 4026 3095 4092 ï¬lii
3146 4027 3242 4081 Dei
3292 4032 3600 4089 vocabuntur

2007 4103 2222 4175 (Matth.
2266 4108 2318 4162 5.
2349 4109 2427 4177 9).
2456 4109 2554 4175 Qui
2588 4111 2723 4166 tales
2769 4121 2914 4179 sunt,
2965 4128 3224 4185 perpetuo
3264 4119 3458 4175 Filium
3502 4125 3597 4179 Dei

2011 4199 2304 4254 imitantur.
2329 4201 2590 4256 Eumdem
2616 4213 2669 4257 tu
2693 4221 2904 4273 quoque
2926 4207 3132 4262 imitare
3156 4229 3168 4263 :
3192 4227 3373 4279 pacem
3403 4230 3560 4269 serva
3580 4236 3599 4271 Î¹

2009 4301 2207 4359 quanto
2229 4291 2373 4345 enim
2400 4291 2568 4358 magis
2589 4295 2916 4362 oppugnabit
2943 4303 2996 4349 te
3027 4296 3212 4364 frater,
3247 4309 3395 4356 tanto
3425 4305 3598 4373 major

2009 4383 2112 4437 erit
2141 4395 2366 4435 merces.
2402 4382 2535 4434 Audi
2565 4385 2881 4451 pt-Ophetam
2909 4383 3199 4453 dicentem,
3229 4387 3355 4444 Cant
3399 4394 3480 4455 iis,
3510 4397 3596 4463 qui

2010 4470 2220 4524 oderunt
2250 4487 2447 4541 pacem,
2487 4487 2625 4523 erant
2669 4471 2912 4541 paci/ictis
2953 4475 3140 4543 (Psal.
3193 4480 3310 4534 119.
3344 4482 3408 4552 7)
3436 4521 3449 4537 .
3485 4484 3597 4540 Hoc

2009 4564 2179 4619 virtus
2203 4574 2305 4629 est,
2335 4563 2435 4618 hoc
2461 4563 2690 4617 humana
2716 4565 3120 4622 ratiocinatione
3149 4570 3339 4639 majus,
3366 4572 3469 4628 hoc
3497 4592 3595 4631 nos

2010 4674 2176 4729 prope
2209 4660 2373 4712 Deum
2404 4657 2569 4726 ponit.

2081 4751 2397 4813 Iniuriarum
2416 4749 2596 4803 oblivio
2613 4750 3006 4804 commendatur.
3023 4782 3092 4789 â€”
3105 4752 3242 4808 Nihil
3258 4771 3407 4826 tuque
3429 4758 3590 4814 Deum

2009 4843 2258 4906 lzetilicat,
2283 4851 2442 4910 atque
2471 4841 2778 4910 injuriarum
2799 4843 3164 4898 inuuemorem
3182 4861 3302 4900 esse
3327 4865 3339 4900 :
3365 4847 3468 4902 boc
3495 4860 3590 4906 tca

2010 4938 2240 5005 peccatis
2269 4935 2480 4999 liberat,
2527 4935 2628 4989 hoc
2653 4935 2794 4989 delet
2835 4937 3057 4990 crimina
3095 4955 3108 4990 :
3142 4939 3280 5008 quod
3310 4941 3353 4995 si
3387 4958 3588 5011 pugne-

2007 5044 2126 5081 mus
2172 5042 2235 5081 ac
2274 5027 2559 5091 laetemur,
2599 5027 2755 5096 longe
2799 5042 2828 5079 a
2875 5028 2984 5082 Deo
3022 5031 3248 5085 abimus.
3294 5031 3371 5086 Ex
3417 5049 3586 5102 pugna

2007 5121 2148 5174 enim
2195 5118 2488 5172 inimicitia:
2515 5121 2793 5181 oriuntur;
2827 5119 3132 5174 inimicitias
3178 5123 3420 5190 sequitur
3449 5126 3589 5194 inju-

2007 5213 2200 5266 riarum
2220 5211 2496 5264 memoria.
2519 5211 2716 5266 Escide
2737 5211 2993 5276 radicem,
3015 5222 3068 5265 et
3087 5227 3190 5266 non
3210 5227 3448 5283 erumpet
3472 5217 3584 5269 frn-

2003 5316 2119 5359 ctus
2153 5321 2166 5357 :
2197 5305 2266 5358 ita
2319 5303 2588 5358 discemus
2635 5321 2719 5367 ea,
2765 5321 2884 5373 qua!
2937 5303 3004 5357 ad
3054 5316 3371 5373 praesentem
3422 5307 3582 5362 vitam

2005 5396 2294 5465 pertinent,
2328 5395 2628 5464 despicere.
2652 5395 2766 5449 Non
2794 5395 2934 5448 enim
2967 5404 3070 5460 est,
3103 5411 3208 5449 non
3237 5407 3319 5451 est
3343 5399 3394 5452 in
3423 5399 3584 5453 rebus

2003 5487 2370 5558 Spiritualibus
2404 5501 2612 5557 pugna;
2661 5486 2754 5540 sed
2798 5485 3057 5556 quidquid
3103 5487 3364 5555 ejusmodi
3406 5490 3584 5545 videas

2003 5581 2220 5647 exoriri,
2247 5581 2330 5635 vel
2365 5595 2567 5650 pugnas
2593 5580 2674 5634 vel
2721 5579 2994 5643 invidiam,
3029 5580 3141 5634 sive
3181 5583 3391 5650 quidvis
3415 5585 3582 5649 aliud,

2003 5692 2179 5732 rerum
2210 5675 2275 5728 ad
2309 5675 2444 5728 hanc
2463 5673 2624 5727 vitam
2651 5673 3026 5742 pertinentium
3063 5691 3220 5728 causa
3248 5677 3578 5731 exoriuntur.

2003 5771 2132 5826 Nam
2163 5770 2246 5824 vel
2275 5769 2338 5824 ab
2373 5766 2530 5822 alicui
2574 5765 2885 5838 cupiditate,
2919 5765 2998 5821 vel
3043 5765 3113 5821 ab
3144 5766 3363 5838 invidia,
3405 5769 3488 5826 vel
3521 5770 3590 5825 ab
