4044 6202
457 350 562 412 ΩϐἹ

458 473 633 526 inanis
681 474 865 544 gloriae
917 475 1094 529 studio
1147 475 1353 528 initium
1405 475 1568 528 sumit
1615 473 1786 526 omnis
1838 487 2032 540 pugna.

455 566 633 632 Quare
680 569 722 619 si
757 582 937 630 pacem
979 567 1399 630 servaverimus,
1444 577 1653 621 terrena
1700 567 1860 620 etiam
1903 580 2035 617 con-

457 663 695 710 temnere
724 655 1013 711 discemus.
1056 657 1262 724 Eripuit
1304 657 1424 726 quis
1452 655 1742 725 pecunias?
1771 655 1874 708 Sed
1907 653 2035 706 nihil

456 743 611 810 la:sit,
663 745 893 815 inquies,
938 745 1228 800 dummodo
1268 760 1489 815 superas
1536 745 1654 799 illas
1705 744 1914 798 divitias
1969 759 2036 798 uc

454 837 662 904 eripiat.
695 836 967 904 [inpedivit
1007 837 1230 906 gloriam
1263 837 1446 890 tuam?
1493 839 1561 890 At
1605 853 1708 890 non
1747 851 1885 899 eam,
1915 850 2033 903 quae

455 925 590 993 apud
623 927 784 979 lit-nm
817 936 918 987 cst.
967 927 1058 980 sed
1093 926 1231 981 hanc
1279 926 1478 982 nullius
1506 927 1659 994 pretii
1695 945 1709 981 :
1742 942 1845 980 non
1891 927 2033 981 enim

454 1016 567 1071 hzrc
596 1019 759 1086 gloria
788 1027 890 1080 est,
921 1019 1016 1073 sed
1039 1033 1231 1074 nomen
1259 1019 1468 1088 gloritn,
1496 1034 1558 1072 ac
1583 1020 1756 1088 potius
1787 1018 2033 1072 obscuriv

452 1113 554 1160 tas.
588 1109 794 1179 Eripuit
838 1111 928 1164 tibi
976 1111 1278 1164 honorem?
1323 1110 1434 1164 lmo
1484 1127 1589 1165 non
1635 1109 1751 1174 tibi,
1800 1110 1892 1165 sed
1933 1110 2034 1164 sibi

452 1197 571 1266 ipsi.
617 1199 750 1253 Nam
797 1201 936 1256 sicut
981 1201 1068 1268 qui
1117 1200 1362 1272 iniuriam
1405 1200 1551 1265 facit,
1605 1218 1706 1254 tton
1755 1201 1894 1262 iacit,
1939 1197 2032 1254 scd

448 1289 680 1360 accipit:
707 1292 774 1344 ita
806 1292 892 1359 qui
925 1292 1167 1359 proximo
1198 1291 1417 1348 insidias
1449 1301 1621 1363 parat,
1666 1292 1898 1360 seipsum
1924 1290 2033 1358 pri-

450 1393 595 1433 tuum
646 1381 816 1448 perdit
856 1380 1045 1450 (Eccli.
1082 1381 1165 1435 10.
1197 1381 1253 1451 8)
1285 1400 1298 1434 :
1338 1398 1459 1435 nam
1496 1382 1584 1450 qni
1619 1380 1748 1435 fodit
1793 1381 2032 1450 proximo

446 1485 544 1524 suo
576 1470 802 1536 foveant,
848 1473 899 1525 in
945 1474 1114 1542 ipsam
1145 1473 1347 1527 incidit.
1393 1473 1532 1542 Ergo
1579 1489 1681 1526 non
1717 1473 2032 1526 insidiemur

446 1558 624 1622 alteri,
657 1570 711 1613 ut
753 1577 820 1615 ne
851 1562 1005 1616 nobis
1037 1563 1133 1630 ipsi
1166 1578 1488 1626 noceamus;
1521 1579 1640 1618 cum
1677 1564 1896 1616 alterius
1917 1563 2034 1631 glo-

445 1651 524 1704 ria
551 1670 578 1700 n
606 1651 1024 1718 intervertintus,
1057 1652 1352 1722 cogitemus
1380 1669 1475 1708 nos
1500 1655 1642 1724 ipSIlS
1671 1671 1808 1716 esse.
1836 1656 2030 1724 quibus

445 1758 731 1798 noceamus
771 1755 931 1814 atque
959 1745 1179 1798 insidias
1213 1747 1513 1800 tendamus.
1545 1744 1677 1800 Nam
1710 1747 1756 1799 ei
1789 1747 2025 1814 quidem,

443 1834 487 1888 si
518 1848 615 1888 nos
645 1835 763 1903 plus
787 1836 1136 1902 potuerimus,
1160 1837 1296 1906 apud
1329 1838 1572 1892 homines
1611 1837 1836 1892 furtaSse
1871 1854 2029 1890 noce-

443 1936 591 1990 tuus;
637 1939 733 1979 nos
763 1935 938 1980 autem
970 1927 1113 1995 ipsos
1161 1927 1302 1996 apud
1349 1929 1510 1980 Deum
1541 1927 1802 1990 laedimus,
1854 1929 2025 1999 ipsum

445 2058 644 2072 ⁵.-

1168 353 1225 409 5.
1265 353 1543 412 ,ΙΟᾹΝΝΙΞ
1581 345 2050 410 υιιιιγδυδτυδιι
2091 345 2401 404 ΑΙιωΙΙΕΡ.
2442 348 2973 404 CONSTANTINOP.

3621 358 3723 414 983

2150 467 2439 520 irritantes.
2483 467 2664 536 Itaque
2694 483 2799 521 non
2828 468 2980 522 nobis
3011 469 3139 537 ipsis
3179 486 3482 526 noceamus.
3511 471 3642 528 Nam
3673 487 3724 530 ut

2147 555 2390 624 injuriam
2409 558 2648 625 proximo
2671 557 2947 619 facientes,
2975 561 3128 613 nobis
3156 561 3284 626 ipsis
3307 562 3560 618 facimus:
3583 566 3653 619 ita
3680 569 3724 620 ei

2145 644 2568 710 betuzfacientes,
2621 648 2776 701 nobis
2833 648 2961 717 ipsis
3011 650 3395 706 benefacitnns.
3444 655 3725 711 Cutu.tibi

2143 735 2396 790 damnum
2419 739 2592 790 attulit
2625 737 2892 802 inimicus,
2917 741 3156 809 cogitans-
3185 741 3498 797 beneﬁt-inm
3531 747 3720 813 potius,

2145 828 2188 880 si
2224 829 2418 896 sapias,
2453 828 2544 882 tibi
2574 830 2884 895 contulisse,
2921 845 3025 884 non
3059 831 3216 886 modo
3242 848 3336 902 par
3369 836 3438 889 illi
3468 837 3722 895 damnum

2145 935 2250 973 non
2279 919 2493 984 inl'ercs,
2517 921 2608 976 sed
2635 923 2792 975 etiam
2818 923 3135 979 benefacies.
3164 928 3231 978 At
3257 938 3454 989 manet,
3491 931 3720 1000 inquies,

2142 1011 2489 1066 vehementer
2541 1011 2736 1067 inﬂicta
2783 1014 2954 1084 plaga.
2999 1014 3110 1070 Hoc
3165 1017 3326 1085 igitur
3371 1021 3564 1088 rogita,
3617 1038 3722 1076 non

2144 1103 2289 1157 illum
2325 1119 2445 1158 esse
2473 1103 2556 1158 cui
2587 1103 2909 1170 benefacias,
2955 1107 3048 1160 sed
3079 1108 3254 1175 potius
3283 1108 3350 1162 de
3391 1109 3479 1163 illo
3509 1111 3723 1180 quidem

2143 1201 2194 1247 te
2221 1195 2536 1263 supplicium
2569 1209 2803 1258 sumere,
2846 1197 2938 1249 tibi
2975 1213 3101 1251 vero
3133 1199 3466 1264 benefacere,
3513 1216 3578 1256 ac
3616 1204 3724 1256 cito

2142 1283 2245 1338 huc
2291 1284 2597 1345 adduceris,
2643 1295 2700 1338 ut
2744 1285 3066 1340 benefacias.
3095 1287 3231 1354 Quid
3264 1289 3461 1358 igitur?
3491 1291 3724 1348 istumue

2143 1376 2195 1429 itt
2228 1374 2608 1429 benefacieudo
2649 1389 2868 1445 scopum
2900 1391 3200 1445 proponere
3247 1379 3340 1433 tibi
3367 1379 3576 1434 debes?
3603 1381 3719 1436 Non

2141 1482 2271 1521 Sane
2317 1467 2512 1527 istum;
2561 1466 2653 1518 sed
2695 1466 2911 1536 quando
2951 1484 3047 1522 cor
3076 1480 3222 1523 tuum
3259 1471 3414 1525 aliter
3441 1472 3578 1527 ﬂecti
3617 1491 3721 1528 non

2142 1567 2336 1629 potest,
2371 1558 2450 1611 vel
2485 1556 2582 1610 hac
2610 1559 2817 1612 ratione
2844 1558 3015 1626 ipSltm
3043 1559 3314 1624 adducito,
3346 1576 3409 1615 ac
3443 1562 3590 1618 brevi
3623 1565 3721 1634 ipsi

2141 1651 2485 1719 persuadebis
2513 1649 2781 1718 deponere
2824 1651 3173 1719 simultatem,
3219 1661 3272 1707 et
3318 1653 3531 1710 inimico
3574 1669 3722 1726 post-

2142 1743 2261 1810 hac,
2313 1752 2581 1812 tamquam
2624 1743 2796 1796 amico
2838 1741 3164 1808 benefacies,
3209 1754 3265 1799 et
3313 1745 3484 1800 futura
3526 1764 3722 1804 consc-

2138 1837 2320 1906 queris
2361 1835 2497 1889 bona
2526 1851 2538 1888 :
2565 1835 2758 1904 quibus
2789 1835 2987 1888 utinam
3014 1849 3112 1889 nos
3159 1851 3346 1890 omnes
3375 1836 3635 1904 fruamur,
3671 1841 3720 1895 in

2136 1927 2347 1982 Christo
2373 1925 2520 1991 Jcsu,
2545 1935 2646 1980 etc.

2983 2061 3295 2072 —-—

1895 2133 2232 2192 HOMILIA
2270 2128 2412 2192 XV.

441 2257 566 2314 Car.
623 2261 676 2312 4.
727 2275 779 2312 v.
829 2258 913 2312 l0.
957 2256 1168 2311 Gavisus
1195 2273 1306 2310 sum
1334 2257 1386 2309 in
1437 2256 1650 2310 Domino
1683 2255 2018 2319 vehementer,

510 2351 750 2420 quoniam
779 2350 1052 2419 aliquando
1099 2348 1300 2401 tondent
1331 2347 1630 2418 reﬂoruistis
1670 2364 1762 2416 pro
1793 2364 1872 2400 me
1910 2363 2025 2400 sen-

513 2443 639 2508 tire,
667 2443 796 2495 sicut
829 2452 875 2494 et
899 2441 1180 2494 sentiebatis
1201 2481 1214 2503 ,
1253 2441 1486 2507 occupati
1521 2449 1692 2492 autem
1733 2440 1902 2492 eratis.
1938 2439 2021 2492 ll.

512 2532 634 2586 Non
657 2533 802 2601 quasi
830 2543 1034 2602 prapter
1066 2533 1326 2598 penuriam
1370 2531 1482 2583 dico
1513 2546 1530 2583 :
1555 2547 1646 2600 ego
1690 2531 1822 2584 enim
1849 2530 2023 2593 didici,

510 2624 564 2677 in
593 2625 769 2694 quibus
788 2640 920 2687 sum,
947 2623 1192 2693 suﬁciens
1221 2639 1346 2675 esse.
1382 2622 1466 2676 12.
1516 2621 1638 2676 Scio
1669 2631 1714 2674 et
1745 2622 2023 2686 humiliari,

510 2717 614 2769 scio
656 2724 705 2768 et
747 2714 1047 2778 abundare;
1097 2715 1280 2784 ubique
1306 2724 1353 2767 et
1394 2714 1444 2766 in
1493 2713 1725 2766 omnibus
1773 2713 2027 2766 institutus

515 2825 626 2862 sum
649 2845 664 2871 ,
693 2817 740 2862 et
765 2808 942 2860 satiari
967 2817 1012 2859 et
1057 2807 1278 2868 esurire,
1327 2815 1373 2857 et
1408 2804 1667 2858 abundare
1691 2814 1736 2856 et
1767 2804 2028 2872 penuriam

516 2906 669 2972 pati:
713 2902 800 2956 15.
832 2900 1002 2954 omnia
1053 2914 1257 2968 possunt
1289 2899 1338 2949 in
1384 2913 1461 2961 eo,
1491 2897 1575 2965 qui
1629 2911 1706 2948 me
1751 2897 2024 2964 confortat,

513 2995 732 3048 Christo.
768 2993 852 3047 H.
895 2991 1243 3045 Verumtamen
1271 2988 1581 3058 benefecistis
1605 3027 1619 3051 ,
1650 2987 2026 3041 communican-

513 3095 584 3138 tes
613 3081 928 3136 tribulationi
957 3095 1102 3133 metu.

516 3179 568 3231 1.
614 3175 948 3245 Eleemosgna
972 3189 1072 3227 non
1098 3172 1472 3242 accipientium,
1504 3171 1592 3225 sed
1620 3171 1850 3224 dautium
1877 3187 2030 3224 causa

442 3269 650 3323 inducta
677 3267 881 3336 fuit.—
907 3266 1062 3334 Smpe
1109 3263 1217 3317 dixi
1248 3263 1646 3333 elcemosyuain
1669 3304 1683 3327 ,
1730 3277 1835 3316 non
1883 3262 2027 3316 acci-

442 3359 723 3431 pientiutu,
749 3355 841 3411 sed
871 3355 1111 3409 dautium
1139 3369 1299 3408 causa
1331 3354 1686 3408 introductam
1719 3367 1838 3408 esse
1863 3370 1875 3404 :
1907 3367 2027 3406 nam

444 3451 520 3506 illi
568 3457 735 3514 sunt,
763 3447 854 3518 qui
901 3447 1190 3500 maximum
1239 3454 1504 3514 quzestum
1559 3444 1778 3499 faciunt.
1826 3445 1938 3499 lloc
1977 3453 2030 3500 et

445 3555 588 3596 nunc
629 3538 864 3594 ostendit
904 3537 1122 3592 Paulus.
1164 3535 1480 3603 Quomodo?
1521 3535 1774 3590 Miseram
1812 3535 1876 3590 ad
1907 3550 2030 3590 eum

442 3631 688 3702 quaedam
736 3631 895 3699 longo
941 3627 1224 3682 intervallo
1255 3626 1660 3697 Philippenses,
1702 3641 1872 3695 eaque
1919 3626 2031 3694 ipsa

444 3722 814 3792 Epaphrodito
860 3721 927 3775 ad
978 3719 1155 3787 ipsum
1198 3718 1513 3786 perferenda
1558 3715 1833 3769 dederant.
1869 3715 2031 3769 Istum

447 3813 612 3882 igitur
639 3827 760 3865 cum
786 3810 886 3864 hac
912 3809 1137 3877 epistola
1171 3806 1512 3868 remissurus,
1537 3805 1658 3858 vide
1682 3805 1951 3874 quomodo
1979 3815 2033 3858 et

446 3906 592 3970 ipsos
618 3900 799 3952 laudet
819 3941 832 3960 ,
871 3905 926 3950 et
951 3895 1196 3950 ostendat
1224 3911 1328 3948 non
1375 3904 1481 3948 tam
1510 3894 1575 3948 ad
1617 3894 1992 3964 accipientium
2015 3936 2030 3958 ,

442 4007 604 4062 quant
641 3990 706 4043 ad
734 3988 972 4043 dautium
1006 3987 1284 4039 utilitatem
1313 3985 1364 4039 id
1396 3985 1748 4040 redundasse.
1783 3986 1892 4040 lloe
1933 4001 2032 4039 au-

445 4094 554 4137 tent
584 4082 728 4144 facit,
762 4091 817 4135 ut
845 4094 1017 4148 neque
1045 4079 1132 4148 q'ti
1159 4078 1494 4131 benefaciunt
1522 4079 1572 4130 in
1599 4077 1901 4146 superbiam
1933 4092 2032 4131 ex-

443 4172 724 4237 tollantur,
771 4169 866 4224 scd
914 4168 980 4222 ad
1045 4167 1504 4222 bcnefaciendum-
1532 4167 1819 4221 alacriores
1866 4165 2030 4230 ﬁant,

442 4266 642 4334 quippe
669 4277 792 4317 cum
815 4276 874 4316 se
905 4261 1049 4330 ipsos
1076 4259 1246 4330 magis
1271 4260 1459 4328 juvent
1483 4277 1495 4311 :
1531 4268 1583 4312 et
1612 4258 1700 4328 qui
1727 4257 2029 4327 accipiunt,

449 4371 554 4409 non
586 4355 811 4408 licenter
841 4359 1160 4421 procurrant
1185 4349 1251 4402 ad
1282 4348 1671 4418 accipiendum,
1714 4357 1772 4402 ut
1801 4364 1868 4403 ne
1887 4349 2034 4417 judi-

444 4447 592 4501 cium
629 4444 892 4513 accipiant
925 4462 937 4496 :
974 4442 1182 4496 Beatum
1228 4442 1390 4504 enim,
1425 4439 1615 4509 inquit,
1645 4453 1717 4494 est
1746 4442 1908 4512 magis
1935 4443 2034 4493 da-

444 4555 524 4602 re,
553 4555 705 4607 quant
735 4537 965 4604 accipere
994 4534 1128 4607 (Act.
1155 4533 1248 4588 20.
1281 4535 1394 4604 55).
1423 4533 1560 4602 Quid
1587 4549 1716 4604 ergo
1746 4534 2030 4603 signiﬁcat,

447 4629 575 4682 dum
605 4627 756 4692 dicit,
788 4626 1002 4680 Gauisus
1029 4642 1141 4680 sum
1161 4634 1327 4678 autent
1350 4625 1402 4678 in
1428 4623 1647 4678 Domino
1687 4625 2036 4678 vehementer?

449 4721 567 4776 Non
599 4719 805 4784 mundi,
856 4719 1045 4788 inquit,
1070 4727 1228 4786 atque
1257 4717 1414 4785 hujus
1457 4718 1580 4769 vita:
1626 4731 1773 4769 more
1818 4715 2035 4785 gavisus

447 4828 590 4878 sum,
622 4810 716 4866 sed
747 4811 798 4864 in
826 4811 1069 4873 Domino,
1095 4824 1199 4861 non
1226 4809 1477 4877 quoniam
1508 4823 1608 4877 ego
1629 4808 1907 4877 respiravi,
1939 4807 2035 4862 sed

447 4903 702 4972 quoniam
731 4916 826 4956 vos
862 4898 1210 4969 profecistis:
1265 4899 1380 4952 hinc
1425 4899 1569 4953 enim
1614 4913 1729 4952 mea
1773 4901 2034 4952 recreatio

452 5004 557 5050 est.
589 4996 876 5065 Propterea
924 4993 1084 5046 etiam
1127 4990 1329 5059 inquit,
1370 4989 1694 5044 Vehementer
1722 5007 1741 5044 :
1783 4991 2032 5062 quoniam

453 5101 560 5143 non
591 5096 709 5142 erat
733 5097 1052 5154 corporeum
1080 5083 1368 5152 gaudium,
1399 5098 1573 5152 neque
1619 5098 1715 5152 pro
1740 5098 1834 5138 sua
1866 5083 2034 5153 ipsius

451 5179 788 5235 recreatione
814 5174 1110 5248 gaudebat,
1157 5173 1252 5228 sed
1287 5189 1382 5244 pro
1417 5173 1632 5229 illorum
1663 5176 1928 5245 proiectu.
1972 5177 2037 5231 Et

453 5272 594 5334 vide,
625 5270 891 5340 quomodo
919 5284 1039 5322 cum
1073 5267 1193 5321 illos
1218 5266 1458 5320 nonnihil
1495 5267 1564 5320 de
1595 5267 1864 5336 prmterito
1895 5277 2032 5322 tem-

454 5377 585 5430 pore
614 5361 964 5431 objurgasset,
995 5358 1248 5413 continuo
1278 5356 1330 5411 id
1361 5358 1736 5424 occultaverit,
1765 5359 2032 5414 condoce-

451 5452 655 5508 facieus
676 5451 888 5506 assidue
912 5461 966 5505 et
1013 5461 1270 5520 perpetuo
1298 5451 1500 5506 versari
1530 5451 1580 5504 in
1627 5449 2032 5506 benefaciendo.

458 5546 709 5611 Quoniam
731 5545 934 5598 tandem
960 5545 1254 5612 aliquando,
1287 5543 1475 5613 inquit.
1509 5543 1662 5608 Illud,
1682 5542 1912 5598 Tandem
1933 5545 2034 5598 ali-

453 5636 655 5704 quando
675 5679 688 5700 ,
715 5636 930 5704 longum
974 5643 1184 5702 tempus
1221 5633 1504 5689 indicantis
1532 5645 1632 5689 est.
1681 5633 2031 5703 Reﬂoruistis,

450 5727 604 5795 quasi
633 5726 700 5782 de
725 5726 1005 5781 arboribus
1047 5725 1489 5794 genuiuantibus,
1532 5725 1724 5780 deinde
1766 5725 2030 5791 arefactis,

458 5833 524 5876 ac
547 5833 730 5876 rursus
759 5816 1199 5890 germinantibus.
1234 5817 1345 5873 lloc
1372 5832 1497 5874 vero
1521 5816 1799 5874 indicantis
1829 5827 1928 5883 est,
1964 5819 2028 5874 il-

2137 2254 2219 2308 los
2249 2267 2370 2307 cum
2399 2263 2553 2308 antea
2578 2253 2852 2318 ﬂorerent,
2886 2269 2946 2308 ae
2979 2266 3161 2323 postea
3191 2256 3574 2322 extabuissent,
3600 2275 3721 2312 rur-

2131 2360 2225 2400 sus
2251 2345 2433 2414 vigere
2479 2360 2543 2398 ac
2583 2345 2884 2414 germinare
2921 2347 3150 2415 coepisse
3183 2366 3194 2398 :
3225 2349 3567 2415 quamobrem
3615 2367 3718 2406 vos

2133 2437 2250 2500 ista,
2283 2436 2629 2506 Rc/loruistis,
2662 2447 2715 2492 et
2736 2437 3161 2508 objurgationem
3191 2450 3246 2494 et
3273 2441 3480 2495 laudem
3515 2443 3673 2498 habet
3700 2462 3712 2495 :

2133 2545 2241 2583 non
2267 2530 2410 2584 enim
2445 2544 2630 2598 parum
2657 2539 2761 2596 est,
2793 2548 2912 2585 cum
2944 2532 3271 2597 extabucris,
3300 2535 3573 2590 rellorere.
3606 2536 3716 2590 To-

2133 2628 2242 2674 tum
2273 2635 2400 2674 vero
2451 2620 2502 2674 id
2531 2635 2596 2674 ex
2627 2621 2949 2691 negligentia
3003 2623 3107 2676 illis
3153 2625 3413 2679 accidisse
3457 2627 3710 2680 Ostendit.

2135 2712 2241 2766 Pro
2264 2730 2342 2766 me
2383 2713 2599 2776 sentire,
2627 2713 2757 2766 sicut
2787 2723 2834 2766 et
2861 2715 3169 2769 sentiebatis.
3208 2716 3302 2769 llic
3328 2718 3561 2771 ostendit
3588 2733 3714 2771 con-

2136 2817 2323 2858 suesse
2355 2803 2475 2856 illos
2501 2804 2550 2856 in
2577 2803 2882 2871 hujusruodi
2907 2803 3067 2858 rebus
3090 2805 3379 2861 liberaliter
3399 2823 3456 2861 se
3481 2823 3667 2877 gerere
3698 2826 3709 2860 :

2131 2903 2417 2964 propterea
2447 2893 2596 2948 addit
2621 2911 2634 2946 :
2669 2891 2776 2947 Pro
2805 2910 2880 2947 me
2919 2895 3104 2950 sentire
3128 2937 3143 2961 ,
3177 2897 3306 2950 sicut
3335 2908 3382 2950 et
3409 2898 3710 2952 sentiebatis.

2133 2985 2209 3038 Ac
2232 2999 2298 3038 ne
2327 2993 2479 3054 putes
2508 2985 2652 3054 ipsos
2681 2985 2841 3039 etiam
2868 2986 3078 3040 caeteris
3101 2985 3155 3039 in
3177 2987 3360 3051 rebus,
3389 3003 3506 3041 cum
3532 3003 3713 3056 protu-

2133 3078 2339 3149 ptiores
2369 3088 2567 3143 essent,
2605 3088 2790 3148 postea
2836 3079 3174 3146 extabuisse,
3220 3081 3312 3136 sed
3344 3082 3393 3135 in
3423 3083 3522 3135 hac
3557 3082 3670 3136 sola
3692 3121 3712 3147 ,

2135 3171 2256 3224 vide
2287 3185 2445 3240 quam
2477 3179 2647 3235 cavet,
2679 3171 2749 3223 ita
2779 3171 2965 3225 dicens
2997 3187 3010 3223 :
3052 3171 3281 3226 Tandem
3322 3173 3597 3242 aliquando
3636 3190 3712 3226 re-

2132 3261 2374 3330 ﬂoruisti‘s
2400 3278 2491 3332 pro
2521 3278 2599 3315 me
2618 3263 2824 3316 sentire.
2856 3261 3085 3317 Perinde
3106 3247 3172 3317 ac
3202 3264 3243 3316 si
3269 3263 3491 3326 diceret,
3522 3265 3594 3319 De
3616 3263 3716 3318 hac

2134 3351 2246 3405 sola
2280 3366 2336 3406 re
2367 3351 2518 3415 illttd,
2551 3352 2840 3416 Aliquando
2867 3355 3092 3420 tandem,
3137 3355 3304 3424 accipi
3334 3355 3494 3419 volo;
3527 3355 3577 3408 in
3605 3370 3712 3410 c3-

2136 3445 2262 3498 tcris
2289 3446 2432 3498 enim
2463 3445 2624 3498 rebus
2668 3461 2772 3498 non
2804 3443 2896 3499 ita.
2929 3444 3035 3500 Sed
3079 3457 3281 3515 quaeret
3329 3448 3414 3502 hic
3451 3447 3714 3518 quispiam

2134 3550 2231 3589 cur
2259 3537 2348 3605 qui
2380 3535 2528 3601 dicit,
2565 3534 2777 3588 Beatum
2803 3545 2875 3589 est
2901 3537 3061 3607 magis
3085 3539 3228 3603 dare,
3256 3556 3406 3608 quam
3449 3541 3717 3608 accipere;

2134 3634 2222 3688 cl,
2258 3626 2510 3692 Quoniam
2554 3625 2622 3678 ad
2651 3643 2708 3679 ea
2737 3642 2851 3692 aute
2894 3628 3018 3680 mihi
3062 3644 3189 3696 Opus
3219 3640 3396 3689 erant,
3447 3642 3494 3682 et
3523 3631 3586 3683 iis
3631 3632 3716 3698 qui

2136 3732 2330 3768 mecum
2358 3726 2492 3780 sunt,
2527 3717 2932 3769 ministraveruut
2963 3733 3142 3770 manus
3163 3733 3286 3770 mete
3306 3717 3442 3786 (Art.
3473 3718 3566 3773 20.
3589 3719 3714 3785 3‘);

2135 3817 2192 3862 et
2231 3824 2418 3862 rursus
2459 3807 2524 3862 ad
2571 3807 2878 3863 Corinthios
2917 3809 3190 3874 scribens,
3230 3809 3428 3864 Bonum
3467 3821 3538 3864 est
3585 3813 3718 3865 enim

2138 3900 2263 3952 milii
2290 3902 2451 3970 magis
2481 3901 2628 3964 mori,
2661 3918 2814 3970 quam
2843 3911 2896 3953 ut
2936 3903 3152 3971 gloriam
3180 3919 3340 3955 meam
3366 3904 3479 3974 quis
3509 3914 3719 3957 auertet

2137 3990 2216 4056 (l.
2249 3988 2366 4043 Cor.
2398 3989 2452 4045 9.
2486 3991 2607 4058 l5);
2641 4004 2780 4044 nunc
2821 4005 2926 4046 non
2955 4001 3105 4045 curet
3128 3991 3350 4061 gloriam
3384 3998 3534 4045 istam
3566 4010 3718 4046 suam

2137 4083 2404 4146 cvacuari,
2435 4092 2489 4136 et
2527 4081 2594 4136 ad
2623 4082 2846 4136 nihilum
2891 4083 3151 4137 recidere.
3185 4085 3503 4149 Quomodo?
3557 4084 3723 4138 Nimi-

2139 4191 2255 4229 rum
2277 4216 2292 4242 ,
2324 4174 2448 4227 dum
2480 4174 2706 4244 accepit.
2738 4173 2869 4228 Nam
2898 4176 2942 4230 si
2973 4176 3135 4245 gloria
3156 4217 3171 4241 ,
3204 4177 3404 4246 inquit,
3456 4192 3569 4232 mea
3605 4176 3721 4232 h:ec

2137 4275 2240 4330 est,
2293 4264 2424 4318 nihil
2473 4265 2737 4333 accipere,
2786 4267 3056 4334 quomodo
3099 4283 3238 4321 nunc
3287 4283 3352 4322 eo
3395 4268 3723 4321 adducitur?

2139 4355 2273 4422 Quid
2293 4372 2422 4426 ergo
2449 4356 2732 4411 dicendum
2761 4357 2878 4411 est?
2908 4357 2978 4412 lbi
2999 4357 3117 4426 jure
3143 4358 3346 4426 Optimo
3369 4375 3472 4412 non
3494 4359 3722 4428 accipie-

2140 4448 2230 4501 bat
2285 4448 2816 4518 psettdapostolorum
2861 4464 3042 4514 causa,
3079 4447 3144 4504 Ut
3189 4451 3240 4502 in
3283 4467 3382 4518 quo
3416 4451 3718 4519 gloriantur,

2141 4539 2330 4608 inquit,
2355 4540 2690 4599 inveniantur,
2722 4540 2847 4593 sicut
2873 4549 2919 4592 et
2954 4558 3044 4594 nos
3078 4541 3152 4609 (2.
3187 4541 3306 4594 Cor.
3342 4544 3424 4595 ll.
3463 4542 3571 4607 12).
3605 4543 3720 4596 Non

2141 4629 2296 4690 dixit,
2323 4628 2478 4690 Sunt,
2508 4630 2622 4693 sed,
2655 4629 2974 4694 Cloriantur,’
3003 4633 3125 4686 hinc
3151 4633 3442 4686 ostendens
3470 4633 3587 4687 illos
3627 4652 3720 4688 ac-

2139 4721 2319 4789 cipere
2347 4721 2562 4788 quidem
2593 4722 2801 4783 solitos,
2833 4722 2927 4776 scd
2957 4724 3091 4776 clam
3124 4741 3135 4774 :
3171 4732 3449 4791 propterea
3472 4723 3625 4786 dixit,
3658 4723 3722 4776 In

2139 4828 2236 4880 quo
2258 4811 2561 4882 gloriantur.
2586 4812 2893 4882 Accipiebat
2921 4827 3095 4868 autem
3123 4822 3180 4868 et
3206 4815 3339 4883 ipse,
3375 4817 3585 4869 tametsi
3614 4834 3720 4868 nou

2142 4903 2211 4957 ibi
2245 4922 2257 4956 :
2291 4913 2572 4972 propterea
2605 4904 2832 4972 ipsemet
2859 4903 3090 4969 dicebat,
3131 4903 3254 4958 Non
3289 4907 3594 4977 infringctttr
3613 4909 3723 4976 glo-

2139 4996 2290 5048 riatio
2323 5010 2434 5047 mea
2459 4993 2621 5063 (Ibid.
2649 5011 2695 5048 υ.
2724 4995 2836 5067 10).
2870 4995 2935 5050 Et
2963 5010 3065 5049 non
3089 4996 3262 5050 solum
3289 4997 3441 5062 dixit,
3473 4995 3593 5050 Non
3640 4999 3721 5050 iu-

2143 5090 2408 5160 fringetur,
2440 5085 2534 5140 sed
2566 5087 2782 5156 exponit
2809 5087 2968 5142 etiam
2997 5087 3108 5151 ubi,
3142 5087 3325 5143 dicens
3359 5106 3371 5141 :
3401 5086 3466 5142 In
3498 5088 3721 5160 regioni-

2141 5179 2232 5231 bus
2263 5177 2502 5242 At-Itaite;
2532 5185 2586 5231 et
2608 5192 2810 5236 rursus.
2844 5177 2983 5231 Alias
3014 5177 3268 5232 Ecclesias
3295 5179 3600 5245 exspoliavi,
3629 5195 3721 5232 ac-

2140 5270 2329 5338 cipiens
2357 5269 2608 5337 stipendia
2637 5268 2705 5320 ad
2733 5267 3065 5321 ministerium
3119 5279 3332 5322 uestrum
3366 5267 3527 5338 (Ibid.
3561 5285 3608 5322 υ.
3638 5268 3716 5338 8).

2144 5361 2254 5414 lloc
2283 5361 2423 5414 enim
2455 5360 2733 5414 indicantis
2758 5371 2861 5423 est,
2893 5376 2950 5415 se
2983 5361 3224 5430 accipere
3251 5361 3488 5414 solitum.
3527 5360 3719 5415 \‘erum

2143 5452 2337 5507 Paulus
2365 5453 2578 5521 quidem
2611 5453 2802 5506 merito
2833 5451 3149 5522 aecipiebat,
3183 5461 3385 5506 tantum
3414 5453 3596 5522 operis
3623 5454 3718 5506 ha-

2140 5544 2271 5598 bens
2305 5561 2318 5597 :
2353 5544 2444 5598 sed
2489 5544 2578 5614 qui
2624 5543 2754 5596 nihil
2781 5553 2979 5612 agunt,
3019 5543 3286 5614 quomodo
3316 5553 3540 5614 possunt
3576 5542 3720 5597 acci-

2141 5634 2306 5703 pere?
2337 5635 2404 5688 At
2437 5649 2642 5703 preces,
2678 5634 2956 5703 inquiunt,
3008 5634 3194 5689 fundo.
3224 5635 3330 5690 Sed
3361 5650 3465 5688 nou
3509 5635 3610 5688 hoc
3641 5641 3724 5687 est

2140 5744 2272 5796 opus
2305 5744 2318 5780 :
2363 5727 2484 5781 licet
2513 5726 2654 5781 cuitu
2689 5726 2739 5779 id
2767 5728 2930 5779 etiam
2963 5727 3122 5781 simul
3153 5743 3273 5784 cum
3318 5742 3481 5796 opere
3523 5726 3718 5779 facere.

2141 5820 2204 5873 At
2229 5817 2430 5888 jejuno.
2457 5816 2560 5873 Sed
2589 5832 2761 5887 neque
2789 5815 2888 5873 hoc
2907 5832 3039 5887 opus
3060 5828 3160 5876 est.
3189 5816 3321 5873 Vide
3343 5817 3556 5873 beatum
3581 5815 3722 5870 hunc
