4014 6200
430 338 541 398 280

437 446 708 518 πολλαχοῦ
759 446 1122 517 κηρύττοντα,
1156 444 1249 499 καὶ
1279 443 1667 517 ἐργαζόμενον.
1721 446 2003 514 Ὴκαιρεῖ-

432 540 543 590 σθε
592 534 679 599 δὲ,
710 534 862 603 φησί.
892 533 957 586 Τί
990 534 1139 585 ἐστιν
1164 571 1178 597 ,
1215 532 1584 599 Ἰικαιρεῖσθε
1611 549 1632 598 ;
1667 533 1742 585 Οὐ
1767 533 1866 601 τῆς
1902 535 2002 602 ρᾳ-

434 620 634 691 θυμίας
658 619 832 690 ὑμῶν,
858 619 1048 688 φησὶν,
1078 618 1214 673 ἀλλά
1238 616 1340 687 τῆς
1372 618 1618 687 ἀνάγκης
1642 635 1656 648 ·
1697 619 1797 671 οὐκ
1827 620 2003 688 εἴχετε

431 709 490 762 ἐν
523 709 729 780 χερσὶν,
778 707 900 760 οὐδὲ
954 710 1010 759 ἐν
1068 706 1300 778 ἀφθονία
1338 702 1436 777 ἦτε
1462 722 1478 738 ⁸
1501 707 1659 760 τοῦτο
1697 708 1807 778 γάρ
1835 710 2000 772 ἐστιν,

442 794 802 863 Ἡκαιρεῖσθε
837 790 925 845 δέ.
973 791 1105 844 Ἀπὸ
1153 792 1253 862 τῆς
1302 793 1487 863 κοινῆς
1533 793 1663 847 αὐτὸ
1716 792 2002 862 συνηθείας

435 881 646 934 ἔλαϐεν.
689 878 844 932 Οῦτω
898 878 1003 949 7&9
1044 879 1094 931 οἱ
1124 878 1341 942 πλείους
1365 879 1635 948 λέγουσιν,
1665 881 1792 934 ὅταν
1820 881 2001 944 αὐτοῖς

427 967 509 1036 μὴ
543 966 680 1037 μετὰ
710 964 971 1032 ἀφθονίας
998 965 1235 1036 ἐπιρρέῃ
1261 965 1330 1018 τὰ
1360 966 1624 1037 βιωτικά,
1656 966 1766 1019 ἀλλ’
1796 968 1853 1020 ἐν
1878 983 2000 1019 στε-

425 1052 664 1122 νοχωρίᾳ
787 1051 910 1119 Οὐχ
949 1051 1040 1104 ὅτι
1066 1053 1199 1107 καθ’
1226 1050 1564 1120 ὑστέρησιν
1602 1053 1774 1122 λέγω.
1810 1048 1996 1120 Εἶπον,

436 1138 626 1207 φησὶν,
673 1138 816 1206 Ἤδη
848 1136 1014 1201 ποτε,
1051 1139 1145 1190 καὶ
1182 1138 1513 1209 ἐπετίμησα,
1541 1139 1662 1208 οὐχὶ
1712 1138 1773 1191 τὸ
1824 1141 1997 1208 ἐμαυ-

421 1221 517 1275 τοῦ
574 1220 839 1294 ζητήσας,
864 1221 986 1275 οὐδὲ
1015 1222 1105 1275 διὰ
1126 1221 1283 1275 τοῦτο
1308 1223 1680 1293 μεμφόμενος,
1721 1224 1796 1287 ὡς
1822 1226 1879 1276 ἐν
1910 1228 1998 1278 ἐν·

418 1308 539 1379 δεία
563 1308 637 1361 ῶν
665 1323 678 1337 ·
711 1310 831 1362 οὐδὲ
882 1309 989 1378 7&9
1020 1308 1109 1362 διά
1136 1308 1294 1362 τοῦτο
1322 1308 1569 1381 ἐζήτουν.
1604 1312 1773 1365 Πόθεν
1805 1312 1994 1383 δῆλον,

420 1395 501 1448 ὅτι
515 1396 575 1447 ού
600 1394 919 1465 κομπάζεις,
935 1388 980 1446 ὦ
998 1394 1177 1448 Παῦλε
1201 1412 1216 1462 ;
1238 1396 1545 1466 Κορινθίοις
1562 1398 1660 1467 μὲν
1680 1394 1773 1451 οὖν
1796 1415 1959 1467 φησιν
1978 1414 1993 1431 ·

413 1484 499 1536 Οὐ
522 1482 631 1552 γὰρ
669 1481 827 1536 ἄλλα
840 1481 1142 1552 γράφομεν
1156 1484 1316 1553 ὑμῖν,
1334 1484 1474 1539 ἀλλ’
1490 1486 1527 1554 ἢ
1545 1484 1997 1555 ᾰάναγινώσκε-

418 1582 503 1634 τε,
517 1567 555 1637 ἢ
574 1569 671 1621 καὶ
684 1570 1125 1638 ἐπιγινώσκετε.
1144 1570 1252 1623 Καὶ
1268 1572 1361 1624 ἐπὶ
1375 1571 1579 1625 τούτων
1589 1572 1646 1625 δὲ
1655 1573 1994 1638 οὐκᾶν,ῶστε

419 1654 645 1716 ἁλῶναι,
674 1654 881 1723 ἔλεγεν.
913 1656 1026 1708 Ούκ
1048 1655 1135 1722 ἀν,
1159 1656 1214 1709 ετ
1236 1672 1300 1724 γε
1325 1657 1626 1728 ἐκόμπαζε,
1644 1657 1817 1713 ταῦτα
1836 1656 1958 1713 εἷπε
1977 1676 1991 1689 ο

430 1741 584 1812 παρά
637 1741 746 1812 7&9
782 1742 978 1795 εἰδόσιν
1020 1742 1195 1811 ἐλεγε,
1220 1745 1315 1797 καὶ
1356 1745 1553 1798 πλείων
1582 1742 1650 1818 ἦν
1685 1748 1717 1815 ή
1760 1748 1992 1819 αἰσχύνη

417 1827 644 1882 ἁλῶναι.
689 1828 832 1898 Ἐγὼ
870 1830 981 1899 γὰρ
1010 1829 1235 1899 ἔμαθον
1252 1831 1323 1884 ὲν
1353 1829 1443 1898 οῖς
1469 1835 1606 1901 ειμι,
1648 1835 1831 1903 φησὶν,
1853 1838 1993 1889 αὐτ-

416 1913 602 1983 άρκης
653 1911 828 1970 εἶναι.
865 1918 1007 1986 ’Δρα
1053 1917 1401 1981 διδασκαλίας
1464 1920 1582 1972 ἐστὶ
1630 1920 1692 1972 τὸ
1734 1922 1988 1991 πρᾶγμα,

416 2003 511 2055 καὶ
556 2001 864 2071 γυμνασίας
909 2004 1002 2055 καὶ
1048 2003 1298 2073 μελέτης.
1334 2005 1407 2056 Οὐ
1443 2004 1552 2074 7&9
1583 2005 1991 2077 εύκατόρθωτόν

370 2102 371 2105 ‘
415 2094 589 2157 ἐστιν,
616 2092 754 2146 ἀλλά
779 2093 874 2146 καὶ
910 2092 1116 2163 σφόδρα
1137 2093 1395 2147 δύσκολον
1422 2096 1517 2148 καὶ
1556 2096 1716 2149 πόνον
1744 2096 1866 2168 ἕχον
1888 2115 1988 2151 πο-

412 2174 529 2230 λύν.
584 2177 685 2231 Ἐν
724 2172 815 2244 οἷς
872 2180 1010 2248 εἰμι,
1039 2178 1224 2246 φησὶν,
1255 2179 1558 2248 αὐτάρκης
1612 2177 1789 2236 εῖναι.
1844 2179 1989 2238 Οἶδα

412 2265 515 2318 καὶ
546 2266 1000 2330 ταπεινοῦσθαι,
1030 2260 1165 2319 οῖδα
1187 2266 1287 2318 καὶ
1309 2269 1696 2334 περισσεύειν
1716 2284 1730 2300 ·
1752 2270 1823 2322 ἐν
1841 2287 1989 2324 παν-

411 2350 468 2404 τί
494 2351 688 2404 καὶέν
728 2350 878 2405 πᾶσι
931 2353 1253 2422 μεμύημαι.
1298 2354 1583 2421 Τουτέστι,
1633 2357 1742 2410 Καὶ
1787 2357 1988 2426 ὀλίγοις

413 2436 714 2507 κεχρῆσθαι
747 2435 888 2502 οἶδα,
940 2440 1035 2491 καὶ
1086 2438 1244 2509 λιμὸν
1292 2440 1479 2511 φέρειν
1512 2444 1604 2495 καὶ
1624 2442 1848 2498 ἔνδειαν.
1878 2447 1985 2499 Καὶ

411 2525 817 2593 περισσεύειν,
848 2525 947 2579 καὶ
983 2527 1387 2595 ὑστερεῖσθαι.
1437 2530 1566 2594 Ναὶ,
1603 2532 1769 2602 φησίν
1795 2548 1808 2562 ’
1850 2533 1987 2589 ἀλλά

408 2610 568 2664 τοῦτο
608 2614 708 2666 οὑκ
739 2612 887 2666 ἔστιν
941 2614 1278 2685 ἐπιστήμης,
1316 2614 1505 2689 ὥσπερ
1526 2619 1645 2672 οὐδὲ
1670 2620 1892 2691 ἀρετῆς,
1926 2622 1987 2675 τὸ

409 2697 775 2767 περισσεύειν.
848 2699 961 2752 Καὶ
1030 2700 1235 2772 σφόδρα
1282 2703 1518 2774 ἀρετῆς,
1574 2707 1673 2777 οὐχ
1728 2703 1888 2778 ἦττον
1948 2708 1981 2778 ἢ

409 2785 605 2840 ἐκεῖνο.
634 2785 762 2850 Πῶς
793 2802 809 2852 ;
842 2788 966 2840 Ὅτι
1009 2786 1199 2860 ὥσπερ
1230 2792 1262 2860 ἡ
1307 2793 1638 2862 στενοχωρία
1675 2795 1844 2847 πολλά
1880 2813 1981 2847 πα-

408 2874 741 2943 ρασκευάζει
762 2874 910 2927 κακά
938 2878 1135 2938 ποιεῖν,
1169 2875 1312 2928 οῦτω
1333 2878 1427 2930 καὶ
1451 2881 1484 2948 ή
1520 2879 1826 2952 πλησμονή.

479 2982 546 3052 β’.
582 2981 771 3035 Πολλοὶ
804 2982 911 3052 7&9
928 2982 1187 3047 πολλάκις
1217 2984 1273 3037 ἐν
1294 2984 1524 3059 ἀφθονίᾳ
1557 2988 1856 3058 γενόμενοι,
1889 2993 1985 3062 ρᾳ-

407 3071 693 3144 θυμότεροι
717 3073 983 3143 ἐγένοντο,
1012 3074 1107 3126 καὶ
1128 3074 1227 3128 οὐκ
1252 3074 1496 3144 ἔγνωσαν
1518 3080 1759 3146 ἐνεγκεῖν
1778 3080 1878 3151 τὴν
1894 3083 1983 3133 εύ-

407 3165 645 3236 πραγίαν
665 3179 679 3192 ⁸
714 3164 900 3218 πολλοὶ
935 3166 1196 3230 πολλάκις
1232 3167 1485 3238 ἀφορμὴν
1522 3168 1711 3222 ἔλαϐον
1739 3171 1834 3224 τοῦ
1875 3190 1980 3243 μη-

406 3258 525 3321 κέτι
565 3256 914 3329 ἐργάξεσθαι.
958 3258 1096 3312 Ἀλλ’
1126 3260 1225 3331 οὐχ
1256 3261 1286 3313 ό
1316 3260 1524 3325 Παῦλος
1544 3277 1556 3290 ·
1587 3262 1679 3315 καὶ
1708 3263 1815 3334 γὰρ
1847 3264 1982 3334 λαμ-

407 3350 588 3406 ϐάνων
624 3353 705 3414 εἰς
734 3349 926 3414 ἄλλους
960 3350 1252 3422 ἀνήλισκε,
1287 3353 1384 3406 καὶ
1422 3353 1500 3415 είς
1537 3352 1730 3417 ἀλλους
1772 3355 1979 3408 ἐκένου.

407 3440 582 3495 Τοῦτο
619 3441 676 3495 δέ
708 3443 855 3495 ἐστιν
888 3440 1087 3497 ειδέναι
1128 3442 1310 3507 καλῶς
1356 3443 1659 3515 κεχρῆσθαι
1700 3443 1778 3515 τῷ
1815 3445 1978 3515 ἔχειν.

406 3533 542 3605 Οὐχὶ
579 3532 825 3604 διεχεῖτο,
858 3533 979 3587 οὐδὲ
1006 3533 1221 3605 ἔχαιρεν
1250 3535 1343 3589 ἐπὶ
1373 3538 1439 3605 τῇ
1477 3536 1762 3607 περισσεία
1793 3535 1977 3602 αὑτοῦ,

404 3625 522 3680 ἀλλ’
553 3628 663 3691 τσος
691 3623 760 3699 ἧν
788 3627 845 3680 έν
872 3644 933 3681 τε
961 3627 1160 3699 ἐνδείᾳ,
1187 3627 1245 3682 ἐν
1272 3644 1332 3681 τε
1363 3627 1669 3699 πλησμονῇ,
1696 3626 1819 3681 οὔτε
1842 3629 1980 3681 ἐκεῖ·

407 3717 501 3771 θεν
528 3718 870 3788 πιεζόμενος,
891 3718 1017 3772 οὒτε
1041 3718 1288 3773 ἐντεῦθεν
1307 3718 1693 3789 χαυνούμενος.
1718 3721 1823 3777 Καὶ
1846 3739 1982 3790 χορ-

403 3804 700 3868 τάζεσθαι,
722 3807 906 3877 φησὶν,
934 3803 1070 3860 οῖδα
1088 3806 1187 3860 καί
1213 3805 1451 3873 πεινᾷν,
1476 3808 1570 3861 καί
1598 3812 1981 3877 περισσεύειν

405 3894 507 3948 καὶ
533 3894 932 3962 ὑστερεῖσθαι.
964 3895 1155 3950 Πολλοὶ
1172 3899 1272 3950 οὐκ
1298 3898 1443 3951 ἴσασι
1468 3900 1844 3971 χορτάζεσθαι,
1867 3897 1979 3956 οἷον

405 3986 460 4040 οἱ
498 3986 860 4057 Ἰσραηλίταιο
888 3989 1083 4040 ἐκεῖνοι
1132 3989 1241 4059 7&9
1273 3989 1475 4057 ἔφαγον
1499 4031 1513 4055 ,
1553 3993 1647 4044 καὶ
1690 3993 1980 4047 ἀπελάκτι-

409 4089 530 4129 σαν.
574 4074 711 4128 Ἀλλ’
744 4076 837 4129 ἐπὶ
867 4078 965 4147 τῆς
996 4077 1165 4149 αὐτῆς
1191 4078 1442 4144 εὐταξίας
1499 4081 1609 4150 ἐγὼ
1646 4084 1811 4154 μένω.
1851 4085 1971 4137 Δεί-

408 4183 595 4220 κνυσιν
623 4168 703 4221 ὅτι
730 4165 853 4220 οὕτε
884 4167 979 4220 νῦν
1004 4168 1167 4240 ήσθη,
1202 4168 1325 4222 οὔτε
1348 4172 1608 4244 πρότερον
1628 4175 1895 4229 ἐλυπεῖτο⁹
1929 4179 1977 4230 εί

404 4255 464 4309 δὲ
483 4258 573 4308 καὶ
593 4256 862 4320 ἐλυπεῖτο,
889 4257 988 4309 οὐκ
1007 4257 1172 4310 αὑτοῦ
1200 4258 1406 4325 ἕνεκεν,
1438 4261 1553 4315 ἀλλ’
1575 4263 1754 4317 αὐτῶν
1777 4282 1792 4298 ο
1817 4265 1978 4330 αύτὶς

405 4343 514 4415 7&9
539 4344 738 4415 ὁμοίως
765 4345 1013 4399 διέκειτο.
1050 4347 1154 4401 Ἔν
1177 4350 1378 4416 παντὶ,
1412 4353 1565 4422 φησὶ,
1599 4353 1695 4407 καί
1719 4354 1792 4408 ἐν
1827 4353 1976 4412 πᾶσι

399 4437 724 4505 μεμύημαι.
758 4436 1056 4501 Τουτέστι,
1091 4438 1302 4509 Πεῖραν
1336 4440 1527 4493 ἔλαϐον
1569 4446 1626 4496 ἐν
1674 4445 1750 4514 τῷ
1782 4447 1977 4518 μακρῷ

404 4525 580 4597 τούτῳ
624 4524 773 4599 [512]
810 4528 989 4599 χρόνῳ
1018 4528 1236 4583 πάντων
1258 4569 1274 4595 ,
1323 4532 1418 4585 καὶ
1459 4532 1634 4587 ταῦτά
1683 4553 1772 4605 μοι
1801 4539 1978 4592 πάντα

405 4617 779 4689 κατώρθωται.
823 4619 963 4673 Ἀλλ’
1006 4620 1196 4693 ἐπειδὴ
1232 4622 1601 4696 μεγαληγορία
1646 4626 1706 4679 τὸ
1746 4630 1977 4700 πρᾶγμα

403 4702 495 4781 ἦν,
512 4709 613 4780 ὅρα
632 4710 745 4773 πῶς
765 4711 1187 4783 ἐπιλαμϐάνεται
1212 4714 1440 4786 ταχέως,
1461 4716 1555 4770 καί
1585 4735 1750 4789 φησι·
1774 4720 1978 4775 Πάντα

406 4802 598 4870 ὶσχύω
628 4801 697 4856 ἐν
720 4799 800 4868 τῷ
827 4803 1261 4876 ἐνδυναμοῦντί
1277 4824 1354 4877 με
1379 4809 1627 4877 Χριστῷ,
1654 4812 1833 4880 φησίν.
1866 4815 1978 4866 Οὐκ

407 4891 539 4961 ἐμὸν
574 4891 639 4944 τὸ
666 4892 997 4965 κατόρθωμα
1017 4937 1032 4963 ,
1063 4896 1199 4951 ἀλλά
1228 4898 1323 4951 τοῦ
1359 4899 1458 4971 τήν
1492 4901 1647 4971 ίσχὺν
1687 4901 1979 4968 δεδωκότος

406 4981 574 5036 ἐστίν.
620 4982 759 5036 Ἀλλ’
784 4984 971 5055 ἐπειδὴ
1003 4987 1161 5041 πάλιν
1193 4991 1241 5042 οἱ
1266 4986 1325 5044 εὖ
1358 4990 1655 5057 ποιοῦντες,
1685 4991 1811 5047 ὅταν
1850 4995 1977 5049 ἴδω-

408 5088 494 5125 σιν
529 5073 589 5126 ού
622 5072 990 5145 διατιθέμενον
1019 5071 1079 5129 εὖ
1112 5078 1202 5130 τὸν
1229 5078 1575 5149 λαμϐάνοντα
1596 5121 1612 5147 ,
1649 5083 1784 5135 ἀλλά
1812 5100 1979 5138 κατα-

408 5162 707 5234 φρονοῦντα
724 5164 830 5218 τῶν
843 5165 1151 5236 δ.δομένων,
1176 5167 1528 5241 ρᾳθυμότεροι
1550 5172 1805 5240 γίνονται·
1828 5176 1979 5228 αὐτοὶ

406 5255 518 5326 7&9
547 5255 622 5323 ὡς
663 5257 1007 5329 χαριζόμενοι
1042 5259 1299 5313 διέκειντο
1326 5262 1420 5314 καὶ
1456 5264 1827 5331 ἀναπαύοντες
1847 5285 1860 5298 ·
1894 5268 1980 5321 ἵνα

406 5340 502 5399 οὖν
538 5346 614 5416 μὴ
638 5347 794 5401 τοῦτο
822 5350 1067 5420 γένηται,
1095 5351 1227 5423 μηδέ
1255 5368 1339 5415 τις
1360 5353 1506 5428 εἴπῃ,
1534 5355 1788 5411 ὅτιἘπεὶ
1809 5376 1979 5413 κατα-

408 5441 598 5508 φρονεῖ
647 5439 744 5508 τῆς
791 5440 1150 5506 ἀναπαύσεως
1202 5442 1441 5508 Παῦλος,
1498 5446 1709 5518 ἀνάγκη
1758 5450 1978 5513 τούτους

411 5527 816 5600 ρᾳθυμοτέρους
847 5533 1129 5599 γενέσθαιο
1175 5535 1277 5605 ὅρα
1319 5535 1434 5600 πῶς
1480 5537 1639 5592 πάλιν
1683 5541 1776 5592 καὶ
1822 5540 1979 5594 τοῦτο

413 5618 578 5672 ἰᾶται.
624 5621 721 5671 Διᾶι
752 5620 849 5689 μὲν
888 5621 997 5692 7&9
1026 5623 1134 5675 τῶν
1166 5624 1471 5695 εἰρημένων
1502 5627 1562 5680 τὸ
1588 5628 1842 5699 φρόνημα
1875 5631 1970 5683 αύ-

412 5704 521 5762 τῶν
566 5708 871 5764 κατέσπασε
899 5727 911 5742 ο
967 5711 1056 5766 διὰ
1097 5712 1154 5766 δὲ
1205 5714 1314 5768 τῶν
1353 5715 1478 5785 ἑξῆς
1522 5717 1619 5788 τήν
1674 5719 1977 5791 προθυμίαν

1170 334 1222 389 S.
1258 332 1544 389 JOANNIS
1580 331 2062 391 CHRYSOSTOM!
2101 334 2416 392 ARCHIEP.
2456 335 2998 397 CONSTAN'I‘INOP.

2108 448 2291 503 αὐτῶν
2321 448 2524 521 ἀναζῇν
2569 452 2731 515 ποιεῖ,
2763 451 2935 519 λέγων
2962 470 2976 485 ·
3022 455 3196 521 Πλὴν
3237 456 3438 524 καλῶς
3476 459 3682 530 ἐποιή-

2109 556 2256 594 σατε
2282 541 2884 610 συγ-κοινωνήσαντες
2903 563 3024 613 μου
3045 544 3118 613 τῇ
3140 548 3360 616 θλίψει.
3397 549 3562 621 Ὁρᾷς
3591 554 3685 605 καὶ

2109 630 2227 692 πῶς
2256 631 2560 700 ἀπέστησεν
2585 634 2794 700 ἐαυτὸν,
2819 637 2918 689 καὶ
2943 637 3060 699 πῶς
3090 638 3251 691 πάλιν
3276 640 3455 708 ἥνωσε
3475 658 3492 707 ;
3515 641 3686 694 Τοῦτο

2108 720 2335 789 γνησίας
2357 721 2540 789 φιλίας
2563 725 2678 776 ἐστὶ
2701 725 2796 778 καὶ
2813 728 3210 798 πνευματικῆς.
3236 728 3325 799 Μὴ
3342 733 3451 800 γάρ
3471 735 3568 784 ἐπε
3579 732 3679 801 ιδὴ,

2109 810 2295 879 φησὶν,
2332 814 2391 864 ὲν
2429 816 2588 886 χρείᾳ
2615 816 2677 868 ού
2706 817 3043 888 καθέστηκα,
3070 821 3327 891 νομίσητε
3367 823 3440 892 μὴ
3474 822 3684 876 δεῖσθαί

2110 918 2176 969 με
2216 902 2309 955 τοῦ
2341 906 2665 975 πράγματος
2688 923 2703 937 ·
2734 908 2928 977 δέομαι
2966 911 3035 963 δι’
3065 912 3230 980 ὑμᾶς.
3270 912 3391 975 Πῶς
3420 909 3515 967 οὗν
3541 916 3684 966 ἐκοι-

2105 989 2352 1062 νώνησαν
2381 994 2529 1059 αὐτῷ
2558 995 2666 1049 τῶν
2703 996 2969 1067 θλίψεωνς
3011 1001 3111 1054 Διά
3141 1002 3332 1055 τούτου
3352 1019 3367 1034 ο
3408 1005 3546 1073 ὅπερ
3588 1007 3683 1059 καὶ

2103 1082 2472 1155 δεσμούμενος
2498 1087 2670 1157 ἔλεγε,
2697 1092 3145 1159 Συγκοινωνούς
3159 1112 3280 1164 μου
3300 1094 3414 1162 τῆς
3444 1095 3681 1164 χάριτος

2103 1174 2335 1242 πάντας
2379 1178 2555 1245 ὑμᾶς.
2591 1181 2765 1252 Χάρις
2796 1183 2905 1254 γάρ
2936 1184 3054 1237 ἐστι
3086 1185 3147 1238 τὸ
3180 1186 3375 1241 παθεῖν
3406 1189 3546 1260 ὑπὲρ
3585 1188 3680 1247 τοῦ

2103 1264 2339 1335 Χριστοῦ
2361 1306 2374 1327 ,
2410 1267 2487 1332 ὥς
2516 1287 2619 1323 που
2649 1272 2745 1326 καὶ
2781 1275 2942 1339 αὐτός
2970 1293 3166 1347 φησιν⁹
3213 1279 3345 1334 ὀτι
3375 1282 3519 1351 ὑμῖν
3543 1285 3680 1355 ἐχα-

2094 1355 2277 1423 ρίσθη
2296 1357 2415 1411 ἀπὸ
2443 1361 2609 1425 Θεοῦ,
2638 1365 2712 1417 οὐ
2722 1367 2913 1433 μόνον
2944 1366 3010 1420 τὸ
3031 1368 3118 1434 εις
3139 1370 3326 1424 αὐτὸν
3345 1375 3676 1439 πιστεύειν,

2100 1443 2263 1498 ἀλλὰ
2301 1447 2395 1500 καί
2440 1448 2507 1502 τὸ
2550 1450 2700 1520 ὑπὲρ
2750 1455 2936 1508 αὐτοῦ
2974 1455 3257 1526 πάσχειν.
3303 1461 3523 1533 Ἐπειδὴ
3568 1464 3680 1536 γάρ

2100 1532 2283 1587 ἐκεῖνα
2326 1539 2637 1610 καταμόνας
2684 1542 2949 1613 λεγόμενα
2992 1546 3228 1617 ἀλγῆσαι
3278 1551 3476 1615 αὐτοὺς
3513 1532 3678 1608 ίκανά

2100 1620 2189 1695 ἦν,
2224 1627 2311 1680 διὰ
2335 1628 2492 1683 τοῦτο
2525 1630 2815 1703 θεραπεύει
2853 1636 2948 1689 καὶ
2985 1637 3311 1710 ἀποδέχεται
3344 1642 3439 1695 καὶ
3463 1645 3681 1699 ἐπαινεῖ

2100 1712 2278 1778 πάλιν,
2312 1718 2405 1769 καὶ
2441 1717 2600 1772 τοῦτο
2634 1725 3087 1795 μεμετρημένως.
3118 1728 3192 1781 Ού
3219 1729 3327 1801 γάρ
3354 1726 3475 1784 εἷπε
3498 1773 3514 1797 ,
3547 1734 3679 1787 Δόν-

2099 1818 2209 1865 τες,
2240 1804 2405 1868 ἀλλὰ,
2441 1810 3065 1882 Συγκοινωνήσαντες,
3100 1818 3313 1884 δεικνὺς
3340 1822 3539 1886 αὐτοὺς
3578 1827 3681 1880 καὶ

2098 1895 2481 1963 κερδάναντας,
2505 1900 2559 1952 εἴ
2581 1918 2644 1969 γε
2665 1904 2773 1955 τῶν
2799 1905 2975 1960 ἄθλων
2994 1908 3239 1976 ἐγένοντο
3264 1914 3531 1971 κοινωνοί.
3556 1916 3678 1971 οὐκ

2097 1979 2267 2041 εἶπεν.
2303 1984 2788 2058 Ἐπικουφίσαντές
2820 2012 2922 2064 μου
2958 1996 3057 2059 τὰς
3088 1998 3314 2068 θλίψεις,
3338 2002 3493 2069 ἀλλά,
3513 2008 3680 2075 Συγ-

2096 2075 2576 2146 κοινωνήσαντές
2613 2099 2735 2150 μου
2790 2083 2866 2153 τῇ
2909 2089 3141 2156 θλίψει,
3188 2093 3325 2165 ὅπερ
3359 2088 3431 2165 ἦν
3477 2096 3682 2167 σεμνό-

2092 2179 2270 2234 τερον.

2178 2259 2338 2331 Ὀρᾷς
2365 2262 2426 2313 τὸ
2454 2263 2705 2317 ταπεινὸν
2734 2264 2947 2319 Παύλου
2971 2284 2985 2333 ;
3014 2270 3145 2341 ὁρᾷς
3167 2271 3229 2325 τὸ
3253 2273 3508 2341 εύγενές;
3535 2275 3676 2334 Ὅτε

2093 2348 2290 2416 ἔδειξεν
2317 2351 2470 2405 οὐδὲν
2507 2352 2762 2424 δεόμενον
2795 2355 2903 2410 τῶν
2932 2360 3062 2429 παρ’
3104 2361 3327 2416 ἐκείνων
3356 2363 3525 2418 αὑτοῦ
3550 2368 3677 2423 ἐνε-

2093 2456 2207 2505 κεν,
2255 2441 2373 2494 τότε
2414 2442 2598 2498 λοιπὸν
2639 2445 2810 2507 ἀδεῶς
2840 2448 2934 2500 καὶ
2960 2452 3192 2505 ταπεινὰ
3237 2453 3534 2524 φθέγγεται
3566 2461 3672 2530 ῥή-

2103 2547 2267 2599 ματα,
2291 2533 2381 2584 καὶ
2415 2532 2558 2605 άπερ
2582 2536 2630 2588 οί
2663 2537 3081 2607 προσαιτοῦντες
3107 2542 3377 2611 λέγουσιν,
3424 2549 3518 2611 Ὧς
3548 2550 3675 2614 ἔθος

2091 2619 2234 2691 ἔχεις
2272 2623 2490 2679 διδόναι.
2534 2626 2704 2679 Οὐδὲν
2745 2627 2855 2699 γάρ
2895 2636 3241 2700 παραιτεῖται
3284 2636 3408 2689 οὔτε
3448 2643 3628 2693 ποιεῖν
3651 2681 3670 2707 ,

2086 2710 2212 2765 οὔτε
2243 2712 2441 2782 λέγειν.
2470 2717 2606 2787 πρὸς
2636 2719 2696 2772 τὸ
2728 2721 2909 2790 μόνον,
2941 2723 2970 2776 δ
2997 2723 3267 2794 βούλεται,
3298 2730 3673 2801 κατορθῶσαι.

2092 2802 2157 2857 Τί
2204 2805 2261 2858 δὲ
2290 2805 2451 2860 τοῦτό
2489 2810 2641 2876 ἐστι;
2670 2810 2765 2882 Μὴ
2799 2813 3059 2886 νομίσητε
3081 2856 3097 2880 ,
3129 2819 3330 2889 φησὶν,
3378 2822 3675 2893 ἀναισχυν-

2087 2895 2208 2960 τίας
2233 2893 2371 2950 εἶναι
2402 2899 2469 2952 τά
2500 2901 2739 2971 ῥήματα,
2770 2903 2833 2957 τὸ
2864 2907 3135 2973 ἐγκαλεῖν,
3164 2911 3255 2962 καὶ
3280 2910 3481 2981 λέγειν,
3513 2914 3673 2985 Ἤδη

2089 2986 2234 3039 ποτὲ
2277 2988 2634 3055 ἀνεθάλετε,
2666 2993 2760 3046 καὶ
2807 2994 2903 3049 τοῦ
2936 2999 2995 3052 ἐν
3042 3000 3202 3072 χρεία
3239 2996 3377 3057 εἶναι
3399 3021 3416 3035 ·
3452 3005 3514 3059 οὐ
3557 3008 3676 3080 γάρ

2087 3077 2340 3149 δεόμενος
2365 3081 2537 3136 ταῦτα
2557 3083 2722 3154 λέγω,
2758 3086 2893 3142 ἀλλά
2920 3089 3013 3154 τίς
3055 3090 3150 3144 Ἐκ
3176 3092 3270 3146 τοῦ
3300 3095 3507 3168 σφόδρα
3532 3077 3675 3171 039v-

2090 3170 2205 3239 ῥεῖν
2243 3172 2371 3241 ὑμῖν
2396 3189 2409 3204 ο
2446 3174 2540 3227 καὶ
2580 3176 2770 3230 τούτου
2818 3179 2874 3232 δὲ
2910 3179 3069 3252 ὑμεῖς
3103 3182 3286 3242 αἴτιοι.
3331 3185 3494 3259 Ὁρᾷς
3544 3170 3673 3255 πῶς

2092 3264 2288 3326 αὐτοὺς
2318 3264 2631 3336 θεραπεύει,
2651 3270 2744 3324 καὶ⁸
2774 3272 2890 3337 πῶς
2906 3290 3090 3345 φησιν,
3122 3274 3309 3347 Ὑμεῖς
3340 3279 3525 3347 αἴτιοι,
3557 3283 3677 3352 πρὸ

2087 3354 2195 3407 τῶν
2220 3355 2392 3409 ἄλλων
2422 3359 2862 3432 ἐπιπηδήσαντες
2887 3363 2965 3434 τῷ
2994 3367 3299 3437 πράγματι,
3335 3371 3427 3424 καὶ
3448 3373 3680 3445 παρρη-

2089 3446 2209 3499 σίαν
2247 3447 2377 3517 ἡμῖν
2409 3448 2589 3513 δόντες
2618 3451 2760 3523 ὑπὲρ
2788 3453 2897 3507 τῶν
2931 3455 3185 3511 τοιούτων
3228 3459 3675 3533 ὑπομιμνήσκειν

2087 3534 2267 3606 ύμᾶςς
2318 3539 2428 3590 Καὶ
2456 3539 2554 3593 θέα
2586 3540 2648 3594 τὸ
2696 3544 2927 3614 σεμνόνσ
2973 3547 3048 3618 μὴ
3092 3547 3371 3620 πέμπουσι
3429 3552 3529 3624 μὲν
3563 3555 3675 3610 οὐκ

2087 3625 2338 3694 ἐγκαλεῖ,
2375 3628 2460 3681 ἵνα
2504 3630 2579 3702 μὴ
2608 3631 2731 3704 δόξῃ
2760 3633 2820 3687 τὸ
2857 3635 3052 3690 ἐαυτοῦ
3083 3637 3401 3707 θεραπεύειν
3422 3656 3439 3672 ·
3471 3642 3676 3717 ἐπειδὴ

2085 3717 2141 3771 δὲ
2169 3718 2451 3790 ἔπεμψαν,
2480 3724 2599 3775 τότε
2628 3726 2961 3797 ἐπετίμησεν
2992 3728 3132 3801 ὑπὲρ
3167 3731 3260 3784 τοῦ
3297 3733 3676 3804 παρελθόντος

2086 3809 2299 3888 χρόνου,
2339 3812 2435 3865 καὶ
2463 3813 2699 3883 ἤνεγκαν
2726 3831 2738 3842 ο
2771 3815 2955 3869 λοιπὸν
2987 3816 3140 3890 [315]
3166 3819 3274 3892 γάρ
3296 3822 3396 3876 οὐκ
3421 3821 3485 3876 ἂν
3513 3824 3673 3892 ἔδοξε

2085 3900 2145 3953 τὸ
2177 3899 2341 3954 αὑτοῦ
2381 3901 2722 3972 θεραπεύειν.
2751 3907 2979 3970 Οἴδατε,
3019 3910 3175 3980 φησὶ,
3212 3911 3313 3965 καί
3346 3913 3531 3982 ὑμεῖς,
3565 3917 3635 3968 Φι
3656 3947 3675 3958 ο

2081 3991 2435 4058 λιππήσιοι,
2486 3993 2575 4048 ὅτι
2624 3996 2696 4048 ἐν
2743 3996 2902 4067 ἀρχῇ
2960 3999 3066 4054 τοῦ
3121 4003 3508 4073 εὐαγγελίου,
3559 4006 3673 4061 ὅτε

2081 4080 2347 4149 ἐξῆλθον
2360 4084 2477 4137 ἀπὸ
2498 4085 2892 4153 Μακεδονίας.
2921 4088 3172 4158 οὐδεμία
3188 4110 3292 4161 μοι
3332 4094 3671 4164 Ἐκκλησία

2082 4172 2490 4242 ἐκοινώνησεν
2512 4179 2599 4241 είς
2618 4178 2803 4247 λόγον
2823 4178 3049 4246 δόσεως
3070 4183 3169 4236 καί
3201 4182 3465 4252 λήψεως,
3489 4190 3542 4240 ει
3566 4189 3667 4256 μὴ

2083 4263 2254 4333 ὑμεῖς
2279 4267 2476 4334 μόνοι.
2506 4266 2696 4334 Βαϐαὶ,
2728 4269 2910 4339 ἡλίκον
2938 4271 3000 4324 τὸ
3032 4273 3343 4344 ἐγκώμιονῐ
3373 4276 3429 4329 εἴ
3453 4293 3517 4343 γε
3551 4279 3672 4332 Κο-

2085 4356 2278 4426 ρίνθιοι
2321 4360 2421 4427 μὲν
2452 4360 2516 4413 ἐκ
2565 4359 2658 4414 τοῦ
2694 4361 2912 4416 ἀκούειν
2960 4364 3146 4418 ἐκεῖνα
3184 4368 3313 4438 παρ’
3361 4369 3526 4421 αὐτοῦ
3560 4370 3668 4422 καὶ

2096 4448 2352 4520 Ῥωμαῖοι
2394 4453 2815 4525 προτρέπονται,
2850 4447 2995 4509 οὗτοι
3024 4456 3081 4509 δὲ
3121 4459 3377 4530 ούᾶμιᾶς
3423 4460 3669 4534 Ἐκκλη-

2084 4541 2205 4604 σίας
2244 4540 2556 4614 ἀρξαμένης
2591 4544 2878 4618 (καὶγὰρ,
2927 4549 3031 4601 Ἐν
3065 4549 3226 4619 ἀρχῇ
3256 4551 3364 4605 τοῦ
3396 4554 3674 4623 30am-

2082 4632 2254 4695 λίου,
2293 4634 2494 4703 φησὶ),
2524 4636 2789 4707 τοσαύτην
2828 4639 2955 4710 περὶ
3003 4639 3094 4693 τὸν
3123 4640 3278 4709 ἀγιον
3313 4641 3673 4707 ἐπεδείξαντο

2085 4722 2339 4793 σπουδὴν,
2373 4723 2448 4787 ὡς
2482 4726 2617 4797 μηδὲ
2650 4727 3000 4797 παράδειγμα
3041 4729 3289 4799 ἔχοντες,
3321 4732 3476 4785 αὐτοὶ
3502 4736 3673 4805 πρῶκ

2083 4832 2164 4868 τοι
2211 4814 2310 4882 τῆς
2358 4817 2737 4888 καρποφορίας
2787 4817 3056 4887 ἄρξασθαι
3103 4822 3329 4893 ταύτης.
3388 4824 3500 4877 Καὶ
3555 4826 3669 4881 οὐκ

2084 4906 2229 4960 ἐστιν
2266 4910 2470 4973 εἰπεῖν,
2510 4896 2594 4962 ότι
2640 4911 3008 4981 παραμένοντι
3038 4912 3189 4984 αὐτῷ
3220 4915 3340 4967 οὐδὲ
3372 4915 3483 4971 τῶν
3514 4916 3666 4986 πρὸς

2084 4999 2279 5062 αὐτοὺς
2314 4999 2511 5052 ἕνεκεν
2538 4998 2709 5054 ταῦτα
2741 5001 2954 5056 ἐποίουν
2974 5019 2990 5035 ο
3044 5002 3183 5058 "Ore
3215 5003 3480 5075 ἐξῆλθον
3511 5008 3621 5078 7&9
3642 5048 3667 5073 ,

2084 5092 2277 5162 φησὶν,
2317 5091 2436 5146 ἀπὸ
2473 5092 2878 5160 Μακεδονίας,
2903 5094 3150 5162 οὐδεμία
3179 5114 3281 5166 μοι
3323 5099 3673 5168 Ἐκκλησιά

2082 5180 2483 5251 ἐκοινώνησεν
2505 5188 2592 5247 εις
2617 5184 2804 5254 λόγον
2832 5185 3058 5255 δόσεως
3080 5192 3178 5243 καὶ
3199 5190 3463 5259 λήψεως,
3490 5196 3544 5247 εί
3567 5196 3670 5265 μὴ

2083 5274 2251 5343 ὑμεῖς
2270 5276 2466 5344 μόνοι.
2505 5276 2569 5327 Τί
2599 5275 2736 5339 ἐστι,
2767 5277 3054 5347 Λήψεωςς
3078 5281 3130 5333 τί
3157 5281 3213 5335 δέ
3238 5283 3417 5345 ἐστιν,
3465 5286 3672 5339 Ἐκοι-

2082 5364 2353 5431 νώνησε;
2384 5364 2470 5419 διά
2498 5366 2550 5418 τί
2578 5365 2652 5436 μὴ
2682 5363 2836 5421 εἶπεν
2856 5408 2871 5432 ,
2905 5369 2987 5423 ὅτι
3023 5372 3258 5442 Οὐδεμία
3297 5391 3386 5441 μοι
3426 5373 3673 5445 Ἐκκλη-

2085 5457 2175 5511 σία
2210 5457 2425 5522 Ξδωκεν,
2456 5456 2591 5521 ἀλλ’,
2638 5461 3069 5529 Ἐλιοινώνησεν
3106 5465 3193 5530 εἰς
3219 5467 3406 5534 λόγον
3428 5465 3671 5533 δόσεως·

2084 5547 2181 5603 καὶ
2222 5548 2503 5617 λήψεως
2556 5551 2825 5605 Κοινωνία
2858 5556 2966 5621 γὰρ
3002 5554 3062 5607 τὸ
3102 5558 3335 5626 πρᾶγμά
3369 5557 3533 5612 ἐστιν.
3588 5564 3668 5615 Et

2084 5638 2193 5710 γὰρ
2221 5641 2390 5710 ἡμεῖς
2424 5641 2494 5695 τὰ
2530 5641 2898 5711 πνευματικὰ
2937 5646 3108 5713 ὑμῖν,
3144 5647 3338 5715 φησὶν,
3375 5647 3663 5719 ἐσπειρα-

2080 5750 2216 5802 μεν,
2253 5733 2308 5786 τί
2333 5732 2506 5803 μέγα,
2543 5736 2595 5787 εί
2634 5733 2803 5803 ἡμεῖς
2828 5734 2900 5789 τὰ
2936 5739 3189 5804 σαρκικὰ
3228 5737 3395 5807 ὑμῶν
3418 5740 3662 5814 θερίσρο
