4044 6202
303 284 407 341 98']

310 405 492 464 multis
523 399 654 457 locis
697 397 1103 468 prmdlcantem,
1143 400 1197 447 et
1236 400 1546 461 operantem
1581 408 1594 447 :
1649 386 1897 456 Occupoti

308 499 443 554 citius
481 492 636 549 eratis
660 532 676 556 ,
717 489 908 560 inqttit.
943 485 1079 554 Quid
1113 494 1216 549 est,
1264 483 1514 552 Occupati
1556 482 1706 536 eratis
1729 481 1753 533 ?
1779 479 1895 534 Non

308 592 382 656 id,
416 586 612 658 inquit,
642 592 836 638 vestra:
864 576 1204 649 negligentia:
1232 584 1369 641 erat,
1396 574 1490 630 sed
1517 571 1850 631 necessitatis
1882 591 1895 627 :

310 698 422 738 non
448 680 595 735 enim
644 672 925 730 habebatis
951 672 1003 726 in
1038 670 1319 733 manibus,
1355 682 1459 723 non
1502 665 1895 731 ahundabatis;

311 775 417 829 hoc
441 771 588 826 enim
612 766 876 839 signiﬁcat
903 762 1048 827 illud,
1081 762 1329 831 Occupati
1352 770 1520 816 autem
1540 759 1711 814 eratis.
1736 757 1899 828 quue

311 884 376 923 ex
402 861 675 919 communi
699 856 950 928 loquendi
971 853 1358 910 consuetudine
1381 852 1584 922 accepit
1609 869 1621 905 :
1652 850 1722 904 ita
1754 851 1897 907 enim

315 957 554 1029 plerique
576 953 783 1014 dicunt,
807 964 928 1003 cum
957 961 1065 1004 non
1089 946 1188 1002 sibi
1215 945 1345 1001 satis
1370 943 1544 1013 ampla
1568 955 1653 998 res
1678 949 1780 1006 est,
1804 939 1899 995 sed

318 1051 367 1103 in
382 1044 645 1117 angustiis
658 1048 957 1098 versantur.
974 1034 1097 1092 Non
1115 1036 1254 1107 quasi
1276 1042 1480 1104 propter
1492 1033 1751 1103 penuriam
1763 1030 1896 1084 dico.

316 1141 462 1204 Dixi,
482 1138 672 1209 inquit,
688 1132 976 1203 Aliquando
1003 1130 1225 1193 tandem,
1249 1142 1451 1198 vosque
1468 1124 1772 1196 objurgavi;
1794 1138 1901 1177 non

317 1230 457 1303 quod
480 1244 593 1285 rem
618 1241 794 1283 meam
817 1236 1135 1294 quaererem,
1152 1236 1326 1292 neque
1353 1217 1493 1289 quod
1524 1230 1769 1287 egerem;
1796 1229 1900 1268 non

319 1324 457 1379 enim
475 1328 760 1392 propterea
783 1313 1109 1386 quaerebam.
1133 1310 1237 1368 Sed
1255 1308 1394 1365 unde
1414 1308 1686 1373 ostendes,
1714 1304 1905 1369 Paule,

320 1425 369 1470 te
396 1429 502 1468 non
523 1410 804 1483 magnifice
826 1405 1003 1476 loqui?
1019 1401 1309 1460 Corinthiis
1326 1402 1538 1473 quidem
1554 1399 1626 1454 ita
1648 1398 1858 1453 dicebat
1887 1413 1901 1449 :

322 1502 442 1558 Non
460 1502 593 1557 enim
605 1499 711 1554 alia
722 1497 990 1554 scribimus
1007 1496 1321 1566 vobis,quam
1338 1508 1451 1563 qua:
1467 1491 1740 1562 lcgitis,aut
1754 1489 1908 1543 etiam

320 1591 620 1663 cognoscitis
645 1588 720 1661 (2.
742 1587 861 1642 Cor.
887 1588 937 1641 1.
960 1586 1072 1655 l5).
1100 1587 1272 1655 Atque
1296 1583 1411 1639 istis
1430 1582 1589 1637 etiam
1610 1595 1713 1634 non
1739 1579 1809 1632 ita
1828 1577 1906 1631 di-

318 1683 559 1746 cebat,ut
580 1679 748 1735 refelli
765 1687 965 1749 posset.
989 1674 1104 1730 Non
1120 1675 1296 1746 igitur,
1317 1672 1364 1728 si
1380 1688 1438 1729 se
1455 1671 1733 1741 magniﬁce
1749 1670 1909 1740 jacta-

319 1789 381 1829 re
407 1772 688 1834 voluisset,
728 1771 844 1826 haec
869 1767 1101 1831 diceret;
1132 1764 1271 1835 apud
1299 1780 1392 1820 eos
1416 1763 1559 1819 enim
1582 1762 1669 1832 qui
1716 1767 1911 1815 norant

323 1864 563 1927 dicebat,
590 1862 680 1915 ubi
707 1860 865 1915 etiam
890 1858 1040 1928 argui
1073 1857 1281 1929 turpius
1311 1854 1515 1910 fuisset.
1542 1853 1651 1925 Ego
1671 1852 1804 1907 enim
1830 1851 1909 1904 di-

330 1955 459 2021 dici,
490 1954 679 2020 inquit,
706 1953 756 2005 in
783 1949 965 2021 quibus
988 1965 1124 2012 sum,
1152 1948 1398 2019 stt/ﬁciens
1427 1962 1551 2001 esse.
1583 1944 1726 2015 Ergo
1753 1941 1912 1997 disci-

335 2047 497 2116 plinae
536 2059 620 2099 res
657 2051 734 2098 est
758 2052 812 2099 et
848 2040 1247 2099 exercitationis
1288 2050 1343 2095 et
1384 2056 1570 2096 curae:
1616 2054 1725 2093 non
1768 2038 1909 2093 enim

328 2135 502 2191 facilis
531 2143 612 2188 est
637 2132 702 2187 ad
745 2130 1201 2202 consequendum,
1231 2129 1327 2186 sed
1374 2129 1530 2185 valde
1565 2127 1817 2195 difﬁcilis,
1850 2143 1913 2184 ac

327 2231 500 2283 multo
524 2241 646 2281 cum
683 2226 868 2282 labore
896 2224 1204 2295 conjuncta.
1244 2221 1313 2278 In
1341 2223 1519 2294 quibus
1546 2238 1675 2287 sum,
1718 2222 1910 2292 inquit,

327 2319 577 2390 suﬁciens
604 2334 747 2372 esse:
775 2317 880 2370 scio
909 2326 954 2370 et
981 2314 1267 2382 humiliari,
1290 2314 1394 2368 scio
1420 2322 1463 2368 et
1486 2312 1743 2367 abundare
1765 2331 1781 2366 :
1802 2313 1915 2366 ubi-

325 2429 422 2483 que
448 2422 493 2465 et
536 2411 590 2463 in
617 2408 848 2463 omnibus
885 2407 1143 2461 institutus
1178 2422 1313 2460 sum.
1364 2404 1421 2459 ld
1455 2412 1575 2470 est,
1617 2403 1684 2457 Et
1733 2401 1914 2472 paucis

327 2512 616 2558 contentus
641 2514 760 2557 esse
786 2500 919 2574 scio,
947 2507 1001 2553 et
1038 2496 1234 2553 famem
1257 2497 1396 2552 ferre
1425 2504 1478 2551 et
1506 2502 1817 2566 egestatem.
1851 2491 1917 2546 Et

329 2594 613 2659 abundare,
641 2602 689 2647 et
713 2607 878 2664 egere.
899 2589 1013 2659 Nae,
1038 2589 1278 2660 inquies;
1307 2587 1400 2644 sed
1423 2587 1524 2643 hoc
1544 2588 1778 2643 scientia:
1808 2601 1914 2642 non

332 2698 413 2747 est
439 2702 619 2760 neque
647 2684 892 2754 virtutis,
918 2676 1212 2741 abundare.
1257 2680 1370 2740 lmo
1395 2695 1524 2739 vero
1552 2680 1779 2739 maxime
1809 2678 1919 2737 vir-

336 2782 465 2837 tutis
484 2789 590 2847 est,
621 2795 723 2835 nec
750 2778 928 2834 minus
948 2793 1104 2848 quam
1130 2775 1280 2832 illud.
1301 2776 1614 2845 Quomodo?
1636 2775 1916 2845 Quoniam,

335 2869 786 2941 quemadmodum
813 2877 1022 2939 egestas
1066 2867 1135 2922 ad
1171 2867 1337 2923 multa
1379 2869 1516 2923 mala
1558 2867 1800 2923 facienda
1827 2867 1921 2923 ade

340 2963 507 3029 ducit,
536 2962 609 3016 ita
635 2969 688 3016 et
717 2959 1061 3016 abundantia.

408 3054 464 3109 2.
508 3053 659 3108 Multi
702 3054 846 3108 enim
872 3067 1035 3122 saepe,
1067 3066 1186 3107 cum
1214 3052 1280 3107 ad
1309 3051 1447 3107 hanc
1472 3066 1654 3107 rerum
1697 3050 1924 3106 afﬂuen-

347 3146 471 3200 tiam
501 3144 904 3215 pervenissent,
931 3143 1186 3199 socordes
1227 3144 1348 3199 facti
1396 3152 1563 3212 sunt,
1600 3145 1925 3215 prosperita-

347 3247 561 3306 temque
587 3234 730 3290 ferre
764 3235 1074 3291 nescierunt
1106 3253 1118 3288 :
1151 3234 1331 3289 multis
1356 3250 1539 3290 rerum
1578 3236 1732 3306 copia
1774 3250 1928 3292 occa-

348 3330 552 3383 sionem
579 3327 825 3383 cessandi
853 3326 1022 3383 dedit.
1072 3326 1188 3383 Non
1230 3328 1301 3383 ita
1344 3326 1585 3384 Paulus:
1635 3344 1756 3384 nam
1806 3344 1929 3385 cum

350 3417 642 3489 acciperet,
674 3417 729 3473 in
764 3417 898 3473 alios
928 3417 1236 3474 insumebat
1259 3426 1313 3473 et
1336 3418 1663 3476 effundebat.
1697 3420 1809 3476 Hoc
1837 3436 1931 3475 au-

352 3518 458 3565 tem
480 3517 567 3564 est
594 3508 735 3564 scire
763 3508 839 3564 uti
880 3524 942 3564 re
981 3523 1096 3564 sua.
1127 3508 1244 3564 Non
1274 3509 1580 3566 remittebat
1606 3511 1931 3583 diligentiam

351 3616 525 3668 suam,
553 3615 660 3655 non
684 3598 753 3656 de
771 3600 1093 3657 abundantia
1122 3615 1220 3657 sua
1242 3601 1541 3670 l:etabatur,
1565 3601 1660 3658 sed
1686 3601 1931 3657 eumdem

353 3706 410 3745 se
438 3690 727 3762 praestabat
774 3690 829 3745 in
868 3700 1104 3762 egestate
1132 3699 1186 3745 et
1213 3690 1567 3759 abundantia,
1608 3690 1936 3763 neqneinde

355 3796 665 3854 oppressus,
687 3797 861 3853 neque
880 3780 1005 3837 hinc
1026 3781 1262 3837 inﬂatus.
1284 3781 1422 3849 Scio,
1453 3782 1645 3853 inquit,
1673 3795 1719 3837 et
1738 3783 1933 3850 satiari,

356 3882 401 3926 et
428 3874 652 3938 esurire;
678 3881 726 3926 et
746 3871 1025 3938 abundare,
1052 3881 1099 3927 et
1126 3873 1390 3942 penuriam
1430 3874 1558 3944 pati.
1608 3873 1752 3928 Multi
1784 3885 1928 3940 sunt,

356 3963 444 4031 qui
476 3961 727 4016 nesciunt
770 3961 1021 4027 saturari,
1052 3961 1498 4032 quemadmodum
1546 3962 1834 4030 lsraelitm;
1865 3963 1939 4020 illi

361 4051 500 4105 enim
528 4051 907 4116 comedebant,
933 4058 986 4106 ct
1011 4052 1361 4107 calcitrabant
1381 4051 1557 4127 (Deut.
1579 4053 1668 4109 52.
1693 4053 1807 4124 15).
1834 4055 1941 4110 Sed

361 4143 627 4209 eamdem,
664 4142 854 4214 inquit,
882 4143 1306 4199 moderationem
1360 4160 1424 4200 ac
1459 4144 1714 4205 decorum
1760 4162 1939 4203 servo.

360 4235 608 4291 Ostendit
635 4250 807 4305 neque
831 4251 973 4291 nunc
1000 4252 1059 4292 se
1086 4238 1438 4309 voluptatem,
1468 4254 1641 4310 neque
1667 4249 1822 4297 antea
1847 4240 1944 4296 do-

360 4326 529 4382 lorem
557 4326 788 4396 cepisse,
839 4334 932 4382 aut
959 4327 1004 4382 si
1045 4328 1270 4399 ceperit,
1320 4344 1425 4384 non
1469 4345 1566 4385 sua
1616 4331 1821 4402 ipsius,
1848 4333 1943 4389 sed

361 4416 603 4487 ipsorum
629 4430 824 4473 causa:
858 4417 973 4489 ipse
997 4419 1192 4491 quippe
1218 4420 1406 4475 eodem
1428 4436 1486 4476 se
1507 4420 1735 4477 habebat
1761 4423 1941 4479 modo.

366 4510 563 4581 Ubique
599 4512 733 4566 enim
757 4553 771 4576 ,
802 4521 847 4567 et
878 4513 931 4567 in
957 4512 1187 4567 omnibus
1212 4513 1469 4569 institutus
1495 4531 1627 4570 sunt.
1657 4514 1715 4570 Id
1740 4524 1857 4584 est,
1890 4516 1945 4572 lu

362 4602 464 4657 hoc
490 4603 651 4673 longo
679 4610 919 4672 tempore
938 4603 1174 4659 omnium
1197 4620 1375 4659 rerum
1397 4606 1779 4676 experientiam
1806 4607 1944 4678 cepi,

363 4701 523 4763 atque
558 4691 675 4747 haec
704 4692 885 4747 omnia
914 4694 1043 4749 mihi
1070 4694 1208 4749 bene
1240 4705 1636 4766 processerunt.
1677 4696 1782 4757 Sed
1816 4713 1949 4770 quo-

364 4784 507 4838 niam
539 4783 590 4839 id
620 4780 1125 4857 magniloquentiam
1157 4788 1459 4855 redolebat,
1495 4790 1616 4847 vide
1664 4807 1769 4862 quo
1794 4801 1949 4863 pacto

364 4889 522 4943 quam
546 4876 776 4945 primunt
800 4877 1033 4948 corrigat
1063 4897 1078 4934 :
1110 4878 1316 4948 Omnia,
1342 4881 1531 4953 inquit,
1557 4899 1761 4954 possunt
1789 4886 1840 4938 in
1869 4901 1947 4952 eo,

363 4967 450 5037 qui
476 4983 555 5021 me
593 4972 871 5040 confortat,
896 4970 1115 5026 Christo.
1142 4972 1258 5031 Non
1283 4973 1405 5043 hoc,
1431 4976 1622 5047 inquit,
1650 4992 1827 5033 meum
1860 4978 1950 5034 beo

367 5058 636 5114 nel‘actum
665 5069 769 5124 est,
800 5061 895 5117 sed
922 5064 1039 5133 eius
1067 5065 1155 5134 qui
1185 5065 1324 5123 vires
1368 5065 1478 5121 dat.
1521 5067 1627 5123 Sed
1676 5069 1948 5140 quoniam,

370 5150 458 5218 qui
485 5150 853 5220 hcttefaciunt,
876 5154 919 5208 si
941 5154 1157 5211 videant
1183 5172 1306 5212 eum
1329 5160 1417 5230 qui
1448 5160 1640 5232 accipit
1666 5178 1771 5217 non
1799 5163 1952 5220 valde

371 5237 538 5303 affici,
566 5239 662 5296 sed
714 5241 988 5312 deSpicere
1016 5259 1076 5301 ea
1116 5262 1236 5317 qua:
1277 5248 1496 5318 dantur,
1545 5253 1953 5324 negligentiores

370 5327 531 5395 ﬁunt;
565 5342 692 5414 tunc
716 5335 858 5390 enim
879 5336 1109 5393 libenter
1134 5340 1280 5407 dant,
1309 5357 1431 5397 cum
1454 5354 1638 5414 putant
1664 5360 1722 5400 se
1746 5357 1951 5418 gratum

369 5423 687 5493 accipiendo
714 5424 923 5493 facere,
956 5429 1211 5501 illumque
1246 5448 1493 5491 recreare
1525 5452 1536 5489 :
1570 5453 1637 5493 ue
1663 5441 1780 5508 quis
1810 5441 1954 5496 dice-

370 5523 473 5578 ret,
507 5512 566 5569 Si
596 5515 700 5572 hoc
728 5518 975 5573 solatium
1001 5519 1230 5592 despicit
1260 5524 1457 5581 Paulus
1481 5566 1496 5592 ,
1529 5543 1747 5585 necesse
1776 5538 1859 5585 est
1902 5542 1956 5587 et

368 5601 471 5658 hos
511 5606 925 5677 negligentinres
974 5612 1128 5677 ﬁeri;
1162 5614 1283 5671 vide
1324 5619 1594 5687 quomodo
1622 5635 1806 5676 rursus
1831 5622 1955 5679 huic

367 5694 446 5750 rei
477 5699 776 5756 medeatur.
806 5700 938 5758 Nam
966 5719 1030 5759 ex
1059 5705 1122 5761 iis
1158 5722 1277 5778 qua:
1302 5709 1527 5779 dixerat,
1572 5714 1806 5776 ipsorum
1839 5722 1948 5789 Spi-

1164 275 1229 333 lN
1277 275 1497 332 EPIST.
1539 275 1628 330 AD
1669 272 1957 334 I‘lllLlFP.

1996 271 2145 328 CAP.
2194 274 2279 333 iV.
2325 274 2548 330 llOMIL.
2590 277 2701 332 XV.
3481 286 3588 343 290

2005 390 2138 442 ritus
2164 399 2559 459 compresserat
2584 406 2599 455 ;
2630 393 2679 445 in
2716 394 3061 465 sequentibus
3089 411 3214 452 vero
3256 398 3582 457 alacritatem

2000 480 2237 549 ipsorum
2267 481 2451 536 incitat
2492 492 2651 553 atque
2679 484 2992 552 inflammat,
3043 489 3227 544 dicens
3261 509 3273 544 :
3316 492 3585 548 Verumta-

2002 588 2115 626 men
2145 572 2266 627 bene
2298 574 2486 644 fecistis
2516 579 2943 634 communicantes
2981 581 3295 637 tribulationi
3326 602 3467 640 mete.
3495 587 3589 643 Vi-

2000 661 2096 718 des
2126 665 2396 734 quomodo
2422 666 2655 737 seipsum
2687 671 3064 740 segregaverit,
3096 684 3149 730 et
3172 678 3441 745 quomodo
3471 695 3588 734 rur-

2000 768 2093 808 sus
2112 756 2498 827 eonjunxerit?
2527 757 2639 814 Hoc
2665 774 2934 830 germanae
2956 773 3009 817 et
3029 765 3320 834 spirituatis
3340 768 3593 823 amicitiae

2001 852 2103 899 est.
2134 844 2249 899 Non
2277 848 2417 900 enim
2448 847 2568 918 quia
2589 889 2603 915 ,
2640 849 2826 919 inquit,
2859 856 3177 910 necessitate
3208 857 3429 913 minime
3461 875 3586 929 pre-

2002 937 2216 1003 mebar,
2252 937 2372 992 ideo
2414 940 2613 1009 putetis
2653 957 2739 996 me
2767 943 2927 999 rebus
2955 948 3147 1002 vestris
3191 964 3295 1004 non
3329 953 3539 1021 eguisse
3572 970 3588 1008 :

2004 1043 2137 1099 egeo
2165 1041 2385 1101 promer
2413 1046 2525 1087 vos.
2549 1033 2827 1101 Quomodo
2857 1038 3016 1109 igitur
3038 1057 3395 1097 aerumnarum
3424 1046 3590 1115 ipsius

2006 1121 2295 1190 participes
2332 1121 2587 1178 fuerant?
2629 1125 2731 1180 Per
2775 1126 2877 1182 hoc
2925 1129 3158 1186 ofﬁcium
3194 1150 3206 1186 :
3246 1134 3388 1203 quod
3429 1135 3589 1189 etiam

2006 1227 2126 1266 eum
2172 1212 2226 1266 in
2269 1212 2497 1270 vinculis
2533 1227 2713 1285 esset,
2745 1217 2991 1284 dicebat,
3036 1220 3215 1277 Socios
3257 1226 3438 1295 gratia:
3471 1242 3596 1280 mra:

2007 1319 2180 1357 omnes
2206 1319 2293 1358 vos
2334 1321 2441 1359 esse
2466 1305 2731 1376 (Philipp.
2770 1308 2821 1363 1.
2848 1310 2927 1379 7).
2960 1309 3139 1365 Gratia
3176 1314 3318 1367 enim
3374 1324 3455 1369 est
3486 1316 3593 1386 pati

2007 1408 2105 1464 pro
2135 1396 2380 1464 Christo,
2413 1399 2862 1468 quemadmodum
2894 1410 2947 1455 et
2973 1402 3169 1458 alicubi
3217 1406 3329 1474 ipse
3379 1408 3547 1477 inquit
3576 1425 3590 1463 :

2011 1484 2141 1551 Quia
2168 1502 2199 1540 a
2226 1486 2335 1541 Deo
2366 1489 2500 1542 vobis
2519 1491 2685 1561 gratia
2714 1491 2835 1546 data
2862 1504 2955 1560 est,
2987 1511 3088 1547 non
3123 1496 3287 1550 solum
3315 1508 3370 1550 ut
3399 1499 3452 1552 in
3482 1516 3594 1551 eum

2008 1576 2246 1645 credatis,
2292 1581 2380 1632 sed
2413 1581 2561 1633 etiam
2603 1598 2695 1652 pro
2744 1582 2835 1637 illo
2883 1586 3147 1654 patiamini
3172 1588 3331 1659 (Ibid.
3383 1606 3432 1644 υ.
3476 1590 3593 1661 29).

2008 1666 2269 1733 Quoniam
2296 1669 2438 1723 enim
2481 1670 2571 1724 illa
2606 1672 2744 1726 nude
2774 1672 2934 1737 dicta,
2965 1685 3085 1744 apta
3114 1688 3266 1731 erant
3307 1694 3426 1747 qua:
3468 1680 3599 1749 ipsis

2009 1757 2250 1815 dolorem
2278 1760 2513 1818 facerent
2537 1779 2551 1829 ;
2584 1773 2863 1835 propterea
2890 1766 3034 1822 fovet
3059 1778 3113 1822 et
3142 1772 3515 1841 complectitur
3540 1781 3599 1828 et

2012 1850 2212 1917 laudat,
2245 1867 2431 1907 verum
2480 1863 2534 1909 et
2586 1855 2686 1911 hoc
2734 1857 3031 1913 moderate.
3082 1859 3196 1913 Non
3245 1862 3387 1915 enim
3418 1862 3599 1928 dixit,

2014 1941 2230 2009 Dantes,
2262 1944 2377 2008 sed,
2414 1943 2856 2003 Communicantes
2879 1964 2901 2013 ;
2931 1949 3220 2006 OStendeus
3266 1950 3410 2022 ipsos
3435 1954 3596 2008 etiam

2014 2031 2219 2087 lucrum
2240 2031 2451 2102 fecisse,
2479 2035 2912 2107 quandoquidem
2944 2040 3281 2108 praemiorum
3306 2041 3429 2096 facti
3445 2051 3601 2097 erant

2013 2125 2320 2196 participes.
2387 2126 2502 2182 Non
2554 2127 2720 2195 dixit,
2775 2131 2947 2186 Leves
3000 2131 3289 2190 reddentes
3332 2150 3600 2190 aerumnas

2016 2233 2196 2284 meas,
2229 2218 2363 2288 sed,
2420 2219 2856 2278 Communicantes
2900 2225 3211 2280 tribulationi
3257 2243 3411 2292 mete;
3457 2228 3601 2299 quod

2014 2310 2228 2381 quidem
2253 2313 2466 2382 gravius
2493 2328 2555 2368 ac
2588 2313 2864 2371 decentius
2889 2325 3027 2374 erat.

2090 2400 2245 2455 Pauli
2269 2403 2548 2459 humilitas.
2565 2434 2637 2445 —
2659 2405 2819 2462 Vides
2846 2407 2996 2462 Pauli
3028 2408 3423 2466 humilitatem?
3456 2412 3608 2469 vides

2017 2493 2254 2547 animum
2302 2497 2663 2565 generosum?
2713 2498 3000 2569 Postquam
3031 2502 3265 2558 ostendit
3305 2520 3365 2559 se
3395 2505 3604 2562 illorum

2018 2586 2207 2654 opibus
2234 2600 2328 2640 sua
2354 2602 2512 2641 causa
2558 2588 2778 2645 minime
2827 2606 2985 2662 egere
3007 2632 3022 2657 ,
3055 2601 3180 2649 tunc
3216 2595 3328 2660 jam
3380 2596 3607 2653 ﬁdenter

2021 2676 2237 2735 humilia
2268 2678 2427 2736 etiam
2459 2676 2667 2753 profert
2694 2680 2878 2750 verba,
2924 2692 3086 2756 atque
3117 2684 3181 2743 ad
3205 2700 3270 2742 ea
3298 2685 3600 2754 descendit,

2020 2773 2212 2844 quibus
2244 2773 2473 2830 mendici
2503 2784 2747 2842 utuntur,
2774 2776 2908 2845 Quae
2941 2788 3029 2833 tua
3056 2788 3140 2834 est
3176 2778 3335 2837 dandi
3376 2799 3605 2839 consue-

2023 2866 2170 2922 tudo.
2194 2865 2339 2922 Nihil
2368 2867 2513 2923 enim
2541 2876 2756 2923 recusat
2780 2869 2863 2924 vel
2894 2868 3075 2927 facere
3107 2872 3189 2927 vel
3220 2872 3422 2940 dicere,
3447 2874 3606 2930 dum-

2025 2955 2187 3013 modo
2212 2957 2353 3028 quod
2382 2959 2495 3012 vult
2516 2968 2666 3014 recte
2689 2958 2957 3016 conﬁciat.
2980 2961 3116 3030 Quid
3148 2972 3324 3019 autem
3356 2963 3457 3019 huc
3484 2975 3565 3021 est
3585 2967 3611 3018 't

2026 3049 2105 3105 Ne
2136 3051 2352 3119 putetis,
2382 3051 2577 3121 inquit,
2635 3050 2982 3123 impudentia
3026 3053 3190 3110 fuisse
3218 3054 3375 3110 verba
3401 3095 3417 3121 ,
3466 3056 3611 3127 quod

2027 3142 2352 3214 objurgarim
2379 3157 2441 3198 ac
2465 3142 2721 3210 dixerim,
2753 3144 3040 3216 Aliquando
3068 3145 3267 3201 tandem
3292 3148 3611 3218 reﬂoruistis;

2029 3249 2203 3305 neque
2231 3235 2388 3289 etiam
2419 3235 2794 3290 necessitatis:
2819 3250 2927 3292 non
2957 3238 3099 3293 enim
3130 3238 3269 3308 quod
3291 3254 3476 3309 egeam
3498 3240 3614 3295 haec

2030 3325 2170 3392 dico,
2206 3326 2300 3382 sed
2328 3327 2492 3397 quid?
2518 3327 2598 3382 Eo
2624 3327 2767 3397 quod
2799 3328 2947 3385 vobis
2973 3329 3127 3385 valde
3146 3330 3432 3396 conﬁdam,
3456 3341 3616 3403 atque

2032 3415 2191 3486 hujus
2244 3417 2477 3473 ﬁdentia:
2521 3432 2618 3473 vos
2666 3428 2919 3475 auctores
2947 3421 3097 3477 estis.
3147 3421 3307 3477 Vides
3349 3423 3618 3493 quomodo

2033 3510 2181 3580 ipsos
2219 3517 2372 3565 curet
2404 3518 2459 3565 et
2485 3510 2693 3565 leniat?
2737 3511 2796 3567 ln
2833 3511 2989 3568 vobis
3011 3553 3027 3578 ,
3058 3513 3262 3582 inquit,
3307 3528 3467 3569 causa
3496 3525 3575 3569 est
3601 3556 3616 3579 ,

2036 3600 2126 3671 qui
2153 3608 2277 3654 ante
2301 3592 2434 3655 alios
2459 3600 2526 3654 ad
2554 3599 2691 3656 hanc
2719 3616 2833 3657 rem
2862 3602 3165 3668 accurritis,
3193 3617 3255 3658 ac
3278 3603 3432 3658 nobis
3455 3603 3621 3659 ﬁden-

2038 3693 2164 3751 tiam
2190 3691 2351 3759 datis,
2382 3700 2440 3748 ut
2467 3709 2555 3749 res
2586 3692 2893 3763 hnjnsmodi
2925 3695 3076 3750 vobis
3119 3695 3172 3749 in
3200 3697 3509 3750 memoriam
3539 3713 3623 3750 re-

2037 3784 2299 3856 digamus.
2331 3784 2399 3840 Et
2425 3784 2545 3840 vide
2566 3786 2882 3855 gravitatem
2915 3803 2931 3842 :
2960 3784 3087 3841 dum
3119 3801 3224 3842 non
3254 3789 3493 3852 mittunt,
3525 3787 3629 3842 mi-

2040 3878 2182 3933 nime
2201 3876 2465 3950 objurgat,
2491 3891 2558 3932 ne
2580 3876 2823 3933 videatur
2837 3893 2987 3933 suam
3005 3893 3221 3934 causam
3252 3894 3410 3949 agere
3430 3896 3445 3941 ;
3471 3889 3616 3950 post-

2039 3982 2199 4037 quam
2229 3983 2358 4022 vero
2380 3967 2657 4035 miserant,
2693 3978 2821 4024 tunc
2848 3984 2943 4024 eos
2969 3968 3038 4025 de
3075 3972 3349 4040 praeterito
3387 3980 3629 4042 tempore

2042 4060 2367 4131 objurgavit;
2402 4069 2563 4131 atque
2585 4061 2657 4115 illi
2680 4076 2834 4132 aequo
2855 4062 3034 4118 animo
3056 4062 3294 4119 tulerunt
3321 4065 3463 4134 :jam
3486 4063 3629 4120 enim

2045 4152 2260 4208 minime
2290 4153 2571 4209 videbatur
2594 4168 2752 4209 suum
2783 4155 3056 4226 negotium
3083 4171 3294 4226 gerere.
3327 4158 3415 4212 15.
3450 4158 3627 4225 Scitis,

2045 4242 2247 4313 inquit,
2279 4254 2325 4298 et
2356 4261 2441 4299 vos
2474 4243 2835 4314 Pliilippenses
2854 4286 2870 4311 ,
2901 4246 3036 4314 quod
3064 4247 3116 4300 in
3144 4249 3392 4318 principio
3417 4264 3634 4321 evange-

2047 4336 2136 4401 lii,
2175 4337 2380 4406 quando
2420 4340 2681 4409 profectus
2707 4354 2822 4392 sum
2862 4354 2895 4392 a
2926 4336 3232 4395 Macedonia
3255 4381 3273 4408 ,
3322 4342 3467 4397 nulla
3508 4343 3632 4398 mihi

2051 4429 2277 4484 Ecclesia
2309 4430 2697 4484 communicavit
2729 4429 2783 4483 in
2814 4429 3012 4485 ratione
3036 4430 3148 4485 dati
3175 4440 3222 4487 et
3259 4434 3493 4502 accepti,
3533 4433 3655 4489 nisi.

2047 4536 2133 4577 vos
2163 4521 2280 4577 soli.
2312 4520 2500 4592 Papae!
2534 4529 2791 4591 quantum
2836 4521 3171 4578 encomium!
3220 4522 3482 4593 siquidem
3526 4522 3635 4580 Co-

2050 4612 2266 4679 rinthii,
2312 4612 2546 4682 itemque
2581 4612 2847 4677 Romani,
2894 4627 2960 4667 eo
3001 4612 3140 4682 quod
3180 4612 3366 4669 isthmc
3409 4614 3482 4670 ab
3519 4616 3636 4687 ipso

2050 4704 2344 4767 audissent,
2378 4703 2669 4758 invitantur
2713 4725 2727 4760 :
2756 4702 2809 4758 hi
2839 4718 2970 4760 vero
2995 4718 3118 4760 cum
3150 4706 3294 4762 nulla
3320 4706 3496 4764 adhuc
3527 4709 3633 4765 Ec-

2050 4798 2211 4855 clesia
2238 4795 2490 4868 cmpisset
2508 4835 2522 4860 ,
2552 4794 2720 4866 inquit
2767 4796 2907 4851 enim
2932 4836 2947 4861 ,
2976 4795 3047 4851 In
3073 4799 3324 4871 principio
3370 4801 3634 4872 evangelii,

2053 4899 2252 4946 tantam
2292 4904 2415 4960 erga
2463 4896 2705 4944 sanetum
2735 4886 2877 4943 hunc
2905 4887 3257 4945 ostenderunt
3295 4891 3458 4946 animi
3507 4906 3636 4961 pro-

2055 4980 2365 5052 pensionem
2404 4992 2467 5033 ac
2491 4976 2759 5041 studium,
2794 4985 2852 5032 ut
2892 4993 3014 5034 cum
3074 4980 3279 5035 nullum
3328 4982 3632 5052 exemplum

2058 5069 2390 5141 propositum
2418 5068 2697 5135 haberent,
2734 5068 2834 5139 ipsi
2862 5070 3017 5138 primi
3050 5069 3175 5126 huic
3199 5071 3416 5126 ferendo
3443 5071 3637 5127 fructui

2057 5166 2263 5223 initium
2286 5165 2494 5222 darent.
2524 5166 2707 5237 Neque
2732 5166 3015 5223 dicendum
3039 5175 3123 5221 est
3147 5167 3260 5221 haec
3280 5166 3403 5221 illos
3426 5166 3636 5231 fecisse,

2056 5258 2201 5331 quod
2231 5258 2423 5315 Paulus
2464 5258 2603 5330 apud
2635 5274 2694 5316 se
2736 5266 3007 5323 maneret,
3058 5267 3216 5329 atque
3258 5258 3639 5314 beneﬁciorum

2057 5365 2215 5407 causa
2243 5365 2360 5420 qua:
2394 5350 2462 5405 ah
2489 5350 2605 5419 ipso
2632 5351 2937 5419 acciperent
2968 5367 2982 5403 :
3012 5348 3183 5418 inquit
3209 5350 3374 5416 enim,
3421 5352 3646 5418 Quando

2063 5446 2315 5516 profectus
2340 5460 2454 5497 sunt
2483 5461 2514 5496 ιι
2546 5442 2870 5505 Macedonia,
2900 5442 3044 5496 nulla
3085 5444 3209 5497 milii
3237 5442 3466 5499 Ecclesia
3505 5460 3641 5498 com.

2064 5534 2336 5589 municavit
2365 5534 2416 5586 in
2442 5535 2636 5587 ratione
2660 5534 2769 5587 dati
2797 5543 2843 5587 et
2873 5534 3090 5602 accepti,
3120 5534 3219 5589 nisi
3243 5549 3330 5590 vos
3358 5536 3474 5590 soli.
3505 5536 3643 5605 Quid

2060 5637 2162 5687 est,
2193 5625 2393 5692 Accepti
2411 5624 2436 5677 ?
2461 5625 2585 5693 qttid
2624 5639 2753 5678 vero
2793 5637 2873 5679 est
2898 5666 2914 5691 ,
2945 5621 3340 5680 Conmtunicavit
3359 5627 3385 5679 .9
3410 5642 3506 5681 cur
3536 5641 3639 5682 non

2061 5718 2214 5784 dixit,
2244 5714 2451 5771 Nullam
2482 5714 2581 5770 sibi
2612 5713 2901 5774 Ecclesiam
2926 5714 3169 5787 dedisse,
3197 5716 3289 5773 sed
3309 5757 3325 5788 ,
3354 5715 3644 5774 Communi—
