4044 6202
440 327 532 381 ευ,
1196 311 1250 368 s.
1293 306 1570 365 JO.\NNIS
1604 303 2078 362 cunvsosrosu
2120 305 2435 364 ARCHIEP.
2477 305 3006 363 CONSTANTINOP.

447 439 572 495 cauit
604 436 654 492 in
683 430 878 490 ratione
904 430 1010 486 dati
1051 438 1098 486 et
1124 425 1356 496 accepti?
1386 423 1493 478 Bes
1526 421 1668 477 enim
1721 420 1834 475 ha‘c
1877 433 2026 474 com-

446 525 738 585 municatio
766 523 1010 596 qua'dam
1054 529 1156 576 cst.
1197 518 1324 572 Nam
1359 515 1420 570 Si
1451 531 1577 580 nos,
1625 513 1796 580 inquit
1826 551 1842 576 ,
1890 509 2030 564 vobis

445 619 735 690 spiritantia
755 615 1129 674 seminavimus,
1157 608 1281 678 quid
1309 621 1567 677 magnum,
1592 606 1637 660 si
1661 619 1752 658 nos
1796 599 2030 655 carnalia

445 723 609 765 vestra
641 718 886 763 metamus
934 705 1010 776 (1.
1061 701 1178 756 Cor.
1209 701 1263 755 9.
1298 698 1438 767 H)?
1481 704 1535 752 et
1592 709 1812 759 rursus,
1853 691 2030 746 Vestra

449 801 780 863 abundantia,
813 809 866 851 ut
903 796 1107 849 illorum
1145 791 1372 861 inopiam
1413 787 1645 858 suppleat
1673 785 1756 859 (Ξ.
1804 784 1924 839 Cor.
1975 783 2030 837 8.

449 891 560 959 14).
599 891 757 943 Vides
797 885 1066 957 quomodo
1117 879 1666 941 communicaverint,
1728 877 1780 930 in
1825 876 2033 928 ratione

451 981 579 1044 dati,
634 977 809 1032 dando
860 975 1115 1039 carnalia,
1175 981 1230 1026 et
1277 972 1330 1025 in
1380 970 1588 1024 ratione
1641 966 1888 1036 accepti,
1937 979 2032 1020 ac-

453 1072 699 1142 cipiendo
717 1067 1050 1140 spiritualia?
1080 1067 1290 1120 Etenim
1319 1061 1768 1132 quemadmodum
1791 1059 2030 1115 venden-

453 1174 533 1221 tes
559 1175 611 1219 et
642 1172 884 1218 ementes
910 1160 1046 1214 inter
1065 1173 1124 1214 se
1153 1155 1570 1220 communicant,
1602 1155 1740 1209 alter
1768 1153 1835 1207 ah
1863 1153 2034 1206 altero

451 1257 683 1311 vicissim
713 1253 982 1322 accipiens
1008 1259 1064 1306 et
1102 1250 1275 1314 dans;
1308 1247 1411 1302 hoc
1433 1247 1575 1300 enim
1607 1255 1690 1300 est
1731 1243 2034 1315 com-muni-

450 1348 590 1403 catio
623 1368 634 1400 ;
667 1347 735 1398 ita
767 1359 895 1398 sane
924 1353 979 1397 et
1020 1341 1072 1396 in
1107 1341 1205 1395 hac
1242 1356 1319 1395 re.
1364 1339 1507 1394 Nihil
1552 1339 1718 1403 enim,
1765 1336 1893 1390 nihil
1939 1337 2037 1391 hac

454 1437 815 1507 negotiatione
859 1445 910 1488 et
942 1443 1244 1488 mercatura
1273 1441 1356 1486 est
1380 1431 1738 1500 qumstnosius
1768 1445 1782 1482 :
1813 1444 1934 1486 nam
1979 1426 2038 1481 fit

451 1531 664 1604 quidem
693 1531 743 1582 in
779 1538 939 1592 terra,
988 1527 1265 1603 perlicitur
1293 1533 1472 1578 autem
1516 1523 1568 1577 in
1601 1523 1734 1578 casio
1770 1540 1782 1574 :
1829 1530 1882 1576 et
1921 1535 2034 1575 em-

453 1636 632 1692 ptores
657 1622 867 1694 quidem
889 1621 939 1674 in
971 1629 1108 1674 terra
1137 1628 1294 1679 sunt;
1319 1625 1503 1672 emunt
1533 1631 1663 1672 vero
1685 1625 1737 1670 et
1759 1615 2038 1685 paciscun-

453 1726 539 1770 tur
563 1731 624 1768 ea
655 1729 773 1782 qua:
807 1714 858 1764 in
877 1711 1044 1774 carlis,
1079 1720 1293 1763 terreno
1315 1707 1563 1779 deposito
1591 1707 1783 1776 pretio.

525 1807 578 1860 5.
623 1803 820 1858 Verum
851 1817 954 1855 non
994 1800 1244 1869 desperet
1273 1799 1579 1868 quispiam:
1621 1812 1726 1849 non
1775 1805 1898 1849 sunt
1923 1810 2029 1848 ca:-

453 1898 607 1952 lestia
637 1895 880 1965 pecuniis
930 1890 1199 1962 proposita
1243 1890 1446 1944 venalia
1477 1901 1492 1942 :
1525 1902 1628 1942 non
1672 1887 1760 1941 illa
1798 1886 2036 1956 pecunia:

453 1997 660 2052 emunt,
703 1987 796 2041 sed
839 1985 1032 2040 electio
1062 1991 1220 2052 atque
1269 1982 1479 2035 animus
1522 1979 1754 2033 hominis
1783 1979 2035 2048 pecunias

452 2079 784 2154 projicientis
807 2119 822 2144 ,
854 2077 946 2131 sed
979 2073 1312 2145 philosophia
1333 2114 1348 2138 ,
1375 2071 1710 2126 smcularium
1739 2086 1918 2125 rerum
1942 2069 2036 2124 de-

451 2185 686 2244 spectus,
720 2170 1052 2233 immanitas,
1083 2165 1469 2220 misericordia.
1500 2162 1798 2233 Caeteroqui
1827 2205 1842 2229 ,
1869 2163 1914 2216 si
1951 2178 2036 2216 ar-

451 2274 614 2334 gento
661 2269 988 2325 emerentur,
1035 2273 1152 2327 qua:
1190 2257 1298 2311 duo
1329 2256 1532 2309 minuta
1584 2255 1812 2326 projecit
1859 2253 2032 2328 (Luc.

449 2358 512 2413 2|
547 2357 586 2421 ),
617 2354 749 2408 nihil
781 2367 911 2406 sane
939 2365 1186 2418 maguum
1215 2348 1508 2417 accepisset
1534 2366 1547 2402 :
1616 2363 1758 2403 nunc
1781 2347 2032 2416 quoniam

448 2464 557 2503 non
586 2453 885 2516 argentum,
915 2442 1009 2497 sed
1032 2441 1226 2496 electio
1249 2441 1384 2494 hanc
1401 2441 1508 2494 vim
1535 2439 1785 2505 habebat,
1817 2453 2033 2515 omnem

450 2541 539 2594 illa
591 2539 752 2593 animi
803 2534 1214 2609 propensionem
1260 2532 1531 2595 ali‘crens,
1575 2532 1754 2586 omnia
1803 2536 2031 2599 accepit.

449 2632 633 2700 Itaque
678 2643 748 2684 ne
791 2627 1032 2680 dicamus
1063 2624 1302 2694 pecuniis
1333 2638 1552 2695 regnum
1601 2623 1746 2686 emi;
1796 2638 1903 2676 non
1944 2637 2034 2690 pc-

448 2721 641 2787 cuniis,
670 2717 764 2772 sed
798 2717 1061 2771 electione
1083 2723 1136 2770 et
1164 2715 1437 2768 voluntate
1458 2755 1472 2778 ,
1505 2727 1625 2782 qua:
1656 2727 1750 2780 per
1779 2712 2032 2782 pecunias

446 2810 750 2866 exhibetur.
820 2808 960 2876 Ergo
1000 2820 1135 2875 opus
1179 2813 1300 2870 est,
1351 2804 1567 2873 inquis,
1623 2803 1866 2856 dixitiisi
1914 2801 2033 2856 Non

447 2900 650 2956 divitiis
686 2911 822 2966 Opus
846 2905 964 2961 est,
997 2895 1090 2949 sed
1119 2905 1265 2950 certa
1294 2893 1566 2948 voluntate
1614 2910 1628 2945 :
1675 2893 1719 2946 si
1768 2897 1906 2945 hanc
1935 2890 2034 2945 ha-

449 2995 575 3056 heas
601 3034 614 3057 ,
650 2992 734 3046 vel
777 2989 984 3046 duobus
1030 2987 1249 3040 minutis
1288 2986 1489 3055 poteris
1536 2999 1755 3054 regnum
1803 2998 2029 3050 emere;

447 3088 529 3142 sin
560 3087 756 3149 minus,
797 3096 970 3152 neque
1003 3079 1152 3134 mille.
1178 3079 1293 3132 auri
1325 3078 1522 3132 talenta
1566 3075 1896 3130 tantumdem
1937 3092 2034 3147 po-

448 3187 627 3233 terunt
653 3215 668 3240 ,
698 3189 760 3228 ac
789 3173 894 3226 duo
926 3172 1126 3226 minuta
1169 3177 1411 3239 possunt.
1448 3167 1597 3224 Cur?
1623 3168 1884 3236 Quoniam
1908 3184 2031 3223 cum

448 3269 613 3324 multa
635 3266 836 3320 habens
858 3263 1104 3333 pauciora
1130 3260 1325 3315 dedisti
1351 3301 1365 3324 ,
1393 3259 1791 3330 cleemosynam
1815 3260 2028 3329 quidem

447 3363 642 3427 fecisti,
668 3359 760 3416 sed
790 3374 894 3414 non
921 3366 1116 3412 tantam
1141 3364 1393 3429 quantam
1418 3353 1573 3408 vidua
1605 3353 1714 3407 illa.
1745 3353 1858 3406 Non
1887 3353 2031 3408 enim

449 3463 650 3510 tantam
703 3451 989 3506 adhibuisti
1022 3449 1357 3503 alacritatem
1403 3455 1456 3503 et
1503 3447 1666 3500 animi
1716 3447 2034 3516 propensio-

448 3563 592 3613 nem,
615 3557 772 3616 atque
799 3544 887 3598 illa
913 3561 925 3596 :
954 3542 1041 3595 illa
1069 3542 1212 3596 enim
1240 3539 1420 3595 omnia
1448 3537 1548 3592 sibi
1569 3538 1822 3599 abstulit;
1853 3537 2033 3608 potius

451 3651 630 3696 autem
683 3655 788 3693 non
842 3637 1098 3700 abstulit,
1151 3635 1246 3689 sed
1281 3634 1460 3688 omnia
1505 3631 1607 3685 sibi
1658 3631 1759 3701 ipsi
1791 3631 2032 3684 donavit.

446 3734 561 3790 Non
603 3733 744 3791 enim
789 3731 966 3786 aureis
1005 3728 1217 3782 talentis
1257 3741 1475 3797 regnum
1518 3733 1703 3793 pactus
1744 3734 1828 3778 est
1869 3725 2030 3792 Deus,

450 3826 542 3880 sed
574 3823 734 3876 animi
769 3821 1161 3894 propensione;
1198 3834 1302 3871 non
1349 3827 1522 3871 morte
1544 3857 1560 3880 ,
1603 3815 1696 3870 sed
1727 3815 2030 3871 electione:

451 3932 557 3974 non
599 3913 740 3970 enim
787 3912 942 3966 valde
991 3926 1240 3977 magnum
1287 3919 1388 3964 est.
1440 3907 1578 3974 Quid
1623 3907 1765 3962 enim
1806 3915 1890 3962 est
1919 3908 2036 3962 ani-

451 4024 591 4063 mam
635 4021 793 4060 unam
819 4002 985 4058 dare?
1013 4000 1188 4057 Unum
1231 3999 1502 4052 hominem
1529 3998 1678 4052 dedit
1706 4015 1720 4062 ;
1755 4014 1893 4052 unus
1936 4013 2033 4052 au-

451 4111 556 4155 tem
590 4099 752 4152 homo
778 4112 882 4150 non
917 4110 1010 4164 par
1040 4094 1270 4163 pretium
1317 4100 1419 4146 est.
1470 4091 1559 4146 16.
1609 4091 1746 4157 Quia
1779 4102 1824 4145 et
1866 4091 2030 4146 Thes-

453 4190 734 4245 salonicam
773 4185 928 4241 semel
952 4225 967 4249 ,
1001 4192 1045 4238 et
1075 4183 1150 4237 bis
1179 4184 1232 4236 in
1256 4198 1377 4236 usus
1412 4181 1536 4235 mihi
1570 4182 1794 4236 misistis.
1824 4181 2034 4256 Rursus

456 4295 703 4350 magnum
730 4276 1033 4333 encomium
1062 4291 1075 4328 :
1107 4271 1537 4343 quandoquidem
1556 4313 1569 4336 ,
1593 4287 1714 4326 cmn
1748 4271 1800 4325 in
1833 4283 2034 4326 metro-

452 4371 560 4443 poli
587 4378 751 4432 esset,
777 4367 843 4420 ab
856 4366 1044 4435 exigua
1069 4373 1244 4418 tamen
1267 4363 1482 4418 civitate
1503 4361 1766 4416 alebatur.
1797 4361 1862 4417 Et
1888 4361 2029 4427 vide;

451 4478 518 4518 ne
549 4468 804 4532 perpetuo
833 4472 892 4512 se
919 4472 986 4512 ex
1015 4455 1332 4510 necessitate
1357 4453 1600 4508 eximens
1620 4495 1635 4518 ,
1670 4454 1816 4524 ipsos
1840 4495 1855 4520 ,
1887 4454 2030 4524 quod

450 4563 604 4608 antea
656 4550 896 4605 dicebam
924 4589 938 4616 ,
990 4547 1400 4618 negligentiorcs
1450 4545 1742 4613 redderet,
1773 4562 1896 4602 cum
1951 4557 2030 4604 tot

455 4645 628 4700 modis
653 4642 980 4697 ostendisset
1020 4655 1079 4694 se
1121 4654 1227 4694 non
1273 4654 1468 4709 egere;
1503 4651 1643 4692 nunc
1671 4653 1737 4693 ex
1780 4637 1881 4692 hoc
1911 4639 2030 4694 solo

453 4739 506 4793 id
554 4734 894 4791 manifestum
925 4731 1084 4797 fecit,
1136 4732 1207 4786 ita
1236 4733 1486 4786 nimirum
1518 4731 1702 4786 dicens
1725 4771 1738 4795 ,
1791 4729 1856 4785 In
1888 4748 2026 4787 usus.

451 4831 565 4887 Non
596 4829 741 4885 enim
770 4827 938 4893 dixit,
969 4825 1132 4890 Mcos,
1167 4825 1259 4880 sed
1293 4834 1496 4879 tantum
1519 4866 1532 4889 ,
1572 4823 1636 4876 In
1665 4841 1786 4878 usus
1807 4864 1823 4890 ,
1855 4827 2031 4894 gravi-

453 4925 576 4976 tatis
602 4921 806 4975 scilicet
833 4929 886 4973 et
916 4917 1096 4972 decori
1128 4917 1389 4972 rationem
1420 4917 1661 4980 habens;
1695 4931 1801 4970 non
1831 4931 1894 4971 ex
1926 4916 2028 4972 hoc

449 5015 565 5068 solo
585 5053 599 5077 ,
632 5011 725 5066 sed
751 5011 911 5064 etiam
955 5024 1020 5067 ex
1051 5023 1116 5061 eo
1142 5006 1282 5077 quod
1321 5007 1590 5075 sequitur.
1621 5005 1750 5067 Nam
1779 5007 2030 5076 quoniam

453 5103 504 5158 id
533 5103 733 5157 humile
763 5099 1014 5171 quiddam
1043 5113 1164 5153 esse
1203 5112 1308 5151 non
1338 5097 1616 5168 ignorabat
1644 5138 1659 5162 ,
1691 5111 1876 5152 rursus
1907 5112 2031 5152 cor-

450 5196 688 5251 rectione
733 5192 962 5264 quadam
1009 5191 1346 5246 communit:
1379 5189 1594 5244 l7.Non
1641 5190 1778 5259 quod
1820 5206 2028 5259 quatro,

450 5285 622 5357 inquit
645 5325 660 5350 ,
691 5285 868 5338 datum
890 5301 910 5340 :
953 5281 1092 5354 quod
1119 5291 1273 5337 antea
1301 5281 1530 5346 dixerat,
1563 5279 1679 5336 Non
1713 5284 1859 5352 quasi
1908 5299 2030 5353 pro-

450 5391 560 5447 pter
576 5377 837 5447 pennriam
863 5377 996 5444 dico,
1023 5375 1160 5431 idem
1190 5375 1534 5445 significans:
1557 5391 1878 5446 quamquam
1903 5375 2032 5431 illud

453 5470 623 5537 majus
652 5479 734 5523 est
758 5509 773 5533 ,
823 5483 980 5538 quam
1015 5468 1134 5522 hoc.
1167 5467 1327 5522 Aliud
1359 5467 1501 5521 enim
1533 5477 1610 5520 est
1635 5507 1650 5531 ,
1701 5483 1822 5522 cum
1849 5467 1991 5522 desit
2015 5507 2032 5531 ,

452 5575 557 5614 non
589 5573 869 5630 quaerere;
913 5556 1088 5621 aliud,
1120 5573 1240 5612 cum
1269 5557 1410 5612 desit
1434 5599 1448 5621 ,
1497 5573 1567 5612 ne
1595 5557 1785 5613 deesse
1812 5559 2030 5629 quidem

454 5660 662 5722 putare.
697 5649 817 5705 Non
845 5649 980 5720 quod
1008 5665 1201 5719 quaero,
1233 5650 1403 5720 inquit
1423 5692 1437 5716 ,
1466 5651 1642 5705 datum
1669 5693 1682 5717 ,
1713 5651 1802 5706 sed
1832 5653 2030 5723 requiro

450 5749 669 5817 fructum
695 5743 1033 5798 abundantem
1063 5742 1113 5796 in
1145 5743 1387 5800 rationem
1416 5757 1663 5814 vestram,
1695 5762 1799 5803 non
1825 5763 2020 5809 meam.

3621 297 3724 354 ΞΜ

2143 419 2304 476 Vides
2336 421 2566 476 fructum
2601 422 2704 476 illis
2733 421 2956 491 colligi?
2986 419 3100 475 Non
3132 435 3247 476 mea
3269 461 3287 489 ,
3320 421 3514 493 inquit,
3545 437 3726 488 causa.

2140 513 2234 567 sed
2263 521 2437 568 vestra
2469 513 2584 567 haec
2605 512 2747 578 dico,
2781 512 2848 566 ad
2879 520 3115 568 vestram
3145 512 3373 568 salutem
3407 530 3422 567 :
3455 529 3555 584 ego
3585 516 3728 571 enim

2139 604 2264 658 dum
2293 605 2500 675 accipio
2524 648 2538 670 ,
2570 605 2701 659 nihil
2731 607 2946 669 lucror;
2979 605 3146 675 gratia
3177 605 3419 661 dantium
3448 615 3552 663 est.
3587 609 3726 662 Dan-

2142 696 2283 751 tibus
2315 698 2459 752 enim
2504 697 2610 752 illic
2638 706 2721 752 est
2768 697 3002 766 reposita
3034 713 3243 752 merces
3273 739 3288 763 ,
3334 698 3722 770 accipientibus

2140 803 2269 842 vero
2318 788 2402 842 hic
2445 799 2838 844 consumuntur
2865 805 2986 859 qum
3015 790 3307 861 accipiunt.
3361 790 3568 846 Rursus
3601 807 3725 848 cum

2139 880 2402 945 encomio,
2439 890 2493 935 et
2517 880 2745 951 quodam
2777 882 3034 951 egestatis
3064 896 3247 936 sensu.
3299 883 3432 938 Nam
3461 887 3722 955 quoniam

2139 970 2368 1039 dixerat,
2410 972 2526 1027 Non
2549 984 2721 1046 qutero
2746 989 2766 1036 ;
2794 988 2861 1028 ne
2890 988 3080 1029 rursus
3105 975 3522 1046 negligentiores
3545 977 3728 1047 faciat,

2145 1064 2336 1134 inquit,
2387 1065 2474 1122 18.
2527 1067 2714 1136 Recepi
2741 1076 2910 1121 autem
2951 1069 3142 1132 omnia,
3172 1077 3219 1122 et
3247 1069 3469 1125 abundo.
3517 1068 3573 1124 Id
3603 1081 3726 1138 est,

2141 1174 2238 1228 per
2260 1158 2361 1213 hoc
2382 1159 2581 1214 donum
2614 1174 2731 1230 qua:
2755 1161 2914 1214 etiam
2940 1162 3137 1216 omissa
3161 1161 3364 1217 l'uerant
3387 1165 3725 1235 explevistis:

2140 1250 2282 1319 quod
2312 1250 2526 1305 illorum
2559 1251 2789 1307 maxime
2834 1252 3073 1308 incitare.
3104 1255 3438 1308 alacritatem
3483 1265 3721 1324 poterat.

2141 1341 2272 1396 Nam
2294 1343 2382 1412 qui
2412 1342 2788 1410 benefaciunt,
2817 1353 3016 1413 quanto
3045 1345 3274 1414 majores
3301 1345 3352 1399 in
3381 1344 3721 1415 philosophia

2141 1447 2459 1503 progressus
2508 1433 2752 1489 fecerunt
2776 1475 2790 1498 ,
2825 1449 2890 1490 eo
2916 1437 3083 1505 magis
3114 1436 3338 1506 cupiunt
3365 1450 3461 1492 eos
3485 1477 3502 1503 ,
3537 1437 3730 1506 quibus

2140 1523 2542 1591 benefecerunt,
2576 1540 2696 1580 esse
2723 1533 2924 1596 gratos.
2960 1525 3148 1594 Recepi
3180 1528 3352 1581 omnia
3377 1567 3394 1594 ,
3426 1537 3474 1582 et
3499 1528 3726 1590 abundo.

2142 1614 2373 1670 Perinde
2398 1630 2461 1670 ac
2490 1617 2536 1670 si
2561 1615 2763 1670 diceret
2790 1633 2804 1670 :
2832 1632 2938 1670 non
2966 1617 3136 1672 solum
3164 1633 3284 1688 quae
3305 1618 3577 1688 praeterito
3597 1631 3732 1674 temo

2141 1721 2272 1776 pore
2301 1709 2498 1763 omissa
2529 1707 2757 1775 fuerant,
2790 1709 3122 1778 explevistis,
3154 1710 3248 1767 sed
3277 1711 3437 1765 etiam
3465 1712 3727 1782 majorem

2141 1799 2194 1852 in
2227 1798 2442 1853 modum
2470 1801 2779 1869 explevistis
2798 1841 2815 1868 ,
2846 1810 3006 1872 atque
3035 1801 3391 1862 exuberastis.
3430 1802 3636 1858 Deinde
3663 1818 3731 1865 ne

2141 1889 2244 1947 hoc
2271 1892 2372 1946 illis
2396 1893 2725 1962 exprobrare
2753 1893 2996 1949 videatur
3021 1935 3034 1956 ,
3066 1894 3189 1950 vide
3235 1895 3504 1964 quomodo
3550 1896 3727 1951 locum

2141 1985 2364 2038 muniat.
2398 1983 2660 2051 Quoniam
2705 1984 2952 2051 dixerat,
2987 1983 3110 2039 Non
3145 1986 3282 2058 quod
3310 2001 3480 2056 qua'ro
3524 1987 3727 2051 datum,

2139 2084 2214 2141 et,
2238 2075 2463 2129 Tandem
2482 2075 2779 2145 aliquando,
2804 2085 2857 2131 et
2876 2076 3189 2132 ostenderat
3204 2076 3441 2131 debitum
3460 2076 3510 2130 id
3537 2076 3728 2134 fuisse:

2142 2167 2244 2224 hoc
2271 2169 2414 2223 enim
2438 2168 2732 2239 significat,
2762 2169 3004 2237 ἀπέχω,ἱὰ
3035 2179 3117 2225 est
3137 2210 3152 2236 ,
3199 2170 3400 2239 recipio
3425 2169 3578 2242 quasi
3599 2184 3731 2225 cen-

2140 2274 2257 2315 sum
2283 2301 2300 2326 ,
2328 2269 2382 2314 et
2408 2259 2608 2314 fructus
2639 2275 2701 2315 ex
2730 2275 2860 2329 agro
2889 2279 2901 2313 :
2937 2275 3123 2315 rursus
3153 2261 3388 2316 ostendit
3425 2261 3572 2332 ipsos
3604 2261 3728 2331 plus

2140 2367 2297 2420 quam
2327 2351 2588 2405 deberent
2617 2352 2936 2420 praestitisse
2961 2391 2976 2416 ,
3006 2361 3061 2406 et
3093 2353 3264 2422 inquit
3294 2370 3308 2408 :
3342 2352 3528 2427 Recepi
3555 2362 3729 2406 autem

2141 2445 2332 2512 omnia,
2368 2454 2415 2498 et
2440 2443 2682 2508 abundo;
2710 2446 2932 2513 repletus
2968 2460 3100 2499 sum.
3148 2443 3262 2500 Non
3298 2445 3498 2519 absque
3522 2460 3685 2499 causa
3707 2483 3726 2520 _,

2141 2549 2316 2604 neque
2344 2551 2407 2588 ex
2435 2535 2596 2588 animi
2629 2534 2819 2590 aii'ectu
2851 2535 2966 2592 haec
2991 2535 3147 2601 dico;
3179 2535 3273 2590 sed
3301 2536 3465 2611 quid?
3493 2537 3729 2606 Acceptis

2138 2626 2199 2680 ab
2230 2627 2578 2696 Epaphrodito
2594 2628 2947 2698 quwmisistis,
2975 2627 3478 2692 odoremsuavitatis,
3503 2628 3726 2682 hostium

2137 2717 2514 2786 acceptabilem,
2545 2718 2824 2785 placentem
2850 2716 2974 2772 Deo.
3001 2717 3159 2787 Papa:
3179 2719 3192 2771 !
3216 2733 3322 2788 quo
3346 2719 3568 2773 istorum
3602 2735 3726 2773 mu-

2139 2824 2238 2861 nus
2263 2809 2473 2862 evexit!
2523 2806 2638 2862 Non
2671 2823 2772 2877 ego
2797 2851 2811 2872 ,
2848 2808 3038 2878 inquit,
3082 2809 3300 2877 accepi,
3331 2808 3424 2862 sed
3459 2809 3598 2863 Deus
3629 2822 3728 2878 per

2137 2915 2244 2954 me.
2287 2899 2647 2966 Quamobrem
2675 2941 2689 2966 ,
2717 2901 2924 2955 etiamsi
2955 2915 3061 2955 non
3089 2915 3276 2970 egeam
3297 2940 3313 2965 ,
3357 2916 3462 2956 non
3505 2899 3606 2955 hoc
3636 2909 3725 2956 ta.

2135 3007 2258 3046 men
2289 2999 2528 3060 Spectato
2561 3007 2574 3042 :
2608 3005 2728 3044 nam
2763 3005 2935 3060 neque
2982 2990 3122 3045 Deus
3161 2990 3391 3060 egebat,
3440 3000 3493 3045 et
3539 2999 3725 3046 tamen

2135 3084 2341 3150 accepit
2373 3100 2386 3135 :
2418 3083 2553 3137 adeo
2596 3090 2648 3136 ut
2677 3081 2854 3136 divina
2899 3081 3170 3154 Scriptura
3213 3097 3320 3141 non
3363 3081 3728 3144 reformidat-it

2135 3175 2316 3230 dicere
2335 3216 2351 3241 ,
2389 3175 2644 3228 Odoratus
2672 3182 2742 3227 est
2768 3171 3019 3228 Dominus
3043 3173 3248 3234 odorem
3274 3173 3539 3226 suavitatis
3562 3172 3722 3241 (Gen.

2136 3269 2188 3324 8.
2227 3269 2308 3338 2.)
2337 3310 2351 3335 ,
2381 3267 2526 3345 quod
2551 3282 2678 3322 sane
2707 3266 2936 3322 laetantis
2965 3275 3066 3321 est.
3107 3265 3285 3322 Nostis
3311 3266 3476 3333 enim,
3509 3267 3684 3322 nostis
3705 3309 3724 3338 ,

2135 3370 2394 3432 quantum
2420 3375 2485 3415 ex
2516 3359 2697 3414 odoris
2721 3361 2983 3415 suavitate
3013 3359 3275 3414 afficiatur
3305 3361 3481 3413 anima
3512 3369 3722 3426 nostra,

2135 3461 2389 3523 quantum
2413 3452 2762 3522 iucunditatis
2789 3461 2843 3506 et
2875 3452 3162 3522 voluptatis
3190 3452 3385 3520 capiat.
3434 3450 3550 3506 Non
3589 3467 3726 3522 ergo

2136 3545 2403 3599 recusavit
2427 3543 2704 3618 Scriptura
2732 3543 2953 3597 verbum
2977 3541 3112 3597 adeo
3131 3543 3420 3598 humanum
3442 3553 3602 3612 atque
3624 3527 3731 3598 hu-

2136 3637 2264 3692 mile
2296 3638 2407 3692 Deo
2438 3637 2674 3691 tribuere
2704 3652 2719 3691 :
2751 3644 2810 3694 ut
2839 3635 3146 3690 hominibus
3166 3637 3474 3693 ostenderet
3503 3647 3728 3708 accepts

2137 3729 2373 3800 ipsorum
2404 3729 2544 3785 dona
2591 3728 2752 3784 fuisse
2786 3745 2800 3782 :
2829 3743 2935 3782 non
2966 3727 3108 3783 enim
3158 3727 3315 3782 nidor
3343 3743 3515 3798 neque
3547 3729 3729 3785 fumus

2137 3832 2354 3892 accepta
2397 3821 2662 3884 faciebat,
2696 3821 2789 3876 sed
2833 3822 3043 3876 animus
3071 3822 3160 3891 qui
3200 3820 3495 3885 offerebat;
3524 3822 3728 3892 alioqui

2136 3915 2268 3971 Cain
2289 3916 2448 3970 etiam
2470 3914 2612 3968 dona
2638 3913 2864 3968 fuissent
2889 3921 3128 3983 accepta.
3150 3913 3290 3967 Dixit
3312 3913 3469 3984 igitur
3487 3912 3727 3972 lanatum

2137 4019 2348 4078 quoque
2373 4006 2537 4059 Deum
2555 4019 2706 4069 esse;
2727 4013 2781 4058 et
2800 4003 3070 4073 quomodo
3091 4003 3330 4058 laetetur?
3352 4019 3455 4057 non
3477 4004 3618 4058 enim
3636 4005 3732 4058 ali-

2140 4108 2222 4156 ter
2245 4098 2487 4152 homines
2508 4097 2841 4152 didicissent.
2874 4097 3012 4166 Ergo
3039 4096 3126 4166 qui
3153 4095 3348 4149 nullius
3368 4096 3444 4150 rei
3476 4103 3560 4149 est
3585 4094 3729 4148 indi-

2137 4207 2256 4262 gus,
2273 4190 2401 4245 dicit
2425 4189 2580 4244 valde
2596 4204 2654 4244 se
2671 4187 2861 4254 lactari,
2881 4197 3019 4242 utne
3040 4203 3103 4242 ex
3121 4201 3208 4256 eo,
3227 4185 3368 4258 quod
3391 4201 3496 4245 non
3517 4195 3726 4256 egeret,

2138 4283 2468 4354 negligentes
2495 4285 2642 4336 flant.
2667 4280 2800 4335 Cum
2823 4294 2952 4335 vero
2973 4279 3218 4352 sequenti
3245 4289 3488 4355 tempore
3513 4287 3730 4338 exterge

2141 4374 2353 4428 virtutis
2375 4372 2548 4439 obliti,
2577 4372 2658 4426 his
2681 4373 2810 4428 solis
2838 4371 3028 4425 hostiis
3052 4370 3389 4427 confiderent
3407 4411 3420 4436 ,
3452 4369 3575 4424 vide
3594 4385 3732 4438 quo-

2144 4467 2305 4522 modo
2322 4480 2506 4520 rursus
2538 4466 2682 4535 ipsos
2705 4465 2947 4535 corrigit,
2966 4464 3184 4519 dicens:
3212 4462 3480 4533 Numquid
3508 4465 3731 4526 mandat-

2139 4559 2262 4613 cabo
2287 4575 2467 4613 carnes
2495 4567 2759 4612 taurorum
2778 4558 2803 4611 Ρ
2822 4567 2910 4611 aut
2941 4559 3242 4628 sanguinem
3270 4557 3524 4611 hircorum
3543 4557 3732 4625 potabis

2140 4650 2312 4722 (Psal.
2332 4650 2538 4717 49.13)?
2556 4649 2666 4704 lloc
2682 4659 2736 4705 et
2763 4648 2959 4704 Paulus
2980 4649 3171 4720 inquit,
3195 4648 3313 4702 Non
3334 4647 3730 4718 quwro,iuquit,

2139 4741 2426 4802 datum.i9.
2449 4740 2585 4794 Deus
2604 4749 2772 4794 autem
2786 4757 2924 4794 meus
2943 4741 3150 4806 impleat
3168 4757 3365 4794 omnem
3381 4740 3734 4800 necessitatem

2139 4844 2360 4889 vestram
2379 4833 2654 4887 secundum
2677 4833 2878 4887 divitias
2902 4849 3020 4887 suas
3041 4834 3093 4886 in
3115 4833 3278 4904 gloria
3295 4834 3346 4885 in
3364 4831 3564 4886 Christo
3579 4831 3729 4894 least.

2209 4925 2264 4979 4.
2310 4924 2444 4978 Vide
2470 4939 2630 4994 quam
2680 4924 2840 4978 etiam
2885 4938 3176 4993 pauperum
3225 4937 3376 4981 more
3421 4909 3560 4978 bene
3609 4937 3732 4990 pre-

2138 5025 2309 5071 cetur.
2333 5016 2484 5085 Quod
2505 5018 2550 5071 si
2576 5017 2769 5071 Paulus
2809 5016 2946 5072 bene
2966 5024 3217 5090 precetur
3239 5016 3486 5080 dantibus
3510 5057 3526 5080 ,
3557 5016 3732 5077 multo

2139 5108 2316 5162 minus
2345 5122 2444 5162 nos
2473 5108 2576 5162 hoc
2608 5108 2786 5162 facere
2815 5108 3222 5174 erubescamus,
3254 5122 3377 5162 cum
3409 5109 3730 5176 accipimus.

2139 5197 2216 5253 Ne
2245 5215 2372 5254 vero
2397 5200 2724 5271 accipiamus
2747 5240 2763 5266 ,
2796 5209 3066 5270 tamquam
3111 5201 3210 5270 ipsi
3241 5213 3526 5270 egeamus,
3556 5214 3730 5270 neque

2141 5304 2321 5348 nostra
2350 5308 2510 5348 causa
2539 5292 2865 5364 gaudeamus
2889 5335 2906 5359 ,
2954 5293 3047 5348 sed
3081 5294 3315 5364 ipsorum
3351 5294 3617 5349 dantium.
3657 5294 3730 5349 Ita

2141 5397 2195 5440 et
2243 5385 2396 5438 nobis
2439 5387 2538 5441 erit
2587 5398 2796 5441 merces
2841 5395 2896 5440 et
2937 5386 3354 5456 accipientibus,
3400 5389 3444 5442 si
3491 5389 3731 5458 ipsorum

2141 5491 2302 5532 eausa
2334 5477 2576 5532 laetentur
2627 5497 2641 5532 :
2689 5477 2759 5531 ita
2801 5493 2973 5548 neque
3005 5477 3428 5548 indignabimur,
3463 5493 3588 5534 cum
3621 5493 3731 5532 non

2141 5569 2426 5634 dederint,
2459 5570 2556 5626 sed
2585 5570 2760 5641 potius
2791 5570 3004 5630 illorum
3048 5573 3220 5627 vicem
3262 5572 3566 5628 doiebimus
3600 5587 3613 5622 :
3657 5572 3730 5624 ita

2141 5661 2302 5716 etiam
2330 5661 2618 5717 alacriores
2647 5660 2954 5729 reddemus,
2989 5662 3036 5723 si
3066 5663 3375 5729 doceamus,
3407 5678 3512 5720 non
3545 5671 3729 5725 nostra

2145 5768 2303 5809 causa
2335 5753 2448 5809 haec
2477 5767 2505 5809 a
2537 5753 2690 5811 nobis
2721 5751 2857 5810 ﬁeri.
2898 5751 3040 5812 Deus
3077 5764 3246 5811 autem
3287 5769 3427 5812 meus
3447 5795 3464 5822 ,
3511 5753 3682 5820 inquit
3703 5790 3726 5818 .
