  <div class='ocr_page' id='page_1' title='image "/cluster/home/n/w/nwhite01/storage/ocr_20150623/62/hvd.32044054086319/296.png"; bbox 0 0 4014 6200; ppageno 0'>
   <div class='ocr_carea' id='block_1_1' title="bbox 293 305 387 361">
    <p class='ocr_par' dir='ltr' id='par_1_1' title="bbox 293 305 387 361">
     <span class='ocr_line' id='line_1_1' title="bbox 293 305 387 361; baseline -0.032 -1"><span class='ocrx_word' id='word_1_1' title='bbox 293 305 387 361; x_wconf 69' lang='lat'>2‘.&quot;</span> 
     </span>
    </p>
   </div>
   <div class='ocr_carea' id='block_1_2' title="bbox 277 413 1870 491">
    <p class='ocr_par' dir='ltr' id='par_1_2' title="bbox 277 413 1870 491">
     <span class='ocr_line' id='line_1_2' title="bbox 277 413 1870 491; baseline -0.008 -17"><span class='ocrx_word' id='word_1_2' title='bbox 277 434 433 491; x_wconf 60' lang='lat' dir='ltr'>1w;</span> <span class='ocrx_word' id='word_1_3' title='bbox 462 415 559 470; x_wconf 73' lang='grc' dir='ltr'>καὶ</span> <span class='ocrx_word' id='word_1_4' title='bbox 587 414 772 478; x_wconf 87' lang='grc' dir='ltr'>πάλιν,</span> <span class='ocrx_word' id='word_1_5' title='bbox 805 414 876 466; x_wconf 76' lang='grc' dir='ltr'>τὸ</span> <span class='ocrx_word' id='word_1_6' title='bbox 899 413 1064 483; x_wconf 81' lang='grc' dir='ltr'>ὑμῶν</span> <span class='ocrx_word' id='word_1_7' title='bbox 1093 415 1472 482; x_wconf 78' lang='grc' dir='ltr'>περίσσευμα</span> <span class='ocrx_word' id='word_1_8' title='bbox 1502 414 1602 467; x_wconf 83' lang='grc' dir='ltr'>ἵνα</span> <span class='ocrx_word' id='word_1_9' title='bbox 1635 413 1870 481; x_wconf 76' lang='grc' dir='ltr'>γίνηται</span> 
     </span>
    </p>
   </div>
   <div class='ocr_carea' id='block_1_3' title="bbox 281 502 1867 576">
    <p class='ocr_par' dir='ltr' id='par_1_3' title="bbox 281 502 1867 576">
     <span class='ocr_line' id='line_1_3' title="bbox 281 502 1867 576; baseline -0.004 -17"><span class='ocrx_word' id='word_1_10' title='bbox 281 513 373 576; x_wconf 75' lang='grc' dir='ltr'>εις</span> <span class='ocrx_word' id='word_1_11' title='bbox 403 507 472 561; x_wconf 81' lang='grc' dir='ltr'>τὸ</span> <span class='ocrx_word' id='word_1_12' title='bbox 494 507 744 560; x_wconf 80' lang='grc' dir='ltr'>ἐκείνων</span> <span class='ocrx_word' id='word_1_13' title='bbox 782 506 1115 574; x_wconf 82' lang='grc' dir='ltr'>ὑστέρημα.</span> <span class='ocrx_word' id='word_1_14' title='bbox 1154 505 1316 575; x_wconf 78' lang='grc' dir='ltr'>Ὁρᾷς</span> <span class='ocrx_word' id='word_1_15' title='bbox 1342 503 1458 567; x_wconf 86' lang='grc' dir='ltr'>πῶς</span> <span class='ocrx_word' id='word_1_16' title='bbox 1481 502 1867 572; x_wconf 86' lang='grc' dir='ltr'>ἐκοινώνησαν,</span> 
     </span>
    </p>
   </div>
   <div class='ocr_carea' id='block_1_4' title="bbox 283 593 1871 667">
    <p class='ocr_par' dir='ltr' id='par_1_4' title="bbox 283 593 1871 667">
     <span class='ocr_line' id='line_1_4' title="bbox 283 593 1871 667; baseline -0.006 -12"><span class='ocrx_word' id='word_1_17' title='bbox 283 603 366 664; x_wconf 82' lang='grc' dir='ltr'>είς</span> <span class='ocrx_word' id='word_1_18' title='bbox 414 600 576 667; x_wconf 86' lang='grc' dir='ltr'>λόγον</span> <span class='ocrx_word' id='word_1_19' title='bbox 621 599 822 662; x_wconf 84' lang='grc' dir='ltr'>δόσεως</span> <span class='ocrx_word' id='word_1_20' title='bbox 865 597 972 651; x_wconf 89' lang='grc' dir='ltr'>τῶν</span> <span class='ocrx_word' id='word_1_21' title='bbox 1017 596 1330 667; x_wconf 83' lang='grc' dir='ltr'>σαρκικῶν,</span> <span class='ocrx_word' id='word_1_22' title='bbox 1365 597 1458 649; x_wconf 75' lang='grc' dir='ltr'>καὶ</span> <span class='ocrx_word' id='word_1_23' title='bbox 1504 595 1719 664; x_wconf 77' lang='grc' dir='ltr'>λήψεως</span> <span class='ocrx_word' id='word_1_24' title='bbox 1760 593 1871 646; x_wconf 89' lang='grc' dir='ltr'>τῶν</span> 
     </span>
    </p>
   </div>
   <div class='ocr_carea' id='block_1_5' title="bbox 283 684 1870 762">
    <p class='ocr_par' dir='ltr' id='par_1_5' title="bbox 283 684 1870 762">
     <span class='ocr_line' id='line_1_5' title="bbox 283 684 1870 762; baseline -0.006 -15"><span class='ocrx_word' id='word_1_25' title='bbox 283 691 710 762; x_wconf 85' lang='grc' dir='ltr'>πνευματικῶν;</span> <span class='ocrx_word' id='word_1_26' title='bbox 750 691 960 760; x_wconf 83' lang='grc' dir='ltr'>Ὠσπερ</span> <span class='ocrx_word' id='word_1_27' title='bbox 992 688 1101 758; x_wconf 82' lang='grc' dir='ltr'>γάρ</span> <span class='ocrx_word' id='word_1_28' title='bbox 1123 690 1172 740; x_wconf 89' lang='grc' dir='ltr'>οί</span> <span class='ocrx_word' id='word_1_29' title='bbox 1212 686 1516 750; x_wconf 77' lang='grc' dir='ltr'>πωλοῦντες</span> <span class='ocrx_word' id='word_1_30' title='bbox 1545 687 1639 740; x_wconf 79' lang='grc' dir='ltr'>καὶ</span> <span class='ocrx_word' id='word_1_31' title='bbox 1670 684 1870 755; x_wconf 85' lang='grc' dir='ltr'>ἀγορά-</span> 
     </span>
    </p>
   </div>
   <div class='ocr_carea' id='block_1_6' title="bbox 283 779 1870 850">
    <p class='ocr_par' dir='ltr' id='par_1_6' title="bbox 283 779 1870 850">
     <span class='ocr_line' id='line_1_6' title="bbox 283 779 1870 850; baseline -0.005 -13"><span class='ocrx_word' id='word_1_32' title='bbox 283 785 474 849; x_wconf 84' lang='grc' dir='ltr'>ζοντες</span> <span class='ocrx_word' id='word_1_33' title='bbox 507 781 849 835; x_wconf 76' lang='grc' dir='ltr'>κοινωνοῦσιν</span> <span class='ocrx_word' id='word_1_34' title='bbox 886 780 1154 850; x_wconf 83' lang='grc' dir='ltr'>ἀλλήλοις,</span> <span class='ocrx_word' id='word_1_35' title='bbox 1179 780 1247 833; x_wconf 74' lang='grc' dir='ltr'>τὰ</span> <span class='ocrx_word' id='word_1_36' title='bbox 1277 781 1408 849; x_wconf 79' lang='grc' dir='ltr'>παρ’</span> <span class='ocrx_word' id='word_1_37' title='bbox 1441 779 1687 848; x_wconf 77' lang='grc' dir='ltr'>ἀλλήλων</span> <span class='ocrx_word' id='word_1_38' title='bbox 1722 779 1870 830; x_wconf 84' lang='grc' dir='ltr'>ἀντι-</span> 
     </span>
    </p>
   </div>
   <div class='ocr_carea' id='block_1_7' title="bbox 282 869 1872 943">
    <p class='ocr_par' dir='ltr' id='par_1_7' title="bbox 282 869 1872 943">
     <span class='ocr_line' id='line_1_7' title="bbox 282 869 1872 943; baseline -0.004 -15"><span class='ocrx_word' id='word_1_39' title='bbox 282 874 528 937; x_wconf 88' lang='grc' dir='ltr'>διδόντες</span> <span class='ocrx_word' id='word_1_40' title='bbox 567 872 748 943; x_wconf 88' lang='grc' dir='ltr'>(τοῦτο</span> <span class='ocrx_word' id='word_1_41' title='bbox 799 872 907 943; x_wconf 90' lang='grc' dir='ltr'>γάρ</span> <span class='ocrx_word' id='word_1_42' title='bbox 957 874 1072 924; x_wconf 85' lang='grc' dir='ltr'>ἐστι</span> <span class='ocrx_word' id='word_1_43' title='bbox 1134 871 1430 939; x_wconf 75' lang='grc' dir='ltr'>κοινωνία),</span> <span class='ocrx_word' id='word_1_44' title='bbox 1479 869 1621 924; x_wconf 81' lang='grc' dir='ltr'>οὓτω</span> <span class='ocrx_word' id='word_1_45' title='bbox 1665 869 1728 940; x_wconf 86' lang='grc' dir='ltr'>δὴ</span> <span class='ocrx_word' id='word_1_46' title='bbox 1777 869 1872 922; x_wconf 69' lang='grc' dir='ltr'>καὶ</span> 
     </span>
    </p>
   </div>
   <div class='ocr_carea' id='block_1_8' title="bbox 287 959 1872 1035">
    <p class='ocr_par' dir='ltr' id='par_1_8' title="bbox 287 959 1872 1035">
     <span class='ocr_line' id='line_1_8' title="bbox 287 959 1872 1035; baseline -0.006 -15"><span class='ocrx_word' id='word_1_47' title='bbox 287 966 558 1020; x_wconf 76' lang='grc' dir='ltr'>ἐνταῦθα.</span> <span class='ocrx_word' id='word_1_48' title='bbox 591 965 666 1020; x_wconf 86' lang='grc' dir='ltr'>Οὐ</span> <span class='ocrx_word' id='word_1_49' title='bbox 699 965 807 1035; x_wconf 85' lang='grc' dir='ltr'>γὰρ</span> <span class='ocrx_word' id='word_1_50' title='bbox 837 963 1004 1028; x_wconf 84' lang='grc' dir='ltr'>ἐστιν,</span> <span class='ocrx_word' id='word_1_51' title='bbox 1037 962 1135 1016; x_wconf 85' lang='grc' dir='ltr'>οὐκ</span> <span class='ocrx_word' id='word_1_52' title='bbox 1157 962 1270 1015; x_wconf 83' lang='grc' dir='ltr'>ἐστι</span> <span class='ocrx_word' id='word_1_53' title='bbox 1295 959 1498 1030; x_wconf 81' lang='grc' dir='ltr'>ταύτης</span> <span class='ocrx_word' id='word_1_54' title='bbox 1532 959 1633 1028; x_wconf 82' lang='grc' dir='ltr'>τῆς</span> <span class='ocrx_word' id='word_1_55' title='bbox 1669 961 1872 1028; x_wconf 88' lang='grc' dir='ltr'>ἀγορα-</span> 
     </span>
    </p>
   </div>
   <div class='ocr_carea' id='block_1_9' title="bbox 285 1048 1871 1128">
    <p class='ocr_par' dir='ltr' id='par_1_9' title="bbox 285 1048 1871 1128">
     <span class='ocr_line' id='line_1_9' title="bbox 285 1048 1871 1128; baseline -0.008 -16"><span class='ocrx_word' id='word_1_56' title='bbox 285 1059 414 1121; x_wconf 88' lang='grc' dir='ltr'>σίας</span> <span class='ocrx_word' id='word_1_57' title='bbox 447 1058 541 1112; x_wconf 75' lang='grc' dir='ltr'>καὶ</span> <span class='ocrx_word' id='word_1_58' title='bbox 592 1055 862 1128; x_wconf 74' lang='grc' dir='ltr'>ἐμπορίας</span> <span class='ocrx_word' id='word_1_59' title='bbox 904 1072 958 1107; x_wconf 88' lang='grc' dir='ltr'>τι</span> <span class='ocrx_word' id='word_1_60' title='bbox 996 1051 1428 1124; x_wconf 74' lang='grc' dir='ltr'>κερδαλεώτερον</span> <span class='ocrx_word' id='word_1_61' title='bbox 1457 1067 1468 1079; x_wconf 84' lang='grc'>·</span> <span class='ocrx_word' id='word_1_62' title='bbox 1513 1049 1721 1118; x_wconf 89' lang='grc' dir='ltr'>γίνεται</span> <span class='ocrx_word' id='word_1_63' title='bbox 1775 1048 1871 1118; x_wconf 86' lang='grc' dir='ltr'>μέν</span> 
     </span>
    </p>
   </div>
   <div class='ocr_carea' id='block_1_10' title="bbox 281 1140 1874 1220">
    <p class='ocr_par' dir='ltr' id='par_1_10' title="bbox 281 1140 1874 1220">
     <span class='ocr_line' id='line_1_10' title="bbox 281 1140 1874 1220; baseline -0.006 -18"><span class='ocrx_word' id='word_1_64' title='bbox 281 1149 402 1220; x_wconf 77' lang='grc' dir='ltr'>γὰρ</span> <span class='ocrx_word' id='word_1_65' title='bbox 429 1150 487 1201; x_wconf 84' lang='grc' dir='ltr'>ἐν</span> <span class='ocrx_word' id='word_1_66' title='bbox 518 1149 585 1218; x_wconf 78' lang='grc' dir='ltr'>τῇ</span> <span class='ocrx_word' id='word_1_67' title='bbox 618 1149 710 1217; x_wconf 82' lang='grc' dir='ltr'>γῇ,</span> <span class='ocrx_word' id='word_1_68' title='bbox 741 1147 975 1198; x_wconf 81' lang='grc' dir='ltr'>τελεῖται</span> <span class='ocrx_word' id='word_1_69' title='bbox 1001 1144 1055 1198; x_wconf 81' lang='grc' dir='ltr'>δέ</span> <span class='ocrx_word' id='word_1_70' title='bbox 1079 1146 1135 1196; x_wconf 91' lang='grc' dir='ltr'>ἐν</span> <span class='ocrx_word' id='word_1_71' title='bbox 1158 1142 1234 1213; x_wconf 80' lang='grc' dir='ltr'>τῷ</span> <span class='ocrx_word' id='word_1_72' title='bbox 1265 1140 1478 1212; x_wconf 87' lang='grc' dir='ltr'>οὐρανῷ</span> <span class='ocrx_word' id='word_1_73' title='bbox 1501 1157 1514 1170; x_wconf 83' lang='lat'><strong><em>°</em></strong></span> <span class='ocrx_word' id='word_1_74' title='bbox 1540 1143 1587 1194; x_wconf 86' lang='grc' dir='ltr'>οί</span> <span class='ocrx_word' id='word_1_75' title='bbox 1621 1141 1720 1210; x_wconf 87' lang='grc' dir='ltr'>μὲν</span> <span class='ocrx_word' id='word_1_76' title='bbox 1746 1141 1874 1208; x_wconf 88' lang='grc' dir='ltr'>ἀγο-</span> 
     </span>
    </p>
   </div>
   <div class='ocr_carea' id='block_1_11' title="bbox 288 1231 1872 1310">
    <p class='ocr_par' dir='ltr' id='par_1_11' title="bbox 288 1231 1872 1310">
     <span class='ocr_line' id='line_1_11' title="bbox 288 1231 1872 1310; baseline -0.004 -20"><span class='ocrx_word' id='word_1_77' title='bbox 288 1241 553 1310; x_wconf 72' lang='grc' dir='ltr'>ράζοντες</span> <span class='ocrx_word' id='word_1_78' title='bbox 601 1238 660 1288; x_wconf 88' lang='grc' dir='ltr'>ἐν</span> <span class='ocrx_word' id='word_1_79' title='bbox 697 1239 760 1306; x_wconf 84' lang='grc' dir='ltr'>τῇ</span> <span class='ocrx_word' id='word_1_80' title='bbox 810 1239 880 1306; x_wconf 83' lang='grc' dir='ltr'>γῇ</span> <span class='ocrx_word' id='word_1_81' title='bbox 923 1235 1251 1304; x_wconf 70' lang='grc' dir='ltr'>ἐστήκασινσ</span> <span class='ocrx_word' id='word_1_82' title='bbox 1298 1231 1626 1303; x_wconf 77' lang='grc' dir='ltr'>ἀγοράζουσι</span> <span class='ocrx_word' id='word_1_83' title='bbox 1671 1231 1727 1284; x_wconf 79' lang='grc' dir='ltr'>δέ</span> <span class='ocrx_word' id='word_1_84' title='bbox 1779 1232 1872 1284; x_wconf 71' lang='grc' dir='ltr'>καὶ</span> 
     </span>
    </p>
   </div>
   <div class='ocr_carea' id='block_1_12' title="bbox 285 1321 1873 1402">
    <p class='ocr_par' dir='ltr' id='par_1_12' title="bbox 285 1321 1873 1402">
     <span class='ocr_line' id='line_1_12' title="bbox 285 1321 1873 1402; baseline -0.005 -18"><span class='ocrx_word' id='word_1_85' title='bbox 285 1330 648 1402; x_wconf 73' lang='grc' dir='ltr'>συμφωνοῦσι</span> <span class='ocrx_word' id='word_1_86' title='bbox 671 1327 743 1380; x_wconf 88' lang='grc' dir='ltr'>τά</span> <span class='ocrx_word' id='word_1_87' title='bbox 769 1329 825 1379; x_wconf 91' lang='grc' dir='ltr'>ἐν</span> <span class='ocrx_word' id='word_1_88' title='bbox 851 1329 962 1389; x_wconf 86' lang='grc' dir='ltr'>τοῖς</span> <span class='ocrx_word' id='word_1_89' title='bbox 984 1327 1250 1396; x_wconf 84' lang='grc' dir='ltr'>οὐρανοῖς,</span> <span class='ocrx_word' id='word_1_90' title='bbox 1277 1324 1470 1396; x_wconf 77' lang='grc' dir='ltr'>γηῖνην</span> <span class='ocrx_word' id='word_1_91' title='bbox 1492 1321 1873 1386; x_wconf 80' lang='grc' dir='ltr'>κατατιθέντες</span> 
     </span>
    </p>
   </div>
   <div class='ocr_carea' id='block_1_13' title="bbox 281 1422 611 1494">
    <p class='ocr_par' dir='ltr' id='par_1_13' title="bbox 281 1422 611 1494">
     <span class='ocr_line' id='line_1_13' title="bbox 281 1422 611 1494; baseline -0.006 -18"><span class='ocrx_word' id='word_1_92' title='bbox 281 1426 391 1494; x_wconf 83' lang='grc' dir='ltr'>τὴν</span> <span class='ocrx_word' id='word_1_93' title='bbox 420 1422 611 1492; x_wconf 87' lang='grc' dir='ltr'>τιμήν.</span> 
     </span>
    </p>
   </div>
   <div class='ocr_carea' id='block_1_14' title="bbox 360 1503 1874 1581">
    <p class='ocr_par' dir='ltr' id='par_1_14' title="bbox 360 1503 1874 1581">
     <span class='ocr_line' id='line_1_14' title="bbox 360 1503 1874 1581; baseline -0.005 -16"><span class='ocrx_word' id='word_1_94' title='bbox 360 1520 434 1581; x_wconf 90' lang='grc' dir='ltr'>γ’.</span> <span class='ocrx_word' id='word_1_95' title='bbox 479 1510 636 1564; x_wconf 81' lang='grc' dir='ltr'>Ἀλλά</span> <span class='ocrx_word' id='word_1_96' title='bbox 667 1510 740 1580; x_wconf 85' lang='grc' dir='ltr'>μὴ</span> <span class='ocrx_word' id='word_1_97' title='bbox 768 1508 1050 1578; x_wconf 83' lang='grc' dir='ltr'>καταγνῷς</span> <span class='ocrx_word' id='word_1_98' title='bbox 1071 1523 1083 1536; x_wconf 87' lang='grc'><strong>·</strong></span> <span class='ocrx_word' id='word_1_99' title='bbox 1115 1506 1175 1560; x_wconf 85' lang='grc' dir='ltr'>οὐ</span> <span class='ocrx_word' id='word_1_100' title='bbox 1198 1505 1494 1577; x_wconf 88' lang='grc' dir='ltr'>χρημάτων</span> <span class='ocrx_word' id='word_1_101' title='bbox 1515 1504 1662 1558; x_wconf 75' lang='grc' dir='ltr'>ἐστὶν</span> <span class='ocrx_word' id='word_1_102' title='bbox 1688 1503 1874 1575; x_wconf 84' lang='grc' dir='ltr'>ὠνητά</span> 
     </span>
    </p>
   </div>
   <div class='ocr_carea' id='block_1_15' title="bbox 289 1595 1876 1672">
    <p class='ocr_par' dir='ltr' id='par_1_15' title="bbox 289 1595 1876 1672">
     <span class='ocr_line' id='line_1_15' title="bbox 289 1595 1876 1672; baseline -0.006 -15"><span class='ocrx_word' id='word_1_103' title='bbox 289 1603 363 1657; x_wconf 82' lang='grc' dir='ltr'>τὰ</span> <span class='ocrx_word' id='word_1_104' title='bbox 394 1602 644 1672; x_wconf 68' lang='grc' dir='ltr'>οὐράνια,</span> <span class='ocrx_word' id='word_1_105' title='bbox 677 1601 737 1654; x_wconf 85' lang='grc' dir='ltr'>οὐ</span> <span class='ocrx_word' id='word_1_106' title='bbox 773 1600 844 1652; x_wconf 81' lang='grc' dir='ltr'>τὰ</span> <span class='ocrx_word' id='word_1_107' title='bbox 891 1599 1148 1670; x_wconf 88' lang='grc' dir='ltr'>χρήματα</span> <span class='ocrx_word' id='word_1_108' title='bbox 1185 1597 1322 1652; x_wconf 87' lang='grc' dir='ltr'>αὐτά</span> <span class='ocrx_word' id='word_1_109' title='bbox 1367 1595 1660 1667; x_wconf 78' lang='grc' dir='ltr'>ἀγοράζει,</span> <span class='ocrx_word' id='word_1_110' title='bbox 1696 1596 1810 1651; x_wconf 78' lang='grc' dir='ltr'>ἀλλ’</span> <span class='ocrx_word' id='word_1_111' title='bbox 1842 1598 1876 1668; x_wconf 88' lang='grc' dir='ltr'>ὴ</span> 
     </span>
    </p>
   </div>
   <div class='ocr_carea' id='block_1_16' title="bbox 287 1689 1876 1767">
    <p class='ocr_par' dir='ltr' id='par_1_16' title="bbox 287 1689 1876 1767">
     <span class='ocr_line' id='line_1_16' title="bbox 287 1689 1876 1767; baseline -0.004 -19"><span class='ocrx_word' id='word_1_112' title='bbox 287 1696 620 1767; x_wconf 84' lang='grc' dir='ltr'>προαίρεσις</span> <span class='ocrx_word' id='word_1_113' title='bbox 647 1692 741 1745; x_wconf 88' lang='grc' dir='ltr'>τοῦ</span> <span class='ocrx_word' id='word_1_114' title='bbox 765 1691 832 1746; x_wconf 88' lang='grc' dir='ltr'>τά</span> <span class='ocrx_word' id='word_1_115' title='bbox 867 1692 1127 1762; x_wconf 75' lang='grc' dir='ltr'>χρήματα</span> <span class='ocrx_word' id='word_1_116' title='bbox 1156 1689 1604 1755; x_wconf 85' lang='grc' dir='ltr'>καταϐάλλοντος,</span> <span class='ocrx_word' id='word_1_117' title='bbox 1649 1691 1683 1760; x_wconf 80' lang='grc' dir='ltr'><strong>ἡ</strong></span> <span class='ocrx_word' id='word_1_118' title='bbox 1723 1689 1876 1758; x_wconf 84' lang='grc' dir='ltr'>φιλο-</span> 
     </span>
    </p>
   </div>
   <div class='ocr_carea' id='block_1_17' title="bbox 288 1777 1876 1854">
    <p class='ocr_par' dir='ltr' id='par_1_17' title="bbox 288 1777 1876 1854">
     <span class='ocr_line' id='line_1_17' title="bbox 288 1777 1876 1854; baseline -0.005 -13"><span class='ocrx_word' id='word_1_119' title='bbox 288 1787 485 1854; x_wconf 81' lang='grc' dir='ltr'>σοφία,</span> <span class='ocrx_word' id='word_1_120' title='bbox 515 1785 574 1840; x_wconf 80' lang='grc' dir='ltr'>τδ</span> <span class='ocrx_word' id='word_1_121' title='bbox 604 1785 710 1839; x_wconf 89' lang='grc' dir='ltr'>τῶν</span> <span class='ocrx_word' id='word_1_122' title='bbox 736 1782 1008 1854; x_wconf 82' lang='grc' dir='ltr'>βιωτικῶν</span> <span class='ocrx_word' id='word_1_123' title='bbox 1030 1783 1286 1854; x_wconf 83' lang='grc' dir='ltr'>ἀνωτέρω</span> <span class='ocrx_word' id='word_1_124' title='bbox 1316 1777 1475 1845; x_wconf 76' lang='grc' dir='ltr'>εἶναι,</span> <span class='ocrx_word' id='word_1_125' title='bbox 1507 1783 1541 1853; x_wconf 78' lang='grc' dir='ltr'>ὴ</span> <span class='ocrx_word' id='word_1_126' title='bbox 1573 1781 1876 1852; x_wconf 80' lang='grc' dir='ltr'>φιλανθρω-</span> 
     </span>
    </p>
   </div>
   <div class='ocr_carea' id='block_1_18' title="bbox 289 1872 1874 1949">
    <p class='ocr_par' dir='ltr' id='par_1_18' title="bbox 289 1872 1874 1949">
     <span class='ocr_line' id='line_1_18' title="bbox 289 1872 1874 1949; baseline -0.005 -16"><span class='ocrx_word' id='word_1_127' title='bbox 289 1881 424 1943; x_wconf 80' lang='grc' dir='ltr'>πία,</span> <span class='ocrx_word' id='word_1_128' title='bbox 464 1881 498 1949; x_wconf 81' lang='grc' dir='ltr'>ὴ</span> <span class='ocrx_word' id='word_1_129' title='bbox 532 1876 891 1947; x_wconf 85' lang='grc' dir='ltr'>ἐλεημοσύνη,</span> <span class='ocrx_word' id='word_1_130' title='bbox 941 1875 1094 1928; x_wconf 77' lang='grc' dir='ltr'>Ἐπεὶ</span> <span class='ocrx_word' id='word_1_131' title='bbox 1121 1877 1169 1927; x_wconf 82' lang='grc' dir='ltr'>εί</span> <span class='ocrx_word' id='word_1_132' title='bbox 1200 1874 1262 1927; x_wconf 73' lang='grc' dir='ltr'>τὸ</span> <span class='ocrx_word' id='word_1_133' title='bbox 1290 1874 1550 1945; x_wconf 85' lang='grc' dir='ltr'>ἀργύριον</span> <span class='ocrx_word' id='word_1_134' title='bbox 1583 1872 1874 1944; x_wconf 76' lang='grc' dir='ltr'>ἠγόραζεν,</span> 
     </span>
    </p>
   </div>
   <div class='ocr_carea' id='block_1_19' title="bbox 293 1966 1874 2043">
    <p class='ocr_par' dir='ltr' id='par_1_19' title="bbox 293 1966 1874 2043">
     <span class='ocr_line' id='line_1_19' title="bbox 293 1966 1874 2043; baseline -0.004 -19"><span class='ocrx_word' id='word_1_135' title='bbox 293 1975 333 2043; x_wconf 81' lang='grc' dir='ltr'>ὴ</span> <span class='ocrx_word' id='word_1_136' title='bbox 368 1971 437 2024; x_wconf 74' lang='grc' dir='ltr'>τὰ</span> <span class='ocrx_word' id='word_1_137' title='bbox 475 1970 566 2023; x_wconf 88' lang='grc' dir='ltr'>δύο</span> <span class='ocrx_word' id='word_1_138' title='bbox 591 1969 766 2023; x_wconf 85' lang='grc' dir='ltr'>λεπτά</span> <span class='ocrx_word' id='word_1_139' title='bbox 797 1967 1175 2022; x_wconf 89' lang='grc' dir='ltr'>καταϐαλοῦσα</span> <span class='ocrx_word' id='word_1_140' title='bbox 1212 1967 1364 2019; x_wconf 84' lang='grc' dir='ltr'>οὐδὲν</span> <span class='ocrx_word' id='word_1_141' title='bbox 1404 1967 1469 2020; x_wconf 83' lang='grc' dir='ltr'>ἂν</span> <span class='ocrx_word' id='word_1_142' title='bbox 1511 1967 1670 2020; x_wconf 86' lang='grc' dir='ltr'>ἐλαϐε</span> <span class='ocrx_word' id='word_1_143' title='bbox 1700 1966 1874 2036; x_wconf 69' lang='grc' dir='ltr'>μέγα*</span> 
     </span>
    </p>
   </div>
   <div class='ocr_carea' id='block_1_20' title="bbox 291 2054 1875 2128">
    <p class='ocr_par' dir='ltr' id='par_1_20' title="bbox 291 2054 1875 2128">
     <span class='ocr_line' id='line_1_20' title="bbox 291 2054 1875 2128; baseline -0.005 -14"><span class='ocrx_word' id='word_1_144' title='bbox 291 2060 488 2128; x_wconf 75' lang='grc' dir='ltr'>ἐπειδὴ</span> <span class='ocrx_word' id='word_1_145' title='bbox 517 2060 573 2111; x_wconf 86' lang='grc' dir='ltr'>δέ</span> <span class='ocrx_word' id='word_1_146' title='bbox 597 2058 660 2112; x_wconf 87' lang='grc' dir='ltr'>οὐ</span> <span class='ocrx_word' id='word_1_147' title='bbox 683 2057 743 2110; x_wconf 79' lang='grc' dir='ltr'>τὸ</span> <span class='ocrx_word' id='word_1_148' title='bbox 775 2055 1059 2128; x_wconf 86' lang='grc' dir='ltr'>ἀργύριον,</span> <span class='ocrx_word' id='word_1_149' title='bbox 1085 2054 1200 2108; x_wconf 80' lang='grc' dir='ltr'>ἀλλ’</span> <span class='ocrx_word' id='word_1_150' title='bbox 1225 2057 1258 2125; x_wconf 83' lang='grc' dir='ltr'>ὴ</span> <span class='ocrx_word' id='word_1_151' title='bbox 1286 2055 1604 2127; x_wconf 87' lang='grc' dir='ltr'>προαίρεσις</span> <span class='ocrx_word' id='word_1_152' title='bbox 1637 2056 1875 2124; x_wconf 75' lang='grc' dir='ltr'>ἴσχυσεν,</span> 
     </span>
    </p>
   </div>
   <div class='ocr_carea' id='block_1_21' title="bbox 290 2145 1874 2220">
    <p class='ocr_par' dir='ltr' id='par_1_21' title="bbox 290 2145 1874 2220">
     <span class='ocr_line' id='line_1_21' title="bbox 290 2145 1874 2220; baseline -0.005 -14"><span class='ocrx_word' id='word_1_153' title='bbox 290 2152 480 2220; x_wconf 69' lang='grc' dir='ltr'>ἐκείνη</span> <span class='ocrx_word' id='word_1_154' title='bbox 513 2154 697 2204; x_wconf 81' lang='grc' dir='ltr'>πᾶσαν</span> <span class='ocrx_word' id='word_1_155' title='bbox 717 2149 1036 2219; x_wconf 88' lang='grc' dir='ltr'>προαίρεσιν</span> <span class='ocrx_word' id='word_1_156' title='bbox 1064 2146 1472 2217; x_wconf 82' lang='grc' dir='ltr'>ἐπιδειξαμένη,</span> <span class='ocrx_word' id='word_1_157' title='bbox 1500 2147 1674 2200; x_wconf 86' lang='grc' dir='ltr'>πάντα</span> <span class='ocrx_word' id='word_1_158' title='bbox 1693 2145 1874 2198; x_wconf 71' lang='grc' dir='ltr'>ἔλαϐε.</span> 
     </span>
    </p>
   </div>
   <div class='ocr_carea' id='block_1_22' title="bbox 291 2235 1878 2316">
    <p class='ocr_par' dir='ltr' id='par_1_22' title="bbox 291 2235 1878 2316">
     <span class='ocr_line' id='line_1_22' title="bbox 291 2235 1878 2316; baseline -0.006 -20"><span class='ocrx_word' id='word_1_159' title='bbox 291 2245 391 2316; x_wconf 78' lang='grc' dir='ltr'>Μὴ</span> <span class='ocrx_word' id='word_1_160' title='bbox 420 2243 604 2295; x_wconf 81' lang='grc' dir='ltr'>τοίνυν</span> <span class='ocrx_word' id='word_1_161' title='bbox 659 2239 928 2309; x_wconf 82' lang='grc' dir='ltr'>λέγωμεν,</span> <span class='ocrx_word' id='word_1_162' title='bbox 969 2238 1051 2291; x_wconf 81' lang='grc' dir='ltr'>ὅτι</span> <span class='ocrx_word' id='word_1_163' title='bbox 1096 2236 1283 2307; x_wconf 84' lang='grc' dir='ltr'>ὠνητὴ</span> <span class='ocrx_word' id='word_1_164' title='bbox 1330 2235 1628 2307; x_wconf 86' lang='grc' dir='ltr'>χρημάτων</span> <span class='ocrx_word' id='word_1_165' title='bbox 1661 2235 1806 2288; x_wconf 72' lang='grc' dir='ltr'>ἐστὶν</span> <span class='ocrx_word' id='word_1_166' title='bbox 1844 2235 1878 2303; x_wconf 78' lang='grc' dir='ltr'><strong>ἡ</strong></span> 
     </span>
    </p>
   </div>
   <div class='ocr_carea' id='block_1_23' title="bbox 294 2327 1880 2405">
    <p class='ocr_par' dir='ltr' id='par_1_23' title="bbox 294 2327 1880 2405">
     <span class='ocr_line' id='line_1_23' title="bbox 294 2327 1880 2405; baseline -0.005 -18"><span class='ocrx_word' id='word_1_167' title='bbox 294 2334 551 2405; x_wconf 84' lang='grc' dir='ltr'>βασιλεία</span> <span class='ocrx_word' id='word_1_168' title='bbox 575 2349 588 2362; x_wconf 92' lang='grc'><strong>·</strong></span> <span class='ocrx_word' id='word_1_169' title='bbox 625 2332 688 2385; x_wconf 89' lang='grc' dir='ltr'>οὐ</span> <span class='ocrx_word' id='word_1_170' title='bbox 718 2331 1018 2402; x_wconf 83' lang='grc' dir='ltr'>χρημάτων</span> <span class='ocrx_word' id='word_1_171' title='bbox 1041 2369 1054 2392; x_wconf 91' lang='grc'>,</span> <span class='ocrx_word' id='word_1_172' title='bbox 1085 2329 1223 2383; x_wconf 85' lang='grc' dir='ltr'>ἀλλὰ</span> <span class='ocrx_word' id='word_1_173' title='bbox 1261 2329 1632 2398; x_wconf 87' lang='grc' dir='ltr'>προαιρέσεως</span> <span class='ocrx_word' id='word_1_174' title='bbox 1661 2328 1761 2397; x_wconf 79' lang='grc' dir='ltr'>τῆς</span> <span class='ocrx_word' id='word_1_175' title='bbox 1793 2327 1880 2380; x_wconf 82' lang='grc' dir='ltr'>διὰ</span> 
     </span>
    </p>
   </div>
   <div class='ocr_carea' id='block_1_24' title="bbox 294 2415 1876 2495">
    <p class='ocr_par' dir='ltr' id='par_1_24' title="bbox 294 2415 1876 2495">
     <span class='ocr_line' id='line_1_24' title="bbox 294 2415 1876 2495; baseline -0.003 -20"><span class='ocrx_word' id='word_1_176' title='bbox 294 2423 606 2495; x_wconf 88' lang='grc' dir='ltr'>χρημάτων</span> <span class='ocrx_word' id='word_1_177' title='bbox 653 2419 1121 2489; x_wconf 89' lang='grc' dir='ltr'>ἐπιδεικνυμένης.</span> <span class='ocrx_word' id='word_1_178' title='bbox 1163 2415 1372 2470; x_wconf 87' lang='grc' dir='ltr'>Οὐκοῦν</span> <span class='ocrx_word' id='word_1_179' title='bbox 1421 2417 1502 2469; x_wconf 86' lang='grc' dir='ltr'>δεῖ</span> <span class='ocrx_word' id='word_1_180' title='bbox 1545 2417 1876 2487; x_wconf 88' lang='grc' dir='ltr'>χρημάτων,</span> 
     </span>
    </p>
   </div>
   <div class='ocr_carea' id='block_1_25' title="bbox 292 2506 1884 2584">
    <p class='ocr_par' dir='ltr' id='par_1_25' title="bbox 292 2506 1884 2584">
     <span class='ocr_line' id='line_1_25' title="bbox 292 2506 1884 2584; baseline -0.006 -17"><span class='ocrx_word' id='word_1_181' title='bbox 292 2514 463 2584; x_wconf 80' lang='grc' dir='ltr'>φησίν</span> <span class='ocrx_word' id='word_1_182' title='bbox 487 2531 503 2579; x_wconf 87' lang='grc'><strong>;</strong></span> <span class='ocrx_word' id='word_1_183' title='bbox 532 2513 610 2565; x_wconf 88' lang='grc' dir='ltr'>Οὐ</span> <span class='ocrx_word' id='word_1_184' title='bbox 628 2512 711 2564; x_wconf 86' lang='grc' dir='ltr'>δεῖ</span> <span class='ocrx_word' id='word_1_185' title='bbox 738 2510 1055 2580; x_wconf 84' lang='grc' dir='ltr'>χρημάτων,</span> <span class='ocrx_word' id='word_1_186' title='bbox 1075 2508 1215 2562; x_wconf 81' lang='grc' dir='ltr'>ἀλλὰ</span> <span class='ocrx_word' id='word_1_187' title='bbox 1235 2507 1609 2580; x_wconf 86' lang='grc' dir='ltr'>προαιρέσεως</span> <span class='ocrx_word' id='word_1_188' title='bbox 1631 2525 1643 2536; x_wconf 93' lang='grc'><strong>·</strong></span> <span class='ocrx_word' id='word_1_189' title='bbox 1667 2506 1732 2560; x_wconf 83' lang='grc' dir='ltr'>ἂν</span> <span class='ocrx_word' id='word_1_190' title='bbox 1751 2507 1884 2560; x_wconf 84' lang='grc' dir='ltr'>ταύ-</span> 
     </span>
    </p>
   </div>
   <div class='ocr_carea' id='block_1_26' title="bbox 291 2596 1882 2675">
    <p class='ocr_par' dir='ltr' id='par_1_26' title="bbox 291 2596 1882 2675">
     <span class='ocr_line' id='line_1_26' title="bbox 291 2596 1882 2675; baseline -0.006 -19"><span class='ocrx_word' id='word_1_191' title='bbox 291 2623 395 2675; x_wconf 75' lang='grc' dir='ltr'>την</span> <span class='ocrx_word' id='word_1_192' title='bbox 423 2603 580 2674; x_wconf 71' lang='grc' dir='ltr'>ἔχῃς,</span> <span class='ocrx_word' id='word_1_193' title='bbox 615 2601 819 2671; x_wconf 78' lang='grc' dir='ltr'>δυνήσῃ</span> <span class='ocrx_word' id='word_1_194' title='bbox 863 2601 955 2653; x_wconf 71' lang='grc' dir='ltr'>καὶ</span> <span class='ocrx_word' id='word_1_195' title='bbox 992 2599 1078 2651; x_wconf 85' lang='grc' dir='ltr'>διά</span> <span class='ocrx_word' id='word_1_196' title='bbox 1107 2597 1199 2651; x_wconf 92' lang='grc' dir='ltr'>δύο</span> <span class='ocrx_word' id='word_1_197' title='bbox 1231 2598 1442 2650; x_wconf 82' lang='grc' dir='ltr'>λεπτῶν</span> <span class='ocrx_word' id='word_1_198' title='bbox 1486 2597 1753 2667; x_wconf 85' lang='grc' dir='ltr'>ἀγοράσαι</span> <span class='ocrx_word' id='word_1_199' title='bbox 1793 2596 1882 2648; x_wconf 82' lang='grc' dir='ltr'>τὸν</span> 
     </span>
    </p>
   </div>
   <div class='ocr_carea' id='block_1_27' title="bbox 289 2687 1882 2766">
    <p class='ocr_par' dir='ltr' id='par_1_27' title="bbox 289 2687 1882 2766">
     <span class='ocr_line' id='line_1_27' title="bbox 289 2687 1882 2766; baseline -0.009 -16"><span class='ocrx_word' id='word_1_200' title='bbox 289 2695 532 2766; x_wconf 82' lang='grc' dir='ltr'>οὐρανόν</span> <span class='ocrx_word' id='word_1_201' title='bbox 555 2709 570 2723; x_wconf 90' lang='grc'><strong>·</strong></span> <span class='ocrx_word' id='word_1_202' title='bbox 607 2691 684 2762; x_wconf 88' lang='grc' dir='ltr'>μὴ</span> <span class='ocrx_word' id='word_1_203' title='bbox 720 2690 886 2760; x_wconf 84' lang='grc' dir='ltr'>οῦσης</span> <span class='ocrx_word' id='word_1_204' title='bbox 923 2690 978 2742; x_wconf 87' lang='grc' dir='ltr'>δέ</span> <span class='ocrx_word' id='word_1_205' title='bbox 1011 2689 1234 2760; x_wconf 82' lang='grc' dir='ltr'>ταύτης,</span> <span class='ocrx_word' id='word_1_206' title='bbox 1281 2689 1400 2742; x_wconf 81' lang='grc' dir='ltr'>οὐδὲ</span> <span class='ocrx_word' id='word_1_207' title='bbox 1435 2689 1605 2758; x_wconf 86' lang='grc' dir='ltr'>μυρία</span> <span class='ocrx_word' id='word_1_208' title='bbox 1645 2687 1882 2758; x_wconf 84' lang='grc' dir='ltr'>τάλαντα</span> 
     </span>
    </p>
   </div>
   <div class='ocr_carea' id='block_1_28' title="bbox 293 2777 1880 2858">
    <p class='ocr_par' dir='ltr' id='par_1_28' title="bbox 293 2777 1880 2858">
     <span class='ocr_line' id='line_1_28' title="bbox 293 2777 1880 2858; baseline -0.004 -21"><span class='ocrx_word' id='word_1_209' title='bbox 293 2784 504 2858; x_wconf 77' lang='grc' dir='ltr'>χρυσοῦ</span> <span class='ocrx_word' id='word_1_210' title='bbox 534 2781 694 2835; x_wconf 87' lang='grc' dir='ltr'>τοῦτο</span> <span class='ocrx_word' id='word_1_211' title='bbox 716 2781 1024 2850; x_wconf 78' lang='grc' dir='ltr'>δυνήσεται,</span> <span class='ocrx_word' id='word_1_212' title='bbox 1055 2781 1192 2850; x_wconf 86' lang='grc' dir='ltr'>ὅπερ</span> <span class='ocrx_word' id='word_1_213' title='bbox 1224 2780 1290 2832; x_wconf 81' lang='grc' dir='ltr'>τά</span> <span class='ocrx_word' id='word_1_214' title='bbox 1323 2779 1416 2831; x_wconf 88' lang='grc' dir='ltr'>δύο</span> <span class='ocrx_word' id='word_1_215' title='bbox 1444 2777 1636 2832; x_wconf 89' lang='grc' dir='ltr'>λεπτά.</span> <span class='ocrx_word' id='word_1_216' title='bbox 1669 2779 1766 2831; x_wconf 86' lang='grc' dir='ltr'>Διά</span> <span class='ocrx_word' id='word_1_217' title='bbox 1793 2777 1880 2844; x_wconf 72' lang='grc' dir='ltr'>τίς</span> 
     </span>
    </p>
   </div>
   <div class='ocr_carea' id='block_1_29' title="bbox 298 2868 1885 2944">
    <p class='ocr_par' dir='ltr' id='par_1_29' title="bbox 298 2868 1885 2944">
     <span class='ocr_line' id='line_1_29' title="bbox 298 2868 1885 2944; baseline -0.007 -13"><span class='ocrx_word' id='word_1_218' title='bbox 298 2879 475 2931; x_wconf 84' lang='grc' dir='ltr'>Ὅταν</span> <span class='ocrx_word' id='word_1_219' title='bbox 505 2875 618 2944; x_wconf 85' lang='grc' dir='ltr'>γὰρ</span> <span class='ocrx_word' id='word_1_220' title='bbox 653 2872 824 2926; x_wconf 85' lang='grc' dir='ltr'>πολλά</span> <span class='ocrx_word' id='word_1_221' title='bbox 848 2872 1006 2941; x_wconf 78' lang='grc' dir='ltr'>ἔχων,</span> <span class='ocrx_word' id='word_1_222' title='bbox 1036 2870 1296 2924; x_wconf 88' lang='grc' dir='ltr'>ἐλάττονα</span> <span class='ocrx_word' id='word_1_223' title='bbox 1332 2869 1662 2940; x_wconf 87' lang='grc' dir='ltr'>καταϐάλῃς,</span> <span class='ocrx_word' id='word_1_224' title='bbox 1699 2868 1885 2938; x_wconf 86' lang='grc' dir='ltr'>ἐποίη-</span> 
     </span>
    </p>
   </div>
   <div class='ocr_carea' id='block_1_30' title="bbox 297 2957 1881 3036">
    <p class='ocr_par' dir='ltr' id='par_1_30' title="bbox 297 2957 1881 3036">
     <span class='ocr_line' id='line_1_30' title="bbox 297 2957 1881 3036; baseline -0.01 -18"><span class='ocrx_word' id='word_1_225' title='bbox 297 2983 398 3029; x_wconf 84' lang='grc' dir='ltr'>σας</span> <span class='ocrx_word' id='word_1_226' title='bbox 435 2965 540 3036; x_wconf 86' lang='grc' dir='ltr'>μὲν</span> <span class='ocrx_word' id='word_1_227' title='bbox 568 2960 957 3031; x_wconf 87' lang='grc' dir='ltr'>ἐλεημοσύνην,</span> <span class='ocrx_word' id='word_1_228' title='bbox 996 2959 1055 3012; x_wconf 86' lang='grc' dir='ltr'>οὐ</span> <span class='ocrx_word' id='word_1_229' title='bbox 1077 2959 1344 3029; x_wconf 75' lang='grc' dir='ltr'>τοσαύτην</span> <span class='ocrx_word' id='word_1_230' title='bbox 1376 2959 1430 3012; x_wconf 85' lang='grc' dir='ltr'>δέ</span> <span class='ocrx_word' id='word_1_231' title='bbox 1459 2959 1591 3028; x_wconf 82' lang='grc' dir='ltr'>ὅσην</span> <span class='ocrx_word' id='word_1_232' title='bbox 1629 2959 1662 3027; x_wconf 76' lang='grc' dir='ltr'>ὴ</span> <span class='ocrx_word' id='word_1_233' title='bbox 1699 2957 1843 3028; x_wconf 74' lang='grc' dir='ltr'>χήρα</span> <span class='ocrx_word' id='word_1_234' title='bbox 1867 2973 1881 2987; x_wconf 75' lang='grc' dir='ltr'><strong>ο</strong></span> 
     </span>
    </p>
   </div>
   <div class='ocr_carea' id='block_1_31' title="bbox 295 3048 1884 3126">
    <p class='ocr_par' dir='ltr' id='par_1_31' title="bbox 295 3048 1884 3126">
     <span class='ocr_line' id='line_1_31' title="bbox 295 3048 1884 3126; baseline -0.007 -16"><span class='ocrx_word' id='word_1_235' title='bbox 295 3058 358 3110; x_wconf 87' lang='grc' dir='ltr'>οὐ</span> <span class='ocrx_word' id='word_1_236' title='bbox 396 3055 514 3126; x_wconf 78' lang='grc' dir='ltr'>γὰρ</span> <span class='ocrx_word' id='word_1_237' title='bbox 559 3052 695 3124; x_wconf 87' lang='grc' dir='ltr'>μετά</span> <span class='ocrx_word' id='word_1_238' title='bbox 739 3051 1005 3121; x_wconf 75' lang='grc' dir='ltr'>τοσαύτης</span> <span class='ocrx_word' id='word_1_239' title='bbox 1055 3049 1361 3121; x_wconf 84' lang='grc' dir='ltr'>προθυμίας</span> <span class='ocrx_word' id='word_1_240' title='bbox 1401 3048 1730 3112; x_wconf 83' lang='grc' dir='ltr'>κατέϐαλες,</span> <span class='ocrx_word' id='word_1_241' title='bbox 1765 3048 1884 3119; x_wconf 87' lang='grc' dir='ltr'>μεθ’</span> 
     </span>
    </p>
   </div>
   <div class='ocr_carea' id='block_1_32' title="bbox 295 3138 1884 3218">
    <p class='ocr_par' dir='ltr' id='par_1_32' title="bbox 295 3138 1884 3218">
     <span class='ocr_line' id='line_1_32' title="bbox 295 3138 1884 3218; baseline -0.007 -15"><span class='ocrx_word' id='word_1_242' title='bbox 295 3150 434 3218; x_wconf 73' lang='grc' dir='ltr'>ὅσης</span> <span class='ocrx_word' id='word_1_243' title='bbox 465 3144 618 3218; x_wconf 76' lang='grc'><strong>[514]</strong></span> <span class='ocrx_word' id='word_1_244' title='bbox 647 3143 827 3214; x_wconf 84' lang='grc' dir='ltr'>ἐκείνη</span> <span class='ocrx_word' id='word_1_245' title='bbox 857 3160 872 3174; x_wconf 77' lang='grc' dir='ltr'><strong>ο</strong></span> <span class='ocrx_word' id='word_1_246' title='bbox 905 3143 1122 3195; x_wconf 88' lang='grc' dir='ltr'>πάντων</span> <span class='ocrx_word' id='word_1_247' title='bbox 1154 3140 1261 3210; x_wconf 82' lang='grc' dir='ltr'>γὰρ</span> <span class='ocrx_word' id='word_1_248' title='bbox 1289 3138 1486 3208; x_wconf 80' lang='grc' dir='ltr'>ἑαυτὴν</span> <span class='ocrx_word' id='word_1_249' title='bbox 1517 3139 1884 3210; x_wconf 83' lang='grc' dir='ltr'>ἀπεστέρησε,</span> 
     </span>
    </p>
   </div>
   <div class='ocr_carea' id='block_1_33' title="bbox 300 3231 1884 3310">
    <p class='ocr_par' dir='ltr' id='par_1_33' title="bbox 300 3231 1884 3310">
     <span class='ocr_line' id='line_1_33' title="bbox 300 3231 1884 3310; baseline -0.006 -17"><span class='ocrx_word' id='word_1_250' title='bbox 300 3239 510 3310; x_wconf 78' lang='grc' dir='ltr'>μᾶλλον</span> <span class='ocrx_word' id='word_1_251' title='bbox 542 3237 599 3289; x_wconf 83' lang='grc' dir='ltr'>δέ</span> <span class='ocrx_word' id='word_1_252' title='bbox 631 3237 732 3288; x_wconf 89' lang='grc' dir='ltr'>οὐκ</span> <span class='ocrx_word' id='word_1_253' title='bbox 762 3234 1158 3303; x_wconf 81' lang='grc' dir='ltr'>ἀπεστέρησεν,</span> <span class='ocrx_word' id='word_1_254' title='bbox 1195 3231 1330 3285; x_wconf 86' lang='grc' dir='ltr'>ἀλλά</span> <span class='ocrx_word' id='word_1_255' title='bbox 1357 3231 1534 3284; x_wconf 88' lang='grc' dir='ltr'>πάντα</span> <span class='ocrx_word' id='word_1_256' title='bbox 1563 3232 1730 3302; x_wconf 74' lang='grc' dir='ltr'>ἑαυτῇ</span> <span class='ocrx_word' id='word_1_257' title='bbox 1753 3233 1884 3301; x_wconf 88' lang='grc' dir='ltr'>ἐχα-</span> 
     </span>
    </p>
   </div>
   <div class='ocr_carea' id='block_1_34' title="bbox 303 3323 1883 3404">
    <p class='ocr_par' dir='ltr' id='par_1_34' title="bbox 303 3323 1883 3404">
     <span class='ocr_line' id='line_1_34' title="bbox 303 3323 1883 3404; baseline -0.005 -21"><span class='ocrx_word' id='word_1_258' title='bbox 303 3332 521 3404; x_wconf 82' lang='grc' dir='ltr'>ρίσατο.</span> <span class='ocrx_word' id='word_1_259' title='bbox 559 3329 633 3380; x_wconf 89' lang='grc' dir='ltr'>Οὐ</span> <span class='ocrx_word' id='word_1_260' title='bbox 657 3327 933 3380; x_wconf 81' lang='grc' dir='ltr'>ταλάντων</span> <span class='ocrx_word' id='word_1_261' title='bbox 972 3323 1194 3396; x_wconf 87' lang='grc' dir='ltr'>χρυσοῦ,</span> <span class='ocrx_word' id='word_1_262' title='bbox 1225 3323 1364 3376; x_wconf 80' lang='grc' dir='ltr'>ἀλλά</span> <span class='ocrx_word' id='word_1_263' title='bbox 1387 3324 1647 3394; x_wconf 83' lang='grc' dir='ltr'>ποτηρίου</span> <span class='ocrx_word' id='word_1_264' title='bbox 1675 3323 1883 3394; x_wconf 79' lang='grc' dir='ltr'>ψυχροῦ</span> 
     </span>
    </p>
   </div>
   <div class='ocr_carea' id='block_1_35' title="bbox 296 3414 1882 3495">
    <p class='ocr_par' dir='ltr' id='par_1_35' title="bbox 296 3414 1882 3495">
     <span class='ocr_line' id='line_1_35' title="bbox 296 3414 1882 3495; baseline -0.008 -17"><span class='ocrx_word' id='word_1_265' title='bbox 296 3426 401 3495; x_wconf 84' lang='grc' dir='ltr'>τὴν</span> <span class='ocrx_word' id='word_1_266' title='bbox 437 3421 714 3492; x_wconf 81' lang='grc' dir='ltr'>βασιλείαν</span> <span class='ocrx_word' id='word_1_267' title='bbox 745 3419 1012 3489; x_wconf 82' lang='grc' dir='ltr'>ὑπέσχετο</span> <span class='ocrx_word' id='word_1_268' title='bbox 1033 3420 1060 3470; x_wconf 98' lang='lat'>6</span> <span class='ocrx_word' id='word_1_269' title='bbox 1090 3417 1242 3480; x_wconf 80' lang='grc' dir='ltr'>Θεὸς,</span> <span class='ocrx_word' id='word_1_270' title='bbox 1277 3414 1416 3469; x_wconf 86' lang='grc' dir='ltr'>ἀλλά</span> <span class='ocrx_word' id='word_1_271' title='bbox 1446 3415 1755 3486; x_wconf 86' lang='grc' dir='ltr'>προθυμίας</span> <span class='ocrx_word' id='word_1_272' title='bbox 1781 3433 1793 3445; x_wconf 72' lang='grc' dir='ltr'><strong>ο</strong></span> <span class='ocrx_word' id='word_1_273' title='bbox 1821 3414 1882 3466; x_wconf 90' lang='grc' dir='ltr'>οὐ</span> 
     </span>
    </p>
   </div>
   <div class='ocr_carea' id='block_1_36' title="bbox 301 3504 1881 3578">
    <p class='ocr_par' dir='ltr' id='par_1_36' title="bbox 301 3504 1881 3578">
     <span class='ocr_line' id='line_1_36' title="bbox 301 3504 1881 3578; baseline -0.004 -14"><span class='ocrx_word' id='word_1_274' title='bbox 301 3512 568 3571; x_wconf 79' lang='grc' dir='ltr'>Θανάτου,</span> <span class='ocrx_word' id='word_1_275' title='bbox 598 3508 732 3562; x_wconf 76' lang='grc' dir='ltr'>ἀλλὰ</span> <span class='ocrx_word' id='word_1_276' title='bbox 761 3506 1132 3578; x_wconf 86' lang='grc' dir='ltr'>προαιρέσεως</span> <span class='ocrx_word' id='word_1_277' title='bbox 1161 3522 1174 3535; x_wconf 89' lang='grc'><strong>·</strong></span> <span class='ocrx_word' id='word_1_278' title='bbox 1208 3504 1330 3557; x_wconf 79' lang='grc' dir='ltr'>ἐπεὶ</span> <span class='ocrx_word' id='word_1_279' title='bbox 1353 3504 1469 3557; x_wconf 85' lang='grc' dir='ltr'>οὐδέ</span> <span class='ocrx_word' id='word_1_280' title='bbox 1501 3504 1643 3574; x_wconf 88' lang='grc' dir='ltr'>μέγα</span> <span class='ocrx_word' id='word_1_281' title='bbox 1670 3504 1720 3556; x_wconf 90' lang='grc' dir='ltr'>τί</span> <span class='ocrx_word' id='word_1_282' title='bbox 1747 3507 1881 3558; x_wconf 87' lang='grc' dir='ltr'>ἐστι.</span> 
     </span>
    </p>
   </div>
   <div class='ocr_carea' id='block_1_37' title="bbox 302 3597 1888 3674">
    <p class='ocr_par' dir='ltr' id='par_1_37' title="bbox 302 3597 1888 3674">
     <span class='ocr_line' id='line_1_37' title="bbox 302 3597 1888 3674; baseline -0.006 -15"><span class='ocrx_word' id='word_1_283' title='bbox 302 3608 375 3659; x_wconf 86' lang='grc' dir='ltr'>Τί</span> <span class='ocrx_word' id='word_1_284' title='bbox 400 3606 511 3674; x_wconf 80' lang='grc' dir='ltr'>γάρ</span> <span class='ocrx_word' id='word_1_285' title='bbox 541 3605 654 3656; x_wconf 80' lang='grc' dir='ltr'>ἐστι</span> <span class='ocrx_word' id='word_1_286' title='bbox 679 3602 807 3672; x_wconf 86' lang='grc' dir='ltr'>μίαν</span> <span class='ocrx_word' id='word_1_287' title='bbox 836 3599 1010 3670; x_wconf 72' lang='grc' dir='ltr'>ψυχὴν</span> <span class='ocrx_word' id='word_1_288' title='bbox 1039 3598 1256 3660; x_wconf 86' lang='grc' dir='ltr'>δοῦναι;</span> <span class='ocrx_word' id='word_1_289' title='bbox 1288 3597 1528 3651; x_wconf 81' lang='grc' dir='ltr'>Ἔδωκεν</span> <span class='ocrx_word' id='word_1_290' title='bbox 1557 3597 1652 3649; x_wconf 76' lang='grc' dir='ltr'>ἕνα</span> <span class='ocrx_word' id='word_1_291' title='bbox 1686 3597 1888 3666; x_wconf 78' lang='grc' dir='ltr'>ἄνθρω-</span> 
     </span>
    </p>
   </div>
   <div class='ocr_carea' id='block_1_38' title="bbox 302 3689 1884 3763">
    <p class='ocr_par' dir='ltr' id='par_1_38' title="bbox 302 3689 1884 3763">
     <span class='ocr_line' id='line_1_38' title="bbox 302 3689 1884 3763; baseline -0.006 -13"><span class='ocrx_word' id='word_1_292' title='bbox 302 3714 414 3750; x_wconf 87' lang='grc' dir='ltr'>πον</span> <span class='ocrx_word' id='word_1_293' title='bbox 438 3713 451 3726; x_wconf 72' lang='grc' dir='ltr'><strong>ο</strong></span> <span class='ocrx_word' id='word_1_294' title='bbox 487 3690 566 3758; x_wconf 79' lang='grc' dir='ltr'>εἷς</span> <span class='ocrx_word' id='word_1_295' title='bbox 597 3695 652 3747; x_wconf 85' lang='grc' dir='ltr'>δέ</span> <span class='ocrx_word' id='word_1_296' title='bbox 685 3692 972 3763; x_wconf 83' lang='grc' dir='ltr'>ἄνθρωπος</span> <span class='ocrx_word' id='word_1_297' title='bbox 998 3691 1095 3743; x_wconf 88' lang='grc' dir='ltr'>οὐκ</span> <span class='ocrx_word' id='word_1_298' title='bbox 1123 3689 1269 3742; x_wconf 81' lang='grc' dir='ltr'>ἐστιν</span> <span class='ocrx_word' id='word_1_299' title='bbox 1302 3689 1573 3754; x_wconf 77' lang='grc' dir='ltr'>ἀντάξιος.</span> <span class='ocrx_word' id='word_1_300' title='bbox 1624 3689 1752 3741; x_wconf 85' lang='grc' dir='ltr'>Ὅτι</span> <span class='ocrx_word' id='word_1_301' title='bbox 1784 3689 1884 3741; x_wconf 81' lang='grc' dir='ltr'>καί</span> 
     </span>
    </p>
   </div>
   <div class='ocr_carea' id='block_1_39' title="bbox 297 3779 1887 3851">
    <p class='ocr_par' dir='ltr' id='par_1_39' title="bbox 297 3779 1887 3851">
     <span class='ocr_line' id='line_1_39' title="bbox 297 3779 1887 3851; baseline -0.005 -11"><span class='ocrx_word' id='word_1_302' title='bbox 297 3787 376 3841; x_wconf 84' lang='grc' dir='ltr'>ὲν</span> <span class='ocrx_word' id='word_1_303' title='bbox 406 3784 832 3851; x_wconf 76' lang='grc' dir='ltr'>Θεσσαλονίκῃ</span> <span class='ocrx_word' id='word_1_304' title='bbox 857 3825 871 3844; x_wconf 91' lang='grc'>,</span> <span class='ocrx_word' id='word_1_305' title='bbox 900 3783 995 3836; x_wconf 78' lang='grc' dir='ltr'>καὶ</span> <span class='ocrx_word' id='word_1_306' title='bbox 1017 3781 1179 3844; x_wconf 78' lang='grc' dir='ltr'>ἅπαξ</span> <span class='ocrx_word' id='word_1_307' title='bbox 1205 3782 1302 3834; x_wconf 76' lang='grc' dir='ltr'>καί</span> <span class='ocrx_word' id='word_1_308' title='bbox 1333 3779 1425 3845; x_wconf 77' lang='grc' dir='ltr'>δὶς</span> <span class='ocrx_word' id='word_1_309' title='bbox 1448 3782 1536 3846; x_wconf 84' lang='grc' dir='ltr'>εἰς</span> <span class='ocrx_word' id='word_1_310' title='bbox 1556 3779 1662 3845; x_wconf 82' lang='grc' dir='ltr'>τὰς</span> <span class='ocrx_word' id='word_1_311' title='bbox 1685 3779 1887 3848; x_wconf 82' lang='grc' dir='ltr'>χρείας</span> 
     </span>
    </p>
   </div>
   <div class='ocr_carea' id='block_1_40' title="bbox 294 3869 1886 3948">
    <p class='ocr_par' dir='ltr' id='par_1_40' title="bbox 294 3869 1886 3948">
     <span class='ocr_line' id='line_1_40' title="bbox 294 3869 1886 3948; baseline -0.004 -18"><span class='ocrx_word' id='word_1_312' title='bbox 294 3895 407 3948; x_wconf 83' lang='grc' dir='ltr'>μοι</span> <span class='ocrx_word' id='word_1_313' title='bbox 448 3877 774 3943; x_wconf 65' lang='grc' dir='ltr'>ἐπέμψζατε.</span> <span class='ocrx_word' id='word_1_314' title='bbox 821 3872 989 3928; x_wconf 84' lang='grc' dir='ltr'>Πάλιν</span> <span class='ocrx_word' id='word_1_315' title='bbox 1026 3869 1168 3942; x_wconf 88' lang='grc' dir='ltr'>μέγα</span> <span class='ocrx_word' id='word_1_316' title='bbox 1201 3871 1260 3922; x_wconf 75' lang='grc' dir='ltr'>τὸ</span> <span class='ocrx_word' id='word_1_317' title='bbox 1305 3869 1580 3940; x_wconf 79' lang='grc' dir='ltr'>ἐγκώμιον</span> <span class='ocrx_word' id='word_1_318' title='bbox 1603 3908 1618 3932; x_wconf 91' lang='grc'>,</span> <span class='ocrx_word' id='word_1_319' title='bbox 1655 3871 1708 3922; x_wconf 83' lang='grc' dir='ltr'>εί</span> <span class='ocrx_word' id='word_1_320' title='bbox 1733 3887 1793 3936; x_wconf 94' lang='grc' dir='ltr'>γε</span> <span class='ocrx_word' id='word_1_321' title='bbox 1829 3871 1886 3924; x_wconf 87' lang='grc' dir='ltr'>ἐν</span> 
     </span>
    </p>
   </div>
   <div class='ocr_carea' id='block_1_41' title="bbox 299 3956 1887 4036">
    <p class='ocr_par' dir='ltr' id='par_1_41' title="bbox 299 3956 1887 4036">
     <span class='ocr_line' id='line_1_41' title="bbox 299 3956 1887 4036; baseline -0.015 -15"><span class='ocrx_word' id='word_1_322' title='bbox 299 3971 370 4036; x_wconf 79' lang='grc' dir='ltr'>τῇ</span> <span class='ocrx_word' id='word_1_323' title='bbox 427 3964 759 4035; x_wconf 74' lang='grc' dir='ltr'>μητροπόλει</span> <span class='ocrx_word' id='word_1_324' title='bbox 797 3961 1122 4030; x_wconf 81' lang='grc' dir='ltr'>καθήμενος,</span> <span class='ocrx_word' id='word_1_325' title='bbox 1165 3959 1312 4028; x_wconf 77' lang='grc' dir='ltr'>παρά</span> <span class='ocrx_word' id='word_1_326' title='bbox 1354 3959 1453 4027; x_wconf 77' lang='grc' dir='ltr'>τῆς</span> <span class='ocrx_word' id='word_1_327' title='bbox 1492 3959 1692 4028; x_wconf 79' lang='grc' dir='ltr'>μικρᾶς</span> <span class='ocrx_word' id='word_1_328' title='bbox 1737 3956 1887 4027; x_wconf 70' lang='grc' dir='ltr'>ἐτρέ-</span> 
     </span>
    </p>
   </div>
   <div class='ocr_carea' id='block_1_42' title="bbox 301 4047 1886 4127">
    <p class='ocr_par' dir='ltr' id='par_1_42' title="bbox 301 4047 1886 4127">
     <span class='ocr_line' id='line_1_42' title="bbox 301 4047 1886 4127; baseline -0.007 -17"><span class='ocrx_word' id='word_1_329' title='bbox 301 4073 446 4127; x_wconf 85' lang='grc' dir='ltr'>φετο</span> <span class='ocrx_word' id='word_1_330' title='bbox 479 4053 706 4117; x_wconf 86' lang='grc' dir='ltr'>πόλεως.</span> <span class='ocrx_word' id='word_1_331' title='bbox 754 4052 864 4104; x_wconf 72' lang='grc' dir='ltr'>Καὶ</span> <span class='ocrx_word' id='word_1_332' title='bbox 895 4052 1030 4121; x_wconf 65' lang='grc' dir='ltr'>ὅραι</span> <span class='ocrx_word' id='word_1_333' title='bbox 1069 4051 1156 4103; x_wconf 81' lang='grc' dir='ltr'>ἵνα</span> <span class='ocrx_word' id='word_1_334' title='bbox 1195 4049 1268 4120; x_wconf 83' lang='grc' dir='ltr'>μὴ</span> <span class='ocrx_word' id='word_1_335' title='bbox 1309 4049 1600 4111; x_wconf 75' lang='grc' dir='ltr'>διαπαντὸς</span> <span class='ocrx_word' id='word_1_336' title='bbox 1652 4047 1886 4112; x_wconf 82' lang='grc' dir='ltr'>ἐξέλκων</span> 
     </span>
    </p>
   </div>
   <div class='ocr_carea' id='block_1_43' title="bbox 301 4139 1886 4216">
    <p class='ocr_par' dir='ltr' id='par_1_43' title="bbox 301 4139 1886 4216">
     <span class='ocr_line' id='line_1_43' title="bbox 301 4139 1886 4216; baseline -0.008 -13"><span class='ocrx_word' id='word_1_337' title='bbox 301 4148 507 4203; x_wconf 67' lang='grc' dir='ltr'>ἑαυτὸν</span> <span class='ocrx_word' id='word_1_338' title='bbox 533 4148 632 4216; x_wconf 81' lang='grc' dir='ltr'>τῆς</span> <span class='ocrx_word' id='word_1_339' title='bbox 659 4144 868 4215; x_wconf 78' lang='grc' dir='ltr'>χρείας,</span> <span class='ocrx_word' id='word_1_340' title='bbox 901 4144 1036 4212; x_wconf 81' lang='grc' dir='ltr'>ὅπερ</span> <span class='ocrx_word' id='word_1_341' title='bbox 1067 4139 1218 4194; x_wconf 88' lang='grc' dir='ltr'>εἷπον</span> <span class='ocrx_word' id='word_1_342' title='bbox 1251 4140 1558 4212; x_wconf 86' lang='grc' dir='ltr'>προλαϐὼν,</span> <span class='ocrx_word' id='word_1_343' title='bbox 1585 4139 1886 4212; x_wconf 72' lang='grc' dir='ltr'>ῥᾳθυμοτέ-</span> 
     </span>
    </p>
   </div>
   <div class='ocr_carea' id='block_1_44' title="bbox 300 4230 1888 4312">
    <p class='ocr_par' dir='ltr' id='par_1_44' title="bbox 300 4230 1888 4312">
     <span class='ocr_line' id='line_1_44' title="bbox 300 4230 1888 4312; baseline -0.006 -21"><span class='ocrx_word' id='word_1_344' title='bbox 300 4255 442 4312; x_wconf 84' lang='grc' dir='ltr'>ρους</span> <span class='ocrx_word' id='word_1_345' title='bbox 473 4237 701 4308; x_wconf 80' lang='grc' dir='ltr'>ποιήσῃ,</span> <span class='ocrx_word' id='word_1_346' title='bbox 727 4234 814 4288; x_wconf 80' lang='grc' dir='ltr'>διὰ</span> <span class='ocrx_word' id='word_1_347' title='bbox 847 4233 1116 4286; x_wconf 83' lang='grc' dir='ltr'>τοσούτων</span> <span class='ocrx_word' id='word_1_348' title='bbox 1141 4231 1340 4297; x_wconf 77' lang='grc' dir='ltr'>δείξας,</span> <span class='ocrx_word' id='word_1_349' title='bbox 1379 4232 1459 4284; x_wconf 79' lang='grc' dir='ltr'>ὅτι</span> <span class='ocrx_word' id='word_1_350' title='bbox 1489 4232 1550 4284; x_wconf 89' lang='grc' dir='ltr'>οὐ</span> <span class='ocrx_word' id='word_1_351' title='bbox 1588 4232 1774 4296; x_wconf 84' lang='grc' dir='ltr'>δεῖται,</span> <span class='ocrx_word' id='word_1_352' title='bbox 1809 4230 1888 4283; x_wconf 76' lang='grc' dir='ltr'>ἐνὶ</span> 
     </span>
    </p>
   </div>
   <div class='ocr_carea' id='block_1_45' title="bbox 305 4321 1883 4401">
    <p class='ocr_par' dir='ltr' id='par_1_45' title="bbox 305 4321 1883 4401">
     <span class='ocr_line' id='line_1_45' title="bbox 305 4321 1883 4401; baseline -0.006 -19"><span class='ocrx_word' id='word_1_353' title='bbox 305 4330 466 4401; x_wconf 82' lang='grc' dir='ltr'>μόνῳ</span> <span class='ocrx_word' id='word_1_354' title='bbox 487 4325 646 4380; x_wconf 88' lang='grc' dir='ltr'>τοῦτο</span> <span class='ocrx_word' id='word_1_355' title='bbox 676 4326 833 4396; x_wconf 80' lang='grc' dir='ltr'>δῆλον</span> <span class='ocrx_word' id='word_1_356' title='bbox 865 4324 1142 4394; x_wconf 88' lang='grc' dir='ltr'>ἐποίησεν,</span> <span class='ocrx_word' id='word_1_357' title='bbox 1175 4321 1366 4386; x_wconf 76' lang='grc' dir='ltr'>εἰπὼν,</span> <span class='ocrx_word' id='word_1_358' title='bbox 1397 4325 1500 4388; x_wconf 78' lang='grc' dir='ltr'>Εἰς</span> <span class='ocrx_word' id='word_1_359' title='bbox 1521 4323 1626 4386; x_wconf 84' lang='grc' dir='ltr'>τὰς</span> <span class='ocrx_word' id='word_1_360' title='bbox 1649 4323 1850 4390; x_wconf 78' lang='grc' dir='ltr'>χρείας</span> <span class='ocrx_word' id='word_1_361' title='bbox 1871 4337 1883 4350; x_wconf 83' lang='grc'><em>’</em></span> 
     </span>
    </p>
   </div>
   <div class='ocr_carea' id='block_1_46' title="bbox 302 4413 1886 4486">
    <p class='ocr_par' dir='ltr' id='par_1_46' title="bbox 302 4413 1886 4486">
     <span class='ocr_line' id='line_1_46' title="bbox 302 4413 1886 4486; baseline -0.006 -11"><span class='ocrx_word' id='word_1_362' title='bbox 302 4422 408 4476; x_wconf 76' lang='grc' dir='ltr'>καὶ</span> <span class='ocrx_word' id='word_1_363' title='bbox 442 4422 545 4474; x_wconf 85' lang='grc' dir='ltr'>οὐκ</span> <span class='ocrx_word' id='word_1_364' title='bbox 579 4415 699 4472; x_wconf 84' lang='grc' dir='ltr'>εῐπε</span> <span class='ocrx_word' id='word_1_365' title='bbox 721 4458 736 4482; x_wconf 89' lang='grc'>,</span> <span class='ocrx_word' id='word_1_366' title='bbox 770 4417 880 4481; x_wconf 84' lang='grc' dir='ltr'>Τάς</span> <span class='ocrx_word' id='word_1_367' title='bbox 923 4415 1092 4486; x_wconf 85' lang='grc' dir='ltr'>ἐμάς,</span> <span class='ocrx_word' id='word_1_368' title='bbox 1129 4415 1242 4468; x_wconf 84' lang='grc' dir='ltr'>ἀλλ’</span> <span class='ocrx_word' id='word_1_369' title='bbox 1283 4415 1502 4478; x_wconf 85' lang='grc' dir='ltr'>ἁπλῶς,</span> <span class='ocrx_word' id='word_1_370' title='bbox 1545 4414 1641 4467; x_wconf 91' lang='grc' dir='ltr'>τοῦ</span> <span class='ocrx_word' id='word_1_371' title='bbox 1690 4413 1886 4482; x_wconf 90' lang='grc' dir='ltr'>σεμνοῦ</span> 
     </span>
    </p>
   </div>
   <div class='ocr_carea' id='block_1_47' title="bbox 305 4505 1885 4583">
    <p class='ocr_par' dir='ltr' id='par_1_47' title="bbox 305 4505 1885 4583">
     <span class='ocr_line' id='line_1_47' title="bbox 305 4505 1885 4583; baseline -0.006 -15"><span class='ocrx_word' id='word_1_372' title='bbox 305 4511 714 4583; x_wconf 68' lang='grc' dir='ltr'>ἐπιμῦιόμενος</span> <span class='ocrx_word' id='word_1_373' title='bbox 738 4528 753 4543; x_wconf 81' lang='grc' dir='ltr'><strong><em>ο</em></strong></span> <span class='ocrx_word' id='word_1_374' title='bbox 781 4510 840 4563; x_wconf 88' lang='grc' dir='ltr'>οὐ</span> <span class='ocrx_word' id='word_1_375' title='bbox 870 4509 1027 4562; x_wconf 91' lang='grc' dir='ltr'>τοῦτο</span> <span class='ocrx_word' id='word_1_376' title='bbox 1053 4508 1112 4562; x_wconf 86' lang='grc' dir='ltr'>δέ</span> <span class='ocrx_word' id='word_1_377' title='bbox 1142 4507 1322 4577; x_wconf 81' lang='grc' dir='ltr'>μόνον,</span> <span class='ocrx_word' id='word_1_378' title='bbox 1361 4505 1497 4560; x_wconf 87' lang='grc' dir='ltr'>ἀλλά</span> <span class='ocrx_word' id='word_1_379' title='bbox 1527 4506 1620 4558; x_wconf 73' lang='grc' dir='ltr'>καὶ</span> <span class='ocrx_word' id='word_1_380' title='bbox 1648 4506 1708 4558; x_wconf 83' lang='grc' dir='ltr'>τὸ</span> <span class='ocrx_word' id='word_1_381' title='bbox 1738 4505 1885 4574; x_wconf 78' lang='grc' dir='ltr'>ἑξῆς.</span> 
     </span>
    </p>
   </div>
   <div class='ocr_carea' id='block_1_48' title="bbox 316 4596 1889 4674">
    <p class='ocr_par' dir='ltr' id='par_1_48' title="bbox 316 4596 1889 4674">
     <span class='ocr_line' id='line_1_48' title="bbox 316 4596 1889 4674; baseline -0.006 -14"><span class='ocrx_word' id='word_1_382' title='bbox 316 4604 547 4674; x_wconf 79' lang='grc' dir='ltr'>Ἐπειδὴ</span> <span class='ocrx_word' id='word_1_383' title='bbox 570 4602 680 4673; x_wconf 80' lang='grc' dir='ltr'>γὰρ</span> <span class='ocrx_word' id='word_1_384' title='bbox 707 4601 912 4655; x_wconf 78' lang='grc' dir='ltr'>συνεῖδε</span> <span class='ocrx_word' id='word_1_385' title='bbox 942 4598 1149 4670; x_wconf 85' lang='grc' dir='ltr'>σφόδρα</span> <span class='ocrx_word' id='word_1_386' title='bbox 1178 4598 1432 4650; x_wconf 83' lang='grc' dir='ltr'>ταπεινὸν</span> <span class='ocrx_word' id='word_1_387' title='bbox 1451 4596 1533 4659; x_wconf 83' lang='grc' dir='ltr'>ὃν,</span> <span class='ocrx_word' id='word_1_388' title='bbox 1566 4597 1726 4651; x_wconf 86' lang='grc' dir='ltr'>πάλιν</span> <span class='ocrx_word' id='word_1_389' title='bbox 1757 4597 1889 4651; x_wconf 86' lang='grc' dir='ltr'>αὐτὸ</span> 
     </span>
    </p>
   </div>
   <div class='ocr_carea' id='block_1_49' title="bbox 304 4689 1886 4767">
    <p class='ocr_par' dir='ltr' id='par_1_49' title="bbox 304 4689 1886 4767">
     <span class='ocr_line' id='line_1_49' title="bbox 304 4689 1886 4767; baseline -0.006 -17"><span class='ocrx_word' id='word_1_390' title='bbox 304 4700 375 4767; x_wconf 80' lang='grc' dir='ltr'>τῇ</span> <span class='ocrx_word' id='word_1_391' title='bbox 412 4691 794 4764; x_wconf 82' lang='grc' dir='ltr'>ἐπιδιορθώσει</span> <span class='ocrx_word' id='word_1_392' title='bbox 828 4690 1206 4760; x_wconf 80' lang='grc' dir='ltr'>ἀσφαλίζεται,</span> <span class='ocrx_word' id='word_1_393' title='bbox 1237 4689 1410 4756; x_wconf 88' lang='grc' dir='ltr'>λέγων</span> <span class='ocrx_word' id='word_1_394' title='bbox 1433 4706 1446 4720; x_wconf 77' lang='grc' dir='ltr'><strong>ο</strong></span> <span class='ocrx_word' id='word_1_395' title='bbox 1482 4691 1605 4758; x_wconf 79' lang='grc' dir='ltr'>Οὐχ</span> <span class='ocrx_word' id='word_1_396' title='bbox 1641 4689 1731 4742; x_wconf 86' lang='grc' dir='ltr'>ὅτι</span> <span class='ocrx_word' id='word_1_397' title='bbox 1763 4690 1886 4742; x_wconf 86' lang='grc' dir='ltr'>ἐπι-</span> 
     </span>
    </p>
   </div>
   <div class='ocr_carea' id='block_1_50' title="bbox 305 4783 1888 4856">
    <p class='ocr_par' dir='ltr' id='par_1_50' title="bbox 305 4783 1888 4856">
     <span class='ocr_line' id='line_1_50' title="bbox 305 4783 1888 4856; baseline -0.003 -15"><span class='ocrx_word' id='word_1_398' title='bbox 305 4787 483 4855; x_wconf 75' lang='grc' dir='ltr'>ζητῶ,</span> <span class='ocrx_word' id='word_1_399' title='bbox 526 4787 722 4854; x_wconf 88' lang='grc' dir='ltr'>λέγων,</span> <span class='ocrx_word' id='word_1_400' title='bbox 757 4785 822 4838; x_wconf 79' lang='grc' dir='ltr'>τὸ</span> <span class='ocrx_word' id='word_1_401' title='bbox 858 4785 1029 4854; x_wconf 79' lang='grc' dir='ltr'>δόμα.</span> <span class='ocrx_word' id='word_1_402' title='bbox 1075 4785 1252 4856; x_wconf 85' lang='grc' dir='ltr'>’Ὅπερ</span> <span class='ocrx_word' id='word_1_403' title='bbox 1282 4783 1433 4837; x_wconf 76' lang='grc' dir='ltr'>εἶπεν</span> <span class='ocrx_word' id='word_1_404' title='bbox 1465 4786 1598 4848; x_wconf 76' lang='grc' dir='ltr'>ἂνω,</span> <span class='ocrx_word' id='word_1_405' title='bbox 1645 4786 1768 4853; x_wconf 82' lang='grc' dir='ltr'>Οὐχ</span> <span class='ocrx_word' id='word_1_406' title='bbox 1800 4783 1888 4837; x_wconf 88' lang='grc' dir='ltr'>ὅτι</span> 
     </span>
    </p>
   </div>
   <div class='ocr_carea' id='block_1_51' title="bbox 306 4874 1888 4944">
    <p class='ocr_par' dir='ltr' id='par_1_51' title="bbox 306 4874 1888 4944">
     <span class='ocr_line' id='line_1_51' title="bbox 306 4874 1888 4944; baseline -0.003 -13"><span class='ocrx_word' id='word_1_407' title='bbox 306 4881 441 4931; x_wconf 71' lang='grc' dir='ltr'>καθ’</span> <span class='ocrx_word' id='word_1_408' title='bbox 467 4875 800 4942; x_wconf 78' lang='grc' dir='ltr'>ὑστέρησιν</span> <span class='ocrx_word' id='word_1_409' title='bbox 824 4875 1002 4943; x_wconf 76' lang='grc' dir='ltr'>λέγω.</span> <span class='ocrx_word' id='word_1_410' title='bbox 1039 4875 1098 4927; x_wconf 86' lang='grc' dir='ltr'>τὸ</span> <span class='ocrx_word' id='word_1_411' title='bbox 1130 4875 1260 4927; x_wconf 77' lang='grc' dir='ltr'>αὐτὸ</span> <span class='ocrx_word' id='word_1_412' title='bbox 1283 4874 1476 4944; x_wconf 79' lang='grc' dir='ltr'>δηλῶν,</span> <span class='ocrx_word' id='word_1_413' title='bbox 1510 4875 1558 4927; x_wconf 84' lang='grc' dir='ltr'>εί</span> <span class='ocrx_word' id='word_1_414' title='bbox 1588 4874 1682 4927; x_wconf 70' lang='grc' dir='ltr'>καὶ</span> <span class='ocrx_word' id='word_1_415' title='bbox 1714 4876 1888 4926; x_wconf 85' lang='grc' dir='ltr'>ἐκεῖνο</span> 
     </span>
    </p>
   </div>
   <div class='ocr_carea' id='block_1_52' title="bbox 307 4963 1889 5036">
    <p class='ocr_par' dir='ltr' id='par_1_52' title="bbox 307 4963 1889 5036">
     <span class='ocr_line' id='line_1_52' title="bbox 307 4963 1889 5036; baseline -0.003 -16"><span class='ocrx_word' id='word_1_416' title='bbox 307 4968 504 5020; x_wconf 80' lang='grc' dir='ltr'>τούτου</span> <span class='ocrx_word' id='word_1_417' title='bbox 542 4966 722 5036; x_wconf 81' lang='grc' dir='ltr'>μεῖζόν</span> <span class='ocrx_word' id='word_1_418' title='bbox 751 4967 920 5018; x_wconf 91' lang='grc' dir='ltr'>ἐστιν.</span> <span class='ocrx_word' id='word_1_419' title='bbox 961 4964 1185 5036; x_wconf 83' lang='grc' dir='ltr'>Ἕτερον</span> <span class='ocrx_word' id='word_1_420' title='bbox 1219 4965 1325 5035; x_wconf 91' lang='grc' dir='ltr'>γάρ</span> <span class='ocrx_word' id='word_1_421' title='bbox 1367 4967 1514 5018; x_wconf 89' lang='grc' dir='ltr'>ἐστιν</span> <span class='ocrx_word' id='word_1_422' title='bbox 1564 4963 1889 5034; x_wconf 80' lang='grc' dir='ltr'>ὑστεροῦντα</span> 
     </span>
    </p>
   </div>
   <div class='ocr_carea' id='block_1_53' title="bbox 313 5049 1888 5128">
    <p class='ocr_par' dir='ltr' id='par_1_53' title="bbox 313 5049 1888 5128">
     <span class='ocr_line' id='line_1_53' title="bbox 313 5049 1888 5128; baseline -0.003 -21"><span class='ocrx_word' id='word_1_423' title='bbox 313 5057 392 5128; x_wconf 83' lang='grc' dir='ltr'>μὴ</span> <span class='ocrx_word' id='word_1_424' title='bbox 426 5055 682 5126; x_wconf 79' lang='grc' dir='ltr'>ζητῆσαι,</span> <span class='ocrx_word' id='word_1_425' title='bbox 715 5055 810 5109; x_wconf 71' lang='grc' dir='ltr'>καὶ</span> <span class='ocrx_word' id='word_1_426' title='bbox 839 5054 1022 5123; x_wconf 76' lang='grc' dir='ltr'>ἕτερον</span> <span class='ocrx_word' id='word_1_427' title='bbox 1057 5054 1114 5106; x_wconf 92' lang='grc' dir='ltr'>ἐν</span> <span class='ocrx_word' id='word_1_428' title='bbox 1145 5053 1433 5124; x_wconf 79' lang='grc' dir='ltr'>ύστερὴσει</span> <span class='ocrx_word' id='word_1_429' title='bbox 1463 5052 1592 5104; x_wconf 71' lang='grc' dir='ltr'>ὄντα</span> <span class='ocrx_word' id='word_1_430' title='bbox 1639 5049 1771 5120; x_wconf 83' lang='grc' dir='ltr'>μηδέ</span> <span class='ocrx_word' id='word_1_431' title='bbox 1803 5066 1888 5102; x_wconf 66' lang='grc' dir='ltr'>νου</span> 
     </span>
    </p>
   </div>
   <div class='ocr_carea' id='block_1_54' title="bbox 315 5139 1888 5215">
    <p class='ocr_par' dir='ltr' id='par_1_54' title="bbox 315 5139 1888 5215">
     <span class='ocr_line' id='line_1_54' title="bbox 315 5139 1888 5215; baseline -0.003 -18"><span class='ocrx_word' id='word_1_432' title='bbox 315 5146 494 5215; x_wconf 80' lang='grc' dir='ltr'>μίζειν</span> <span class='ocrx_word' id='word_1_433' title='bbox 521 5141 884 5212; x_wconf 82' lang='grc' dir='ltr'>ὑστερεῖσθαι.</span> <span class='ocrx_word' id='word_1_434' title='bbox 937 5145 1060 5212; x_wconf 79' lang='grc' dir='ltr'>Οὐχ</span> <span class='ocrx_word' id='word_1_435' title='bbox 1085 5144 1174 5195; x_wconf 88' lang='grc' dir='ltr'>ὅτι</span> <span class='ocrx_word' id='word_1_436' title='bbox 1207 5139 1455 5209; x_wconf 73' lang='grc' dir='ltr'>ἐπιζητῶ</span> <span class='ocrx_word' id='word_1_437' title='bbox 1483 5141 1547 5194; x_wconf 83' lang='grc' dir='ltr'>τὸ</span> <span class='ocrx_word' id='word_1_438' title='bbox 1577 5141 1748 5210; x_wconf 84' lang='grc' dir='ltr'>δόμα.</span> <span class='ocrx_word' id='word_1_439' title='bbox 1785 5158 1888 5210; x_wconf 52' lang='grc' dir='ltr'>φηγ</span> 
     </span>
    </p>
   </div>
   <div class='ocr_carea' id='block_1_55' title="bbox 315 5232 1887 5303">
    <p class='ocr_par' dir='ltr' id='par_1_55' title="bbox 315 5232 1887 5303">
     <span class='ocr_line' id='line_1_55' title="bbox 315 5232 1887 5303; baseline -0.003 -13"><span class='ocrx_word' id='word_1_440' title='bbox 315 5239 429 5301; x_wconf 71' lang='grc' dir='ltr'>σὶν,</span> <span class='ocrx_word' id='word_1_441' title='bbox 468 5237 606 5290; x_wconf 69' lang='grc' dir='ltr'>ἀλλ’</span> <span class='ocrx_word' id='word_1_442' title='bbox 632 5233 881 5302; x_wconf 76' lang='grc' dir='ltr'>ἐπιζητῶ</span> <span class='ocrx_word' id='word_1_443' title='bbox 928 5234 1034 5287; x_wconf 84' lang='grc' dir='ltr'>τὸν</span> <span class='ocrx_word' id='word_1_444' title='bbox 1066 5233 1298 5303; x_wconf 84' lang='grc' dir='ltr'>καρπὸν</span> <span class='ocrx_word' id='word_1_445' title='bbox 1339 5233 1444 5286; x_wconf 82' lang='grc' dir='ltr'>τόν</span> <span class='ocrx_word' id='word_1_446' title='bbox 1485 5232 1887 5292; x_wconf 74' lang='grc' dir='ltr'>πλεονάζοντα</span> 
     </span>
    </p>
   </div>
   <div class='ocr_carea' id='block_1_56' title="bbox 311 5323 1886 5397">
    <p class='ocr_par' dir='ltr' id='par_1_56' title="bbox 311 5323 1886 5397">
     <span class='ocr_line' id='line_1_56' title="bbox 311 5323 1886 5397; baseline -0.004 -16"><span class='ocrx_word' id='word_1_447' title='bbox 311 5331 398 5394; x_wconf 73' lang='grc' dir='ltr'>εἷς</span> <span class='ocrx_word' id='word_1_448' title='bbox 446 5330 634 5397; x_wconf 76' lang='grc' dir='ltr'>λόγον</span> <span class='ocrx_word' id='word_1_449' title='bbox 679 5326 874 5396; x_wconf 81' lang='grc' dir='ltr'>ὑμῶν,</span> <span class='ocrx_word' id='word_1_450' title='bbox 925 5325 1025 5380; x_wconf 88' lang='grc' dir='ltr'>οὐκ</span> <span class='ocrx_word' id='word_1_451' title='bbox 1068 5327 1224 5396; x_wconf 85' lang='grc' dir='ltr'>ἐμοῦ.</span> <span class='ocrx_word' id='word_1_452' title='bbox 1283 5325 1442 5396; x_wconf 83' lang='grc' dir='ltr'>Ὁρᾷς</span> <span class='ocrx_word' id='word_1_453' title='bbox 1487 5325 1567 5378; x_wconf 81' lang='grc' dir='ltr'>ὅτι</span> <span class='ocrx_word' id='word_1_454' title='bbox 1601 5327 1628 5376; x_wconf 93' lang='lat'>6</span> <span class='ocrx_word' id='word_1_455' title='bbox 1678 5323 1886 5394; x_wconf 83' lang='grc' dir='ltr'>καρπὸς</span> 
     </span>
    </p>
   </div>
   <div class='ocr_carea' id='block_1_57' title="bbox 314 5407 1883 5486">
    <p class='ocr_par' dir='ltr' id='par_1_57' title="bbox 314 5407 1883 5486">
     <span class='ocr_line' id='line_1_57' title="bbox 314 5407 1883 5486; baseline -0.001 -16"><span class='ocrx_word' id='word_1_456' title='bbox 314 5419 545 5482; x_wconf 74' lang='grc' dir='ltr'>ἐκείνοις</span> <span class='ocrx_word' id='word_1_457' title='bbox 583 5407 866 5482; x_wconf 54' lang='grc' dir='ltr'>τίκθτεταη</span> <span class='ocrx_word' id='word_1_458' title='bbox 903 5416 980 5469; x_wconf 76' lang='grc' dir='ltr'>Δι’</span> <span class='ocrx_word' id='word_1_459' title='bbox 1029 5417 1172 5486; x_wconf 78' lang='grc' dir='ltr'>ὑμᾶς</span> <span class='ocrx_word' id='word_1_460' title='bbox 1216 5417 1387 5470; x_wconf 85' lang='grc' dir='ltr'>ταῦτα</span> <span class='ocrx_word' id='word_1_461' title='bbox 1427 5416 1588 5483; x_wconf 85' lang='grc' dir='ltr'>λέγω,</span> <span class='ocrx_word' id='word_1_462' title='bbox 1621 5416 1776 5484; x_wconf 73' lang='grc' dir='ltr'>φησὶ,</span> <span class='ocrx_word' id='word_1_463' title='bbox 1821 5415 1883 5468; x_wconf 87' lang='grc' dir='ltr'>οὐ</span> 
     </span>
    </p>
   </div>
   <div class='ocr_carea' id='block_1_58' title="bbox 315 5504 1886 5578">
    <p class='ocr_par' dir='ltr' id='par_1_58' title="bbox 315 5504 1886 5578">
     <span class='ocr_line' id='line_1_58' title="bbox 315 5504 1886 5578; baseline -0.001 -19"><span class='ocrx_word' id='word_1_464' title='bbox 315 5507 383 5559; x_wconf 80' lang='grc' dir='ltr'>δι’</span> <span class='ocrx_word' id='word_1_465' title='bbox 411 5507 667 5578; x_wconf 78' lang='grc' dir='ltr'>ἐμαυτὸν,</span> <span class='ocrx_word' id='word_1_466' title='bbox 720 5507 800 5570; x_wconf 88' lang='grc' dir='ltr'>είς</span> <span class='ocrx_word' id='word_1_467' title='bbox 832 5506 932 5578; x_wconf 88' lang='grc' dir='ltr'>τὴν</span> <span class='ocrx_word' id='word_1_468' title='bbox 965 5505 1234 5577; x_wconf 79' lang='grc' dir='ltr'>ὑμετέραν</span> <span class='ocrx_word' id='word_1_469' title='bbox 1282 5507 1588 5576; x_wconf 69' lang='grc' dir='ltr'>σωτηρίαν*</span> <span class='ocrx_word' id='word_1_470' title='bbox 1642 5505 1752 5574; x_wconf 86' lang='grc' dir='ltr'>ἐγὼ</span> <span class='ocrx_word' id='word_1_471' title='bbox 1779 5504 1886 5576; x_wconf 83' lang='grc' dir='ltr'>γάρ</span> 
     </span>
    </p>
   </div>
   <div class='ocr_carea' id='block_1_59' title="bbox 318 5594 1884 5665">
    <p class='ocr_par' dir='ltr' id='par_1_59' title="bbox 318 5594 1884 5665">
     <span class='ocr_line' id='line_1_59' title="bbox 318 5594 1884 5665; baseline -0.002 -16"><span class='ocrx_word' id='word_1_472' title='bbox 318 5595 468 5649; x_wconf 76' lang='grc' dir='ltr'>οὐδὲν</span> <span class='ocrx_word' id='word_1_473' title='bbox 507 5595 775 5663; x_wconf 80' lang='grc' dir='ltr'>κερδαίνω</span> <span class='ocrx_word' id='word_1_474' title='bbox 830 5595 1121 5665; x_wconf 84' lang='grc' dir='ltr'>λαμϐάνων</span> <span class='ocrx_word' id='word_1_475' title='bbox 1146 5612 1160 5624; x_wconf 89' lang='grc'>·</span> <span class='ocrx_word' id='word_1_476' title='bbox 1212 5594 1320 5648; x_wconf 88' lang='grc' dir='ltr'>τῶν</span> <span class='ocrx_word' id='word_1_477' title='bbox 1365 5595 1614 5648; x_wconf 85' lang='grc' dir='ltr'>διδόντων</span> <span class='ocrx_word' id='word_1_478' title='bbox 1654 5595 1802 5648; x_wconf 78' lang='grc' dir='ltr'>ἐστὶν</span> <span class='ocrx_word' id='word_1_479' title='bbox 1851 5595 1884 5665; x_wconf 84' lang='grc' dir='ltr'>ὴ</span> 
     </span>
    </p>
   </div>
   <div class='ocr_carea' id='block_1_60' title="bbox 317 5684 1880 5761">
    <p class='ocr_par' dir='ltr' id='par_1_60' title="bbox 317 5684 1880 5761">
     <span class='ocr_line' id='line_1_60' title="bbox 317 5684 1880 5761; baseline 0.002 -22"><span class='ocrx_word' id='word_1_480' title='bbox 317 5687 493 5757; x_wconf 74' lang='grc' dir='ltr'>χάρις.</span> <span class='ocrx_word' id='word_1_481' title='bbox 550 5684 674 5748; x_wconf 74' lang='grc' dir='ltr'>Τοῖς</span> <span class='ocrx_word' id='word_1_482' title='bbox 724 5685 823 5755; x_wconf 84' lang='grc' dir='ltr'>μέν</span> <span class='ocrx_word' id='word_1_483' title='bbox 873 5685 981 5757; x_wconf 76' lang='grc' dir='ltr'>γάρ</span> <span class='ocrx_word' id='word_1_484' title='bbox 1026 5684 1257 5744; x_wconf 77' lang='grc' dir='ltr'>διδοῦσιν</span> <span class='ocrx_word' id='word_1_485' title='bbox 1303 5687 1418 5741; x_wconf 87' lang='grc' dir='ltr'>ἐκεῖ</span> <span class='ocrx_word' id='word_1_486' title='bbox 1470 5685 1795 5758; x_wconf 78' lang='grc' dir='ltr'>φυλάττεται</span> <span class='ocrx_word' id='word_1_487' title='bbox 1849 5689 1880 5761; x_wconf 79' lang='grc' dir='ltr'>ἡ</span> 
     </span>
    </p>
   </div>
   <div class='ocr_carea' id='block_1_61' title="bbox 1153 290 2700 355">
    <p class='ocr_par' dir='ltr' id='par_1_61' title="bbox 1153 290 2700 355">
     <span class='ocr_line' id='line_1_61' title="bbox 1153 290 2700 355; baseline 0.001 -2"><span class='ocrx_word' id='word_1_488' title='bbox 1153 297 1220 353; x_wconf 79' lang='lat' dir='ltr'>IN</span> <span class='ocrx_word' id='word_1_489' title='bbox 1254 294 1475 354; x_wconf 82' lang='lat' dir='ltr'>EPIST.</span> <span class='ocrx_word' id='word_1_490' title='bbox 1518 298 1608 352; x_wconf 78' lang='lat' dir='ltr'>AD</span> <span class='ocrx_word' id='word_1_491' title='bbox 1641 290 1936 350; x_wconf 75' lang='lat' dir='ltr'>PlllLlPP.</span> <span class='ocrx_word' id='word_1_492' title='bbox 1974 292 2128 352; x_wconf 81' lang='lat' dir='ltr'>CAP.</span> <span class='ocrx_word' id='word_1_493' title='bbox 2174 296 2262 352; x_wconf 78' lang='lat' dir='ltr'>IV.</span> <span class='ocrx_word' id='word_1_494' title='bbox 2305 299 2539 354; x_wconf 76' lang='lat' dir='ltr'>HOMIL.</span> <span class='ocrx_word' id='word_1_495' title='bbox 2585 301 2700 355; x_wconf 72' lang='lat' dir='ltr'>XV.</span> 
     </span>
    </p>
   </div>
   <div class='ocr_carea' id='block_1_62' title="bbox 3438 307 3546 362">
    <p class='ocr_par' dir='ltr' id='par_1_62' title="bbox 3438 307 3546 362">
     <span class='ocr_line' id='line_1_62' title="bbox 3438 307 3546 362; baseline 0 -1"><span class='ocrx_word' id='word_1_496' title='bbox 3438 307 3546 362; x_wconf 63' lang='lat'>293</span> 
     </span>
    </p>
   </div>
   <div class='ocr_carea' id='block_1_63' title="bbox 1971 411 3544 484">
    <p class='ocr_par' dir='ltr' id='par_1_63' title="bbox 1971 411 3544 484">
     <span class='ocr_line' id='line_1_63' title="bbox 1971 411 3544 484; baseline 0.01 -22"><span class='ocrx_word' id='word_1_497' title='bbox 1971 411 2172 482; x_wconf 82' lang='grc' dir='ltr'>ἀμοιϐή</span> <span class='ocrx_word' id='word_1_498' title='bbox 2193 429 2204 442; x_wconf 77' lang='grc'><em>’</em></span> <span class='ocrx_word' id='word_1_499' title='bbox 2231 415 2340 476; x_wconf 86' lang='grc' dir='ltr'>τοῖς</span> <span class='ocrx_word' id='word_1_500' title='bbox 2368 415 2424 466; x_wconf 87' lang='grc' dir='ltr'>δὲ</span> <span class='ocrx_word' id='word_1_501' title='bbox 2450 417 2817 484; x_wconf 74' lang='grc' dir='ltr'>λαμϐάνουσιν</span> <span class='ocrx_word' id='word_1_502' title='bbox 2843 415 3080 470; x_wconf 76' lang='grc' dir='ltr'>ἐνταῦθα</span> <span class='ocrx_word' id='word_1_503' title='bbox 3101 417 3451 476; x_wconf 82' lang='grc' dir='ltr'>ἀναλίσκεται</span> <span class='ocrx_word' id='word_1_504' title='bbox 3473 430 3544 476; x_wconf 66' lang='grc' dir='ltr'>τά</span> 
     </span>
    </p>
   </div>
   <div class='ocr_carea' id='block_1_64' title="bbox 1970 501 3547 577">
    <p class='ocr_par' dir='ltr' id='par_1_64' title="bbox 1970 501 3547 577">
     <span class='ocr_line' id='line_1_64' title="bbox 1970 501 3547 577; baseline 0.006 -24"><span class='ocrx_word' id='word_1_505' title='bbox 1970 501 2242 572; x_wconf 87' lang='grc' dir='ltr'>διδόμενα.</span> <span class='ocrx_word' id='word_1_506' title='bbox 2276 505 2441 558; x_wconf 77' lang='grc' dir='ltr'>Πάλιν</span> <span class='ocrx_word' id='word_1_507' title='bbox 2472 507 2589 576; x_wconf 80' lang='grc' dir='ltr'>μετ’</span> <span class='ocrx_word' id='word_1_508' title='bbox 2625 505 2900 576; x_wconf 86' lang='grc' dir='ltr'>ἐγκωμίου</span> <span class='ocrx_word' id='word_1_509' title='bbox 2932 507 3028 559; x_wconf 73' lang='grc' dir='ltr'>καὶ</span> <span class='ocrx_word' id='word_1_510' title='bbox 3061 507 3418 577; x_wconf 80' lang='grc' dir='ltr'>συμπαθείας,</span> <span class='ocrx_word' id='word_1_511' title='bbox 3451 515 3547 562; x_wconf 73' lang='grc' dir='ltr'>καὶ</span> 
     </span>
    </p>
   </div>
   <div class='ocr_carea' id='block_1_65' title="bbox 1968 592 3545 671">
    <p class='ocr_par' dir='ltr' id='par_1_65' title="bbox 1968 592 3545 671">
     <span class='ocr_line' id='line_1_65' title="bbox 1968 592 3545 671; baseline 0.006 -27"><span class='ocrx_word' id='word_1_512' title='bbox 1968 593 2030 644; x_wconf 75' lang='grc' dir='ltr'>τὸ</span> <span class='ocrx_word' id='word_1_513' title='bbox 2055 592 2277 663; x_wconf 79' lang='grc' dir='ltr'>χρῄζειν</span> <span class='ocrx_word' id='word_1_514' title='bbox 2295 608 2345 649; x_wconf 78' lang='grc' dir='ltr'>ι.</span> <span class='ocrx_word' id='word_1_515' title='bbox 2405 596 2620 667; x_wconf 81' lang='grc' dir='ltr'>Ἐπειδὴ</span> <span class='ocrx_word' id='word_1_516' title='bbox 2667 598 2774 668; x_wconf 83' lang='grc' dir='ltr'>γάρ</span> <span class='ocrx_word' id='word_1_517' title='bbox 2807 593 2980 662; x_wconf 80' lang='grc' dir='ltr'>εἶπεν,</span> <span class='ocrx_word' id='word_1_518' title='bbox 3013 601 3095 652; x_wconf 90' lang='grc' dir='ltr'>Οὺ</span> <span class='ocrx_word' id='word_1_519' title='bbox 3129 596 3295 667; x_wconf 64' lang='grc' dir='ltr'>ζητῶ,</span> <span class='ocrx_word' id='word_1_520' title='bbox 3337 601 3423 654; x_wconf 80' lang='grc' dir='ltr'>ἵνα</span> <span class='ocrx_word' id='word_1_521' title='bbox 3471 611 3545 671; x_wconf 85' lang='grc' dir='ltr'>μη</span> 
     </span>
    </p>
   </div>
   <div class='ocr_carea' id='block_1_66' title="bbox 1971 683 3548 760">
    <p class='ocr_par' dir='ltr' id='par_1_66' title="bbox 1971 683 3548 760">
     <span class='ocr_line' id='line_1_66' title="bbox 1971 683 3548 760; baseline 0.003 -24"><span class='ocrx_word' id='word_1_522' title='bbox 1971 683 2131 736; x_wconf 89' lang='grc' dir='ltr'>πάλιν</span> <span class='ocrx_word' id='word_1_523' title='bbox 2185 683 2586 755; x_wconf 67' lang='grc' dir='ltr'>ῥᾳθυμοτέρως</span> <span class='ocrx_word' id='word_1_524' title='bbox 2640 688 2875 760; x_wconf 83' lang='grc' dir='ltr'>ποιήσῃ,</span> <span class='ocrx_word' id='word_1_525' title='bbox 2928 687 3131 758; x_wconf 85' lang='grc' dir='ltr'>φησίν·</span> <span class='ocrx_word' id='word_1_526' title='bbox 3208 686 3436 758; x_wconf 77' lang='grc' dir='ltr'>Ἀπέχω</span> <span class='ocrx_word' id='word_1_527' title='bbox 3479 689 3548 741; x_wconf 73' lang='grc' dir='ltr'>δὲ</span> 
     </span>
    </p>
   </div>
   <div class='ocr_carea' id='block_1_67' title="bbox 1971 774 3546 851">
    <p class='ocr_par' dir='ltr' id='par_1_67' title="bbox 1971 774 3546 851">
     <span class='ocr_line' id='line_1_67' title="bbox 1971 774 3546 851; baseline 0.004 -24"><span class='ocrx_word' id='word_1_528' title='bbox 1971 774 2186 838; x_wconf 81' lang='grc' dir='ltr'>πάντα,</span> <span class='ocrx_word' id='word_1_529' title='bbox 2228 776 2323 829; x_wconf 79' lang='grc' dir='ltr'>καὶ</span> <span class='ocrx_word' id='word_1_530' title='bbox 2367 778 2723 843; x_wconf 79' lang='grc' dir='ltr'>περισσεύω.</span> <span class='ocrx_word' id='word_1_531' title='bbox 2763 779 3046 846; x_wconf 86' lang='grc' dir='ltr'>Τουτέστι,</span> <span class='ocrx_word' id='word_1_532' title='bbox 3085 779 3172 833; x_wconf 87' lang='grc' dir='ltr'>διά</span> <span class='ocrx_word' id='word_1_533' title='bbox 3203 779 3409 850; x_wconf 89' lang='grc' dir='ltr'>ταύτης</span> <span class='ocrx_word' id='word_1_534' title='bbox 3447 782 3546 851; x_wconf 73' lang='grc' dir='ltr'>τῆς</span> 
     </span>
    </p>
   </div>
   <div class='ocr_carea' id='block_1_68' title="bbox 1968 865 3548 940">
    <p class='ocr_par' dir='ltr' id='par_1_68' title="bbox 1968 865 3548 940">
     <span class='ocr_line' id='line_1_68' title="bbox 1968 865 3548 940; baseline 0.004 -22"><span class='ocrx_word' id='word_1_535' title='bbox 1968 865 2166 928; x_wconf 78' lang='grc' dir='ltr'>δόσεως</span> <span class='ocrx_word' id='word_1_536' title='bbox 2191 866 2283 917; x_wconf 80' lang='grc' dir='ltr'>καὶ</span> <span class='ocrx_word' id='word_1_537' title='bbox 2316 866 2382 917; x_wconf 77' lang='grc' dir='ltr'>τὰ</span> <span class='ocrx_word' id='word_1_538' title='bbox 2410 866 2844 935; x_wconf 78' lang='grc' dir='ltr'>παραλειφθέντα</span> <span class='ocrx_word' id='word_1_539' title='bbox 2874 867 3248 940; x_wconf 77' lang='grc' dir='ltr'>ἐπληρώσατε,</span> <span class='ocrx_word' id='word_1_540' title='bbox 3276 869 3413 940; x_wconf 79' lang='grc' dir='ltr'>ὅπερ</span> <span class='ocrx_word' id='word_1_541' title='bbox 3443 872 3548 940; x_wconf 77' lang='grc' dir='ltr'>μά-</span> 
     </span>
    </p>
   </div>
   <div class='ocr_carea' id='block_1_69' title="bbox 1969 954 3547 1030">
    <p class='ocr_par' dir='ltr' id='par_1_69' title="bbox 1969 954 3547 1030">
     <span class='ocr_line' id='line_1_69' title="bbox 1969 954 3547 1030; baseline 0.004 -22"><span class='ocrx_word' id='word_1_542' title='bbox 1969 955 2125 1010; x_wconf 88' lang='grc' dir='ltr'>λιστα</span> <span class='ocrx_word' id='word_1_543' title='bbox 2153 957 2591 1030; x_wconf 82' lang='grc' dir='ltr'>προθυμοτέρους</span> <span class='ocrx_word' id='word_1_544' title='bbox 2633 954 2700 1028; x_wconf 79' lang='grc' dir='ltr'>ὴν</span> <span class='ocrx_word' id='word_1_545' title='bbox 2728 960 2972 1030; x_wconf 79' lang='grc' dir='ltr'>ποιῆσαι.</span> <span class='ocrx_word' id='word_1_546' title='bbox 3015 959 3169 1030; x_wconf 86' lang='grc' dir='ltr'>Ὄσῳ</span> <span class='ocrx_word' id='word_1_547' title='bbox 3200 959 3309 1030; x_wconf 84' lang='grc' dir='ltr'>γὰρ</span> <span class='ocrx_word' id='word_1_548' title='bbox 3346 962 3412 1014; x_wconf 81' lang='grc' dir='ltr'>ἂν</span> <span class='ocrx_word' id='word_1_549' title='bbox 3443 955 3547 1014; x_wconf 79' lang='grc' dir='ltr'>ὦσι</span> 
     </span>
    </p>
   </div>
   <div class='ocr_carea' id='block_1_70' title="bbox 1972 1048 3548 1121">
    <p class='ocr_par' dir='ltr' id='par_1_70' title="bbox 1972 1048 3548 1121">
     <span class='ocr_line' id='line_1_70' title="bbox 1972 1048 3548 1121; baseline 0.003 -22"><span class='ocrx_word' id='word_1_550' title='bbox 1972 1048 2415 1120; x_wconf 83' lang='grc' dir='ltr'>φιλοσοφῶτεροι,</span> <span class='ocrx_word' id='word_1_551' title='bbox 2447 1049 2668 1120; x_wconf 81' lang='grc' dir='ltr'>ζητοῦσι</span> <span class='ocrx_word' id='word_1_552' title='bbox 2691 1049 2784 1101; x_wconf 79' lang='grc' dir='ltr'>καὶ</span> <span class='ocrx_word' id='word_1_553' title='bbox 2809 1050 2905 1114; x_wconf 82' lang='grc' dir='ltr'>τὰς</span> <span class='ocrx_word' id='word_1_554' title='bbox 2938 1052 3089 1121; x_wconf 88' lang='grc' dir='ltr'>παρά</span> <span class='ocrx_word' id='word_1_555' title='bbox 3119 1051 3228 1104; x_wconf 89' lang='grc' dir='ltr'>τῶν</span> <span class='ocrx_word' id='word_1_556' title='bbox 3255 1048 3313 1105; x_wconf 79' lang='grc' dir='ltr'>εὖ</span> <span class='ocrx_word' id='word_1_557' title='bbox 3345 1051 3548 1106; x_wconf 85' lang='grc' dir='ltr'>παθόν-</span> 
     </span>
    </p>
   </div>
   <div class='ocr_carea' id='block_1_71' title="bbox 1969 1126 3547 1212">
    <p class='ocr_par' dir='ltr' id='par_1_71' title="bbox 1969 1126 3547 1212">
     <span class='ocr_line' id='line_1_71' title="bbox 1969 1126 3547 1212; baseline 0.003 -20"><span class='ocrx_word' id='word_1_558' title='bbox 1969 1157 2076 1193; x_wconf 89' lang='grc' dir='ltr'>των</span> <span class='ocrx_word' id='word_1_559' title='bbox 2115 1141 2344 1212; x_wconf 86' lang='grc' dir='ltr'>χάριτας</span> <span class='ocrx_word' id='word_1_560' title='bbox 2380 1143 2430 1194; x_wconf 82' lang='grc' dir='ltr'>οῖ</span> <span class='ocrx_word' id='word_1_561' title='bbox 2469 1137 2527 1194; x_wconf 78' lang='grc' dir='ltr'>εὖ</span> <span class='ocrx_word' id='word_1_562' title='bbox 2569 1141 2868 1205; x_wconf 89' lang='grc' dir='ltr'>ποιοῦντες.</span> <span class='ocrx_word' id='word_1_563' title='bbox 2911 1144 3138 1210; x_wconf 81' lang='grc' dir='ltr'>Ἀπέχω</span> <span class='ocrx_word' id='word_1_564' title='bbox 3181 1142 3399 1210; x_wconf 82' lang='grc' dir='ltr'>πάντα,</span> <span class='ocrx_word' id='word_1_565' title='bbox 3445 1126 3547 1197; x_wconf 68' lang='grc' dir='ltr'>και</span> 
     </span>
    </p>
   </div>
   <div class='ocr_carea' id='block_1_72' title="bbox 1971 1231 3548 1304">
    <p class='ocr_par' dir='ltr' id='par_1_72' title="bbox 1971 1231 3548 1304">
     <span class='ocr_line' id='line_1_72' title="bbox 1971 1231 3548 1304; baseline 0.004 -21"><span class='ocrx_word' id='word_1_566' title='bbox 1971 1231 2327 1298; x_wconf 65' lang='grc' dir='ltr'>περισσεύω.</span> <span class='ocrx_word' id='word_1_567' title='bbox 2363 1231 2672 1296; x_wconf 88' lang='grc' dir='ltr'>Τουτέστιν,</span> <span class='ocrx_word' id='word_1_568' title='bbox 2714 1235 2774 1285; x_wconf 89' lang='grc' dir='ltr'>οὐ</span> <span class='ocrx_word' id='word_1_569' title='bbox 2819 1233 2979 1302; x_wconf 87' lang='grc' dir='ltr'>μόνον</span> <span class='ocrx_word' id='word_1_570' title='bbox 3021 1232 3442 1304; x_wconf 80' lang='grc' dir='ltr'>ἀνεπληρώσατε</span> <span class='ocrx_word' id='word_1_571' title='bbox 3479 1235 3548 1291; x_wconf 80' lang='grc' dir='ltr'>τὰ</span> 
     </span>
    </p>
   </div>
   <div class='ocr_carea' id='block_1_73' title="bbox 1971 1321 3548 1398">
    <p class='ocr_par' dir='ltr' id='par_1_73' title="bbox 1971 1321 3548 1398">
     <span class='ocr_line' id='line_1_73' title="bbox 1971 1321 3548 1398; baseline 0.004 -25"><span class='ocrx_word' id='word_1_572' title='bbox 1971 1321 2319 1391; x_wconf 88' lang='grc' dir='ltr'>ἐλλειφθέντα</span> <span class='ocrx_word' id='word_1_573' title='bbox 2336 1324 2392 1374; x_wconf 87' lang='grc' dir='ltr'>ἐν</span> <span class='ocrx_word' id='word_1_574' title='bbox 2413 1323 2489 1393; x_wconf 84' lang='grc' dir='ltr'>τῷ</span> <span class='ocrx_word' id='word_1_575' title='bbox 2519 1324 2841 1395; x_wconf 85' lang='grc' dir='ltr'>παρελθόντι</span> <span class='ocrx_word' id='word_1_576' title='bbox 2877 1325 3074 1395; x_wconf 82' lang='grc' dir='ltr'>χρόνῳ,</span> <span class='ocrx_word' id='word_1_577' title='bbox 3096 1325 3232 1378; x_wconf 86' lang='grc' dir='ltr'>ἀλλά</span> <span class='ocrx_word' id='word_1_578' title='bbox 3259 1327 3353 1380; x_wconf 73' lang='grc' dir='ltr'>καὶ</span> <span class='ocrx_word' id='word_1_579' title='bbox 3379 1327 3548 1398; x_wconf 81' lang='grc' dir='ltr'>ὑπερ-</span> 
     </span>
    </p>
   </div>
   <div class='ocr_carea' id='block_1_74' title="bbox 1971 1410 3550 1487">
    <p class='ocr_par' dir='ltr' id='par_1_74' title="bbox 1971 1410 3550 1487">
     <span class='ocr_line' id='line_1_74' title="bbox 1971 1410 3550 1487; baseline 0.004 -23"><span class='ocrx_word' id='word_1_580' title='bbox 1971 1410 2213 1464; x_wconf 87' lang='grc' dir='ltr'>εϐάλετε.</span> <span class='ocrx_word' id='word_1_581' title='bbox 2282 1410 2414 1466; x_wconf 72' lang='grc' dir='ltr'>Εἶτα</span> <span class='ocrx_word' id='word_1_582' title='bbox 2452 1414 2538 1466; x_wconf 84' lang='grc' dir='ltr'>ἵνα</span> <span class='ocrx_word' id='word_1_583' title='bbox 2571 1413 2646 1484; x_wconf 87' lang='grc' dir='ltr'>μὴ</span> <span class='ocrx_word' id='word_1_584' title='bbox 2679 1414 2807 1486; x_wconf 78' lang='grc' dir='ltr'>δόξῃ</span> <span class='ocrx_word' id='word_1_585' title='bbox 2842 1415 2928 1468; x_wconf 73' lang='grc' dir='ltr'>διὰ</span> <span class='ocrx_word' id='word_1_586' title='bbox 2957 1415 3114 1468; x_wconf 92' lang='grc' dir='ltr'>τοῦτο</span> <span class='ocrx_word' id='word_1_587' title='bbox 3145 1416 3416 1482; x_wconf 86' lang='grc' dir='ltr'>ἐγκαλεῖν,</span> <span class='ocrx_word' id='word_1_588' title='bbox 3447 1417 3550 1487; x_wconf 82' lang='grc' dir='ltr'>ὅρα</span> 
     </span>
    </p>
   </div>
   <div class='ocr_carea' id='block_1_75' title="bbox 1974 1502 3550 1577">
    <p class='ocr_par' dir='ltr' id='par_1_75' title="bbox 1974 1502 3550 1577">
     <span class='ocr_line' id='line_1_75' title="bbox 1974 1502 3550 1577; baseline 0.001 -21"><span class='ocrx_word' id='word_1_589' title='bbox 1974 1502 2092 1566; x_wconf 85' lang='grc' dir='ltr'>πῶς</span> <span class='ocrx_word' id='word_1_590' title='bbox 2143 1503 2616 1574; x_wconf 78' lang='grc' dir='ltr'>ἐπισφραγίζεται.</span> <span class='ocrx_word' id='word_1_591' title='bbox 2679 1505 2897 1574; x_wconf 79' lang='grc' dir='ltr'>Ἐπειδὴ</span> <span class='ocrx_word' id='word_1_592' title='bbox 2927 1505 3035 1577; x_wconf 89' lang='grc' dir='ltr'>γάρ</span> <span class='ocrx_word' id='word_1_593' title='bbox 3070 1503 3244 1570; x_wconf 73' lang='grc' dir='ltr'>εἶπεν,</span> <span class='ocrx_word' id='word_1_594' title='bbox 3289 1509 3412 1573; x_wconf 81' lang='grc' dir='ltr'>Οὐχ</span> <span class='ocrx_word' id='word_1_595' title='bbox 3461 1505 3550 1559; x_wconf 78' lang='grc' dir='ltr'>ὅτι</span> 
     </span>
    </p>
   </div>
   <div class='ocr_carea' id='block_1_76' title="bbox 1972 1592 3551 1664">
    <p class='ocr_par' dir='ltr' id='par_1_76' title="bbox 1972 1592 3551 1664">
     <span class='ocr_line' id='line_1_76' title="bbox 1972 1592 3551 1664; baseline 0.003 -18"><span class='ocrx_word' id='word_1_596' title='bbox 1972 1592 2222 1660; x_wconf 82' lang='grc' dir='ltr'>ἐπιζητῶ</span> <span class='ocrx_word' id='word_1_597' title='bbox 2251 1595 2314 1648; x_wconf 86' lang='grc' dir='ltr'>τὸ</span> <span class='ocrx_word' id='word_1_598' title='bbox 2357 1594 2530 1664; x_wconf 79' lang='grc' dir='ltr'>δόμα,</span> <span class='ocrx_word' id='word_1_599' title='bbox 2563 1597 2657 1650; x_wconf 75' lang='grc' dir='ltr'>καὶ</span> <span class='ocrx_word' id='word_1_600' title='bbox 2693 1597 2796 1659; x_wconf 84' lang='grc' dir='ltr'>ὅτι,</span> <span class='ocrx_word' id='word_1_601' title='bbox 2837 1595 2988 1662; x_wconf 85' lang='grc' dir='ltr'>Ἤδη</span> <span class='ocrx_word' id='word_1_602' title='bbox 3028 1596 3191 1662; x_wconf 81' lang='grc' dir='ltr'>ποτὲ,</span> <span class='ocrx_word' id='word_1_603' title='bbox 3229 1598 3326 1650; x_wconf 79' lang='grc' dir='ltr'>καὶ</span> <span class='ocrx_word' id='word_1_604' title='bbox 3351 1597 3551 1663; x_wconf 75' lang='grc' dir='ltr'>ἔδειξεν</span> 
     </span>
    </p>
   </div>
   <div class='ocr_carea' id='block_1_77' title="bbox 1977 1685 3548 1760">
    <p class='ocr_par' dir='ltr' id='par_1_77' title="bbox 1977 1685 3548 1760">
     <span class='ocr_line' id='line_1_77' title="bbox 1977 1685 3548 1760; baseline 0.003 -23"><span class='ocrx_word' id='word_1_605' title='bbox 1977 1685 2061 1737; x_wconf 76' lang='grc' dir='ltr'>ὅτι</span> <span class='ocrx_word' id='word_1_606' title='bbox 2115 1685 2302 1756; x_wconf 86' lang='grc' dir='ltr'>όφειλή</span> <span class='ocrx_word' id='word_1_607' title='bbox 2365 1687 2482 1738; x_wconf 78' lang='grc' dir='ltr'>ἐστι</span> <span class='ocrx_word' id='word_1_608' title='bbox 2534 1687 2595 1740; x_wconf 81' lang='grc' dir='ltr'>τὸ</span> <span class='ocrx_word' id='word_1_609' title='bbox 2643 1689 2874 1758; x_wconf 77' lang='grc' dir='ltr'>πρᾶγμα</span> <span class='ocrx_word' id='word_1_610' title='bbox 2929 1687 3131 1757; x_wconf 90' lang='grc' dir='ltr'>(τοῦτο</span> <span class='ocrx_word' id='word_1_611' title='bbox 3189 1689 3298 1760; x_wconf 91' lang='grc' dir='ltr'>γάρ</span> <span class='ocrx_word' id='word_1_612' title='bbox 3363 1691 3548 1752; x_wconf 83' lang='grc' dir='ltr'>ἐστιν,</span> 
     </span>
    </p>
   </div>
   <div class='ocr_carea' id='block_1_78' title="bbox 1988 1775 3549 1852">
    <p class='ocr_par' dir='ltr' id='par_1_78' title="bbox 1988 1775 3549 1852">
     <span class='ocr_line' id='line_1_78' title="bbox 1988 1775 3549 1852; baseline 0.001 -21"><span class='ocrx_word' id='word_1_613' title='bbox 1988 1775 2259 1845; x_wconf 73' lang='grc' dir='ltr'>Ἀπέχω)ο</span> <span class='ocrx_word' id='word_1_614' title='bbox 2284 1777 2445 1831; x_wconf 86' lang='grc' dir='ltr'>πάλιν</span> <span class='ocrx_word' id='word_1_615' title='bbox 2466 1778 2734 1832; x_wconf 88' lang='grc' dir='ltr'>δείκνυσιν</span> <span class='ocrx_word' id='word_1_616' title='bbox 2759 1779 2839 1831; x_wconf 84' lang='grc' dir='ltr'>ὅτι</span> <span class='ocrx_word' id='word_1_617' title='bbox 2877 1779 3015 1852; x_wconf 85' lang='grc' dir='ltr'>ὑπὲρ</span> <span class='ocrx_word' id='word_1_618' title='bbox 3044 1778 3260 1850; x_wconf 76' lang='grc' dir='ltr'>ὀφειλὴν</span> <span class='ocrx_word' id='word_1_619' title='bbox 3283 1780 3549 1850; x_wconf 78' lang='grc' dir='ltr'>ἔπραξαν,</span> 
     </span>
    </p>
   </div>
   <div class='ocr_carea' id='block_1_79' title="bbox 1976 1867 3552 1938">
    <p class='ocr_par' dir='ltr' id='par_1_79' title="bbox 1976 1867 3552 1938">
     <span class='ocr_line' id='line_1_79' title="bbox 1976 1867 3552 1938; baseline 0.004 -20"><span class='ocrx_word' id='word_1_620' title='bbox 1976 1867 2070 1919; x_wconf 89' lang='grc' dir='ltr'>καί</span> <span class='ocrx_word' id='word_1_621' title='bbox 2115 1884 2312 1938; x_wconf 84' lang='grc' dir='ltr'>φησιν·</span> <span class='ocrx_word' id='word_1_622' title='bbox 2366 1867 2595 1938; x_wconf 82' lang='grc' dir='ltr'>Ἀπὲχω</span> <span class='ocrx_word' id='word_1_623' title='bbox 2632 1868 2849 1934; x_wconf 81' lang='grc' dir='ltr'>πάντα,</span> <span class='ocrx_word' id='word_1_624' title='bbox 2898 1870 2995 1921; x_wconf 77' lang='grc' dir='ltr'>καὶ</span> <span class='ocrx_word' id='word_1_625' title='bbox 3047 1870 3408 1937; x_wconf 89' lang='grc' dir='ltr'>περισσεύω,</span> <span class='ocrx_word' id='word_1_626' title='bbox 3449 1887 3552 1924; x_wconf 86' lang='grc' dir='ltr'>πε-</span> 
     </span>
    </p>
   </div>
   <div class='ocr_carea' id='block_1_80' title="bbox 1976 1960 3554 2031">
    <p class='ocr_par' dir='ltr' id='par_1_80' title="bbox 1976 1960 3554 2031">
     <span class='ocr_line' id='line_1_80' title="bbox 1976 1960 3554 2031; baseline 0.003 -19"><span class='ocrx_word' id='word_1_627' title='bbox 1976 1960 2309 2029; x_wconf 75' lang='grc' dir='ltr'>πλήρωμαι.</span> <span class='ocrx_word' id='word_1_628' title='bbox 2341 1962 2450 2031; x_wconf 84' lang='grc' dir='ltr'>Οὐχ</span> <span class='ocrx_word' id='word_1_629' title='bbox 2482 1961 2670 2024; x_wconf 87' lang='grc' dir='ltr'>ἁπλῶς</span> <span class='ocrx_word' id='word_1_630' title='bbox 2690 2003 2705 2026; x_wconf 88' lang='grc'>,</span> <span class='ocrx_word' id='word_1_631' title='bbox 2749 1962 2868 2014; x_wconf 85' lang='grc' dir='ltr'>ούδέ</span> <span class='ocrx_word' id='word_1_632' title='bbox 2909 1963 3017 2014; x_wconf 74' lang='grc' dir='ltr'>ἀπὸ</span> <span class='ocrx_word' id='word_1_633' title='bbox 3045 1961 3342 2025; x_wconf 76' lang='grc' dir='ltr'>διαθέσεως</span> <span class='ocrx_word' id='word_1_634' title='bbox 3380 1961 3554 2016; x_wconf 89' lang='grc' dir='ltr'>ταῦτα</span> 
     </span>
    </p>
   </div>
   <div class='ocr_carea' id='block_1_81' title="bbox 1976 2052 3555 2122">
    <p class='ocr_par' dir='ltr' id='par_1_81' title="bbox 1976 2052 3555 2122">
     <span class='ocr_line' id='line_1_81' title="bbox 1976 2052 3555 2122; baseline 0.003 -18"><span class='ocrx_word' id='word_1_635' title='bbox 1976 2052 2140 2121; x_wconf 91' lang='grc' dir='ltr'>λέγω,</span> <span class='ocrx_word' id='word_1_636' title='bbox 2180 2052 2312 2105; x_wconf 83' lang='grc' dir='ltr'>ἀλλὰ</span> <span class='ocrx_word' id='word_1_637' title='bbox 2344 2053 2431 2118; x_wconf 88' lang='grc' dir='ltr'>τί;</span> <span class='ocrx_word' id='word_1_638' title='bbox 2465 2054 2797 2122; x_wconf 77' lang='grc' dir='ltr'>Δεξάμενος</span> <span class='ocrx_word' id='word_1_639' title='bbox 2823 2055 2982 2122; x_wconf 82' lang='grc' dir='ltr'>παρὰ</span> <span class='ocrx_word' id='word_1_640' title='bbox 3029 2054 3456 2122; x_wconf 70' lang='grc' dir='ltr'>Ἐπαφροδίτου</span> <span class='ocrx_word' id='word_1_641' title='bbox 3481 2055 3555 2108; x_wconf 80' lang='grc' dir='ltr'>τὰ</span> 
     </span>
    </p>
   </div>
   <div class='ocr_carea' id='block_1_82' title="bbox 1981 2143 3554 2212">
    <p class='ocr_par' dir='ltr' id='par_1_82' title="bbox 1981 2143 3554 2212">
     <span class='ocr_line' id='line_1_82' title="bbox 1981 2143 3554 2212; baseline 0.003 -16"><span class='ocrx_word' id='word_1_642' title='bbox 1981 2145 2118 2211; x_wconf 82' lang='grc' dir='ltr'>παρ’</span> <span class='ocrx_word' id='word_1_643' title='bbox 2150 2144 2336 2212; x_wconf 83' lang='grc' dir='ltr'>ὑμῶν,</span> <span class='ocrx_word' id='word_1_644' title='bbox 2369 2144 2570 2212; x_wconf 74' lang='grc' dir='ltr'>ὀσμὴν</span> <span class='ocrx_word' id='word_1_645' title='bbox 2619 2143 2892 2210; x_wconf 77' lang='grc' dir='ltr'>εὐωδίας.</span> <span class='ocrx_word' id='word_1_646' title='bbox 2927 2147 3146 2198; x_wconf 85' lang='grc' dir='ltr'>θυσίαν</span> <span class='ocrx_word' id='word_1_647' title='bbox 3181 2145 3422 2212; x_wconf 77' lang='grc' dir='ltr'>δεκτὴν,</span> <span class='ocrx_word' id='word_1_648' title='bbox 3453 2148 3554 2201; x_wconf 78' lang='grc' dir='ltr'>εὐ-</span> 
     </span>
    </p>
   </div>
   <div class='ocr_carea' id='block_1_83' title="bbox 1978 2233 3548 2308">
    <p class='ocr_par' dir='ltr' id='par_1_83' title="bbox 1978 2233 3548 2308">
     <span class='ocr_line' id='line_1_83' title="bbox 1978 2233 3548 2308; baseline 0.001 -20"><span class='ocrx_word' id='word_1_649' title='bbox 1978 2233 2234 2302; x_wconf 79' lang='grc' dir='ltr'>άρεστον</span> <span class='ocrx_word' id='word_1_650' title='bbox 2279 2233 2359 2300; x_wconf 85' lang='grc' dir='ltr'>τῷ</span> <span class='ocrx_word' id='word_1_651' title='bbox 2395 2234 2536 2300; x_wconf 84' lang='grc' dir='ltr'>Θεῷ.</span> <span class='ocrx_word' id='word_1_652' title='bbox 2577 2236 2771 2302; x_wconf 61' lang='grc' dir='ltr'>Βαϐαῖ,</span> <span class='ocrx_word' id='word_1_653' title='bbox 2814 2235 2916 2288; x_wconf 88' lang='grc' dir='ltr'>ποῦ</span> <span class='ocrx_word' id='word_1_654' title='bbox 2950 2235 3012 2288; x_wconf 81' lang='grc' dir='ltr'>τὸ</span> <span class='ocrx_word' id='word_1_655' title='bbox 3040 2235 3212 2308; x_wconf 89' lang='grc' dir='ltr'>δῶρον</span> <span class='ocrx_word' id='word_1_656' title='bbox 3243 2236 3423 2290; x_wconf 85' lang='grc' dir='ltr'>αὐτῶν</span> <span class='ocrx_word' id='word_1_657' title='bbox 3452 2241 3548 2290; x_wconf 64' lang='lat' dir='ltr'>av-</span> 
     </span>
    </p>
   </div>
   <div class='ocr_carea' id='block_1_84' title="bbox 1981 2325 3555 2400">
    <p class='ocr_par' dir='ltr' id='par_1_84' title="bbox 1981 2325 3555 2400">
     <span class='ocr_line' id='line_1_84' title="bbox 1981 2325 3555 2400; baseline 0.01 -32"><span class='ocrx_word' id='word_1_658' title='bbox 1981 2327 2220 2396; x_wconf 77' lang='grc' dir='ltr'>ἠγαγενί</span> <span class='ocrx_word' id='word_1_659' title='bbox 2281 2327 2394 2380; x_wconf 80' lang='grc' dir='ltr'>Οὐκ</span> <span class='ocrx_word' id='word_1_660' title='bbox 2451 2325 2582 2394; x_wconf 83' lang='grc' dir='ltr'>ἐγὼ,</span> <span class='ocrx_word' id='word_1_661' title='bbox 2635 2327 2838 2396; x_wconf 79' lang='grc' dir='ltr'>φησὶν,</span> <span class='ocrx_word' id='word_1_662' title='bbox 2900 2326 3112 2393; x_wconf 69' lang='grc' dir='ltr'>ἔλαϐον,</span> <span class='ocrx_word' id='word_1_663' title='bbox 3165 2328 3266 2381; x_wconf 90' lang='grc' dir='ltr'>οὐκ</span> <span class='ocrx_word' id='word_1_664' title='bbox 3325 2327 3555 2400; x_wconf 75' lang='grc' dir='ltr'>ἔλαϐον,</span> 
     </span>
    </p>
   </div>
   <div class='ocr_carea' id='block_1_85' title="bbox 1980 2415 3558 2491">
    <p class='ocr_par' dir='ltr' id='par_1_85' title="bbox 1980 2415 3558 2491">
     <span class='ocr_line' id='line_1_85' title="bbox 1980 2415 3558 2491; baseline 0.001 -21"><span class='ocrx_word' id='word_1_665' title='bbox 1980 2415 2132 2489; x_wconf 75' lang='grc'>[515]</span> <span class='ocrx_word' id='word_1_666' title='bbox 2163 2417 2275 2469; x_wconf 86' lang='grc' dir='ltr'>ἀλλ’</span> <span class='ocrx_word' id='word_1_667' title='bbox 2290 2417 2329 2472; x_wconf 79' lang='grc' dir='ltr'>,ὁ</span> <span class='ocrx_word' id='word_1_668' title='bbox 2351 2416 2480 2478; x_wconf 77' lang='grc' dir='ltr'>Θεὸς</span> <span class='ocrx_word' id='word_1_669' title='bbox 2500 2416 2564 2469; x_wconf 79' lang='grc' dir='ltr'>δι’</span> <span class='ocrx_word' id='word_1_670' title='bbox 2595 2417 2747 2486; x_wconf 83' lang='grc' dir='ltr'>ἐμοῦ.</span> <span class='ocrx_word' id='word_1_671' title='bbox 2779 2417 2964 2482; x_wconf 83' lang='grc' dir='ltr'>Ὥστε,</span> <span class='ocrx_word' id='word_1_672' title='bbox 2995 2418 3100 2472; x_wconf 85' lang='grc' dir='ltr'>κᾶν</span> <span class='ocrx_word' id='word_1_673' title='bbox 3115 2417 3227 2486; x_wconf 84' lang='grc' dir='ltr'>ἐγὼ</span> <span class='ocrx_word' id='word_1_674' title='bbox 3252 2420 3326 2490; x_wconf 86' lang='grc' dir='ltr'>μὴ</span> <span class='ocrx_word' id='word_1_675' title='bbox 3349 2419 3558 2491; x_wconf 78' lang='grc' dir='ltr'>χρῄζω,</span> 
     </span>
    </p>
   </div>
   <div class='ocr_carea' id='block_1_86' title="bbox 1983 2508 3558 2584">
    <p class='ocr_par' dir='ltr' id='par_1_86' title="bbox 1983 2508 3558 2584">
     <span class='ocr_line' id='line_1_86' title="bbox 1983 2508 3558 2584; baseline 0.004 -25"><span class='ocrx_word' id='word_1_676' title='bbox 1983 2509 2059 2578; x_wconf 85' lang='grc' dir='ltr'>μὴ</span> <span class='ocrx_word' id='word_1_677' title='bbox 2092 2508 2299 2577; x_wconf 85' lang='grc' dir='ltr'>μελέτω</span> <span class='ocrx_word' id='word_1_678' title='bbox 2329 2508 2456 2576; x_wconf 81' lang='grc' dir='ltr'>ὑμῖν</span> <span class='ocrx_word' id='word_1_679' title='bbox 2482 2524 2495 2538; x_wconf 76' lang='grc' dir='ltr'>ο</span> <span class='ocrx_word' id='word_1_680' title='bbox 2525 2509 2646 2560; x_wconf 75' lang='grc' dir='ltr'>ἐπεὶ</span> <span class='ocrx_word' id='word_1_681' title='bbox 2666 2508 2784 2561; x_wconf 73' lang='grc' dir='ltr'>οὐδὲ</span> <span class='ocrx_word' id='word_1_682' title='bbox 2815 2509 2842 2560; x_wconf 93' lang='lat'>6</span> <span class='ocrx_word' id='word_1_683' title='bbox 2864 2509 2998 2572; x_wconf 66' lang='grc' dir='ltr'>Θεὶς</span> <span class='ocrx_word' id='word_1_684' title='bbox 3038 2509 3260 2584; x_wconf 75' lang='grc' dir='ltr'>ἔχρῃζε,</span> <span class='ocrx_word' id='word_1_685' title='bbox 3292 2513 3386 2565; x_wconf 82' lang='grc' dir='ltr'>καὶ</span> <span class='ocrx_word' id='word_1_686' title='bbox 3408 2513 3558 2582; x_wconf 81' lang='grc' dir='ltr'>ὅμως</span> 
     </span>
    </p>
   </div>
   <div class='ocr_carea' id='block_1_87' title="bbox 1981 2599 3559 2676">
    <p class='ocr_par' dir='ltr' id='par_1_87' title="bbox 1981 2599 3559 2676">
     <span class='ocr_line' id='line_1_87' title="bbox 1981 2599 3559 2676; baseline 0.006 -26"><span class='ocrx_word' id='word_1_687' title='bbox 1981 2600 2294 2670; x_wconf 83' lang='grc' dir='ltr'>ἀπεδέχετο,</span> <span class='ocrx_word' id='word_1_688' title='bbox 2332 2599 2505 2662; x_wconf 82' lang='grc' dir='ltr'>οὓτως</span> <span class='ocrx_word' id='word_1_689' title='bbox 2545 2599 2619 2662; x_wconf 86' lang='grc' dir='ltr'>ῶς</span> <span class='ocrx_word' id='word_1_690' title='bbox 2658 2600 2791 2669; x_wconf 82' lang='grc' dir='ltr'>μηδὲ</span> <span class='ocrx_word' id='word_1_691' title='bbox 2824 2604 3208 2670; x_wconf 87' lang='grc' dir='ltr'>παραιτεῖσθαι</span> <span class='ocrx_word' id='word_1_692' title='bbox 3251 2606 3426 2658; x_wconf 74' lang='grc' dir='ltr'>εἰπεῖν</span> <span class='ocrx_word' id='word_1_693' title='bbox 3459 2607 3559 2676; x_wconf 78' lang='grc' dir='ltr'>τὴν</span> 
     </span>
    </p>
   </div>
   <div class='ocr_carea' id='block_1_88' title="bbox 1984 2687 3560 2761">
    <p class='ocr_par' dir='ltr' id='par_1_88' title="bbox 1984 2687 3560 2761">
     <span class='ocr_line' id='line_1_88' title="bbox 1984 2687 3560 2761; baseline 0.006 -21"><span class='ocrx_word' id='word_1_694' title='bbox 1984 2687 2134 2740; x_wconf 91' lang='grc' dir='ltr'>θείαν</span> <span class='ocrx_word' id='word_1_695' title='bbox 2181 2689 2436 2759; x_wconf 77' lang='grc' dir='ltr'>Γραφὴν,</span> <span class='ocrx_word' id='word_1_696' title='bbox 2472 2689 2554 2740; x_wconf 81' lang='grc' dir='ltr'>ὅτι</span> <span class='ocrx_word' id='word_1_697' title='bbox 2597 2689 2932 2758; x_wconf 58' lang='grc' dir='ltr'>Ὡσςμεράνθη</span> <span class='ocrx_word' id='word_1_698' title='bbox 2977 2693 3009 2743; x_wconf 91' lang='grc' dir='ltr'>ό</span> <span class='ocrx_word' id='word_1_699' title='bbox 3048 2693 3192 2758; x_wconf 84' lang='grc' dir='ltr'>Θεὸς</span> <span class='ocrx_word' id='word_1_700' title='bbox 3227 2693 3428 2761; x_wconf 73' lang='grc' dir='ltr'>ὀσμὴν</span> <span class='ocrx_word' id='word_1_701' title='bbox 3461 2698 3560 2748; x_wconf 70' lang='lat' dir='ltr'>si)-</span> 
     </span>
    </p>
   </div>
   <div class='ocr_carea' id='block_1_89' title="bbox 1987 2774 3560 2852">
    <p class='ocr_par' dir='ltr' id='par_1_89' title="bbox 1987 2774 3560 2852">
     <span class='ocr_line' id='line_1_89' title="bbox 1987 2774 3560 2852; baseline 0.003 -20"><span class='ocrx_word' id='word_1_702' title='bbox 1987 2777 2190 2844; x_wconf 84' lang='grc' dir='ltr'>ωδίας.</span> <span class='ocrx_word' id='word_1_703' title='bbox 2217 2780 2350 2848; x_wconf 82' lang='grc' dir='ltr'>ὅπερ</span> <span class='ocrx_word' id='word_1_704' title='bbox 2386 2774 2454 2851; x_wconf 77' lang='grc' dir='ltr'>ἦν</span> <span class='ocrx_word' id='word_1_705' title='bbox 2481 2779 2930 2850; x_wconf 78' lang='grc' dir='ltr'>εὐφραινομένου.</span> <span class='ocrx_word' id='word_1_706' title='bbox 2955 2781 3098 2833; x_wconf 87' lang='grc' dir='ltr'>Ἴστε</span> <span class='ocrx_word' id='word_1_707' title='bbox 3131 2782 3262 2852; x_wconf 87' lang='grc' dir='ltr'>γὰρ,</span> <span class='ocrx_word' id='word_1_708' title='bbox 3297 2784 3408 2836; x_wconf 82' lang='grc' dir='ltr'>ίστε</span> <span class='ocrx_word' id='word_1_709' title='bbox 3443 2785 3560 2850; x_wconf 90' lang='grc' dir='ltr'>πῶς</span> 
     </span>
    </p>
   </div>
   <div class='ocr_carea' id='block_1_90' title="bbox 1982 2869 3561 2942">
    <p class='ocr_par' dir='ltr' id='par_1_90' title="bbox 1982 2869 3561 2942">
     <span class='ocr_line' id='line_1_90' title="bbox 1982 2869 3561 2942; baseline 0.003 -19"><span class='ocrx_word' id='word_1_710' title='bbox 1982 2869 2277 2923; x_wconf 87' lang='grc' dir='ltr'>διατίθεται</span> <span class='ocrx_word' id='word_1_711' title='bbox 2331 2869 2487 2940; x_wconf 81' lang='grc' dir='ltr'>ὴμῶν</span> <span class='ocrx_word' id='word_1_712' title='bbox 2533 2871 2566 2940; x_wconf 81' lang='grc' dir='ltr'>ἡ</span> <span class='ocrx_word' id='word_1_713' title='bbox 2610 2869 2757 2942; x_wconf 70' lang='grc' dir='ltr'>ψυχὴ</span> <span class='ocrx_word' id='word_1_714' title='bbox 2807 2872 2901 2925; x_wconf 74' lang='grc' dir='ltr'>ἐπὶ</span> <span class='ocrx_word' id='word_1_715' title='bbox 2953 2875 3074 2936; x_wconf 90' lang='grc' dir='ltr'>ταῖς</span> <span class='ocrx_word' id='word_1_716' title='bbox 3122 2872 3390 2940; x_wconf 88' lang='grc' dir='ltr'>εὐωδίαις,</span> <span class='ocrx_word' id='word_1_717' title='bbox 3443 2875 3561 2938; x_wconf 92' lang='grc' dir='ltr'>πῶς</span> 
     </span>
    </p>
   </div>
   <div class='ocr_carea' id='block_1_91' title="bbox 1983 2961 3562 3036">
    <p class='ocr_par' dir='ltr' id='par_1_91' title="bbox 1983 2961 3562 3036">
     <span class='ocr_line' id='line_1_91' title="bbox 1983 2961 3562 3036; baseline 0.003 -22"><span class='ocrx_word' id='word_1_718' title='bbox 1983 2963 2366 3033; x_wconf 81' lang='grc' dir='ltr'>εὐφραίνεται,</span> <span class='ocrx_word' id='word_1_719' title='bbox 2403 2961 2519 3024; x_wconf 90' lang='grc' dir='ltr'>πῶς</span> <span class='ocrx_word' id='word_1_720' title='bbox 2550 2963 2834 3031; x_wconf 87' lang='grc' dir='ltr'>γάννυται.</span> <span class='ocrx_word' id='word_1_721' title='bbox 2878 2965 2954 3017; x_wconf 86' lang='grc' dir='ltr'>Οὐ</span> <span class='ocrx_word' id='word_1_722' title='bbox 2989 2969 3345 3036; x_wconf 69' lang='grc' dir='ltr'>παρῃτήσατο</span> <span class='ocrx_word' id='word_1_723' title='bbox 3383 2966 3562 3020; x_wconf 83' lang='grc' dir='ltr'>τοίνυν</span> 
     </span>
    </p>
   </div>
   <div class='ocr_carea' id='block_1_92' title="bbox 1984 3053 3559 3126">
    <p class='ocr_par' dir='ltr' id='par_1_92' title="bbox 1984 3053 3559 3126">
     <span class='ocr_line' id='line_1_92' title="bbox 1984 3053 3559 3126; baseline 0 -17"><span class='ocrx_word' id='word_1_724' title='bbox 1984 3057 2160 3109; x_wconf 72' lang='grc' dir='ltr'>εἰπεῖν</span> <span class='ocrx_word' id='word_1_725' title='bbox 2198 3054 2325 3123; x_wconf 72' lang='grc' dir='ltr'>περὶ</span> <span class='ocrx_word' id='word_1_726' title='bbox 2351 3053 2485 3107; x_wconf 89' lang='grc' dir='ltr'>Θεοῦ</span> <span class='ocrx_word' id='word_1_727' title='bbox 2511 3053 2850 3125; x_wconf 84' lang='grc' dir='ltr'>ἀνθρώπινον</span> <span class='ocrx_word' id='word_1_728' title='bbox 2871 3054 3013 3108; x_wconf 75' lang='grc' dir='ltr'>οὕτω</span> <span class='ocrx_word' id='word_1_729' title='bbox 3057 3056 3211 3126; x_wconf 79' lang='grc' dir='ltr'>ῥῆμα</span> <span class='ocrx_word' id='word_1_730' title='bbox 3244 3057 3338 3109; x_wconf 76' lang='grc' dir='ltr'>καὶ</span> <span class='ocrx_word' id='word_1_731' title='bbox 3365 3074 3559 3110; x_wconf 86' lang='grc' dir='ltr'>ταπει-</span> 
     </span>
    </p>
   </div>
   <div class='ocr_carea' id='block_1_93' title="bbox 1984 3146 3560 3218">
    <p class='ocr_par' dir='ltr' id='par_1_93' title="bbox 1984 3146 3560 3218">
     <span class='ocr_line' id='line_1_93' title="bbox 1984 3146 3560 3218; baseline 0.002 -19"><span class='ocrx_word' id='word_1_732' title='bbox 1984 3147 2072 3200; x_wconf 75' lang='grc' dir='ltr'>νὸν</span> <span class='ocrx_word' id='word_1_733' title='bbox 2094 3147 2126 3214; x_wconf 85' lang='grc' dir='ltr'>ή</span> <span class='ocrx_word' id='word_1_734' title='bbox 2152 3147 2364 3218; x_wconf 85' lang='grc' dir='ltr'>Γραφὴ,</span> <span class='ocrx_word' id='word_1_735' title='bbox 2395 3147 2481 3199; x_wconf 78' lang='grc' dir='ltr'>ἵνα</span> <span class='ocrx_word' id='word_1_736' title='bbox 2506 3149 2614 3209; x_wconf 88' lang='grc' dir='ltr'>τοῖς</span> <span class='ocrx_word' id='word_1_737' title='bbox 2649 3146 2957 3218; x_wconf 86' lang='grc' dir='ltr'>ἀνθρώποις</span> <span class='ocrx_word' id='word_1_738' title='bbox 2982 3146 3150 3218; x_wconf 80' lang='grc' dir='ltr'>δείξῃ,</span> <span class='ocrx_word' id='word_1_739' title='bbox 3181 3147 3263 3200; x_wconf 85' lang='grc' dir='ltr'>ὅτι</span> <span class='ocrx_word' id='word_1_740' title='bbox 3301 3148 3464 3202; x_wconf 86' lang='grc' dir='ltr'>δεκτά</span> <span class='ocrx_word' id='word_1_741' title='bbox 3492 3150 3560 3202; x_wconf 65' lang='grc' dir='ltr'>τά</span> 
     </span>
    </p>
   </div>
   <div class='ocr_carea' id='block_1_94' title="bbox 1985 3238 3562 3309">
    <p class='ocr_par' dir='ltr' id='par_1_94' title="bbox 1985 3238 3562 3309">
     <span class='ocr_line' id='line_1_94' title="bbox 1985 3238 3562 3309; baseline 0.001 -17"><span class='ocrx_word' id='word_1_742' title='bbox 1985 3238 2116 3308; x_wconf 82' lang='grc' dir='ltr'>παρ’</span> <span class='ocrx_word' id='word_1_743' title='bbox 2157 3238 2334 3293; x_wconf 82' lang='grc' dir='ltr'>αὐτῶν</span> <span class='ocrx_word' id='word_1_744' title='bbox 2362 3239 2508 3309; x_wconf 85' lang='grc' dir='ltr'>δῶρα</span> <span class='ocrx_word' id='word_1_745' title='bbox 2535 3238 2778 3306; x_wconf 86' lang='grc' dir='ltr'>γέγονεν.</span> <span class='ocrx_word' id='word_1_746' title='bbox 2811 3240 2884 3292; x_wconf 89' lang='grc' dir='ltr'>Οὐ</span> <span class='ocrx_word' id='word_1_747' title='bbox 2924 3239 3032 3309; x_wconf 82' lang='grc' dir='ltr'>γὰρ</span> <span class='ocrx_word' id='word_1_748' title='bbox 3063 3240 3094 3308; x_wconf 80' lang='grc' dir='ltr'>ἡ</span> <span class='ocrx_word' id='word_1_749' title='bbox 3139 3239 3350 3304; x_wconf 89' lang='grc' dir='ltr'>κνίσσα,</span> <span class='ocrx_word' id='word_1_750' title='bbox 3383 3241 3500 3294; x_wconf 76' lang='grc' dir='ltr'>οὐδὲ</span> <span class='ocrx_word' id='word_1_751' title='bbox 3533 3243 3562 3294; x_wconf 91' lang='lat'>6</span> 
     </span>
    </p>
   </div>
   <div class='ocr_carea' id='block_1_95' title="bbox 1986 3330 3560 3404">
    <p class='ocr_par' dir='ltr' id='par_1_95' title="bbox 1986 3330 3560 3404">
     <span class='ocr_line' id='line_1_95' title="bbox 1986 3330 3560 3404; baseline 0 -22"><span class='ocrx_word' id='word_1_752' title='bbox 1986 3331 2190 3392; x_wconf 78' lang='grc' dir='ltr'>καπνὸς</span> <span class='ocrx_word' id='word_1_753' title='bbox 2226 3330 2389 3383; x_wconf 87' lang='grc' dir='ltr'>δεκτά</span> <span class='ocrx_word' id='word_1_754' title='bbox 2427 3331 2619 3390; x_wconf 86' lang='grc' dir='ltr'>ἐποίει,</span> <span class='ocrx_word' id='word_1_755' title='bbox 2655 3331 2770 3384; x_wconf 83' lang='grc' dir='ltr'>ἀλλ’</span> <span class='ocrx_word' id='word_1_756' title='bbox 2801 3333 2833 3400; x_wconf 85' lang='grc' dir='ltr'>ἠ</span> <span class='ocrx_word' id='word_1_757' title='bbox 2884 3331 3201 3402; x_wconf 88' lang='grc' dir='ltr'>προαίρεσις</span> <span class='ocrx_word' id='word_1_758' title='bbox 3245 3335 3278 3403; x_wconf 80' lang='grc' dir='ltr'>ἡ</span> <span class='ocrx_word' id='word_1_759' title='bbox 3319 3334 3560 3404; x_wconf 72' lang='grc' dir='ltr'>προσφέ.</span> 
     </span>
    </p>
   </div>
   <div class='ocr_carea' id='block_1_96' title="bbox 1988 3415 3560 3494">
    <p class='ocr_par' dir='ltr' id='par_1_96' title="bbox 1988 3415 3560 3494">
     <span class='ocr_line' id='line_1_96' title="bbox 1988 3415 3560 3494; baseline 0.005 -23"><span class='ocrx_word' id='word_1_760' title='bbox 1988 3437 2156 3492; x_wconf 88' lang='grc' dir='ltr'>ρουσα</span> <span class='ocrx_word' id='word_1_761' title='bbox 2176 3436 2189 3451; x_wconf 88' lang='grc'><strong>·</strong></span> <span class='ocrx_word' id='word_1_762' title='bbox 2217 3421 2357 3484; x_wconf 79' lang='grc' dir='ltr'>ἐπεὶ,</span> <span class='ocrx_word' id='word_1_763' title='bbox 2400 3422 2446 3472; x_wconf 83' lang='grc' dir='ltr'>εί</span> <span class='ocrx_word' id='word_1_764' title='bbox 2487 3421 2642 3473; x_wconf 76' lang='grc' dir='ltr'>τοῦτο</span> <span class='ocrx_word' id='word_1_765' title='bbox 2671 3415 2761 3492; x_wconf 75' lang='grc' dir='ltr'>ἦν,</span> <span class='ocrx_word' id='word_1_766' title='bbox 2796 3422 2892 3474; x_wconf 79' lang='grc' dir='ltr'>καὶ</span> <span class='ocrx_word' id='word_1_767' title='bbox 2927 3422 2995 3474; x_wconf 78' lang='grc' dir='ltr'>τά</span> <span class='ocrx_word' id='word_1_768' title='bbox 3029 3423 3181 3494; x_wconf 88' lang='grc' dir='ltr'>παρὰ</span> <span class='ocrx_word' id='word_1_769' title='bbox 3202 3425 3292 3477; x_wconf 90' lang='grc' dir='ltr'>τοῦ</span> <span class='ocrx_word' id='word_1_770' title='bbox 3324 3426 3462 3478; x_wconf 84' lang='grc' dir='ltr'>Κάῖν</span> <span class='ocrx_word' id='word_1_771' title='bbox 3493 3424 3560 3478; x_wconf 78' lang='grc' dir='ltr'>ἂν</span> 
     </span>
    </p>
   </div>
   <div class='ocr_carea' id='block_1_97' title="bbox 1983 3507 3560 3584">
    <p class='ocr_par' dir='ltr' id='par_1_97' title="bbox 1983 3507 3560 3584">
     <span class='ocr_line' id='line_1_97' title="bbox 1983 3507 3560 3584; baseline 0.004 -21"><span class='ocrx_word' id='word_1_772' title='bbox 1983 3510 2198 3580; x_wconf 88' lang='grc' dir='ltr'>ἐδέχθη.</span> <span class='ocrx_word' id='word_1_773' title='bbox 2253 3507 2415 3563; x_wconf 82' lang='grc' dir='ltr'>Εἶπεν</span> <span class='ocrx_word' id='word_1_774' title='bbox 2465 3507 2576 3575; x_wconf 79' lang='grc' dir='ltr'>οὖν,</span> <span class='ocrx_word' id='word_1_775' title='bbox 2621 3512 2702 3565; x_wconf 85' lang='grc' dir='ltr'>ὃτι</span> <span class='ocrx_word' id='word_1_776' title='bbox 2749 3513 2842 3566; x_wconf 76' lang='grc' dir='ltr'>καὶ</span> <span class='ocrx_word' id='word_1_777' title='bbox 2876 3512 3260 3584; x_wconf 84' lang='grc' dir='ltr'>εὐφραίνεται,</span> <span class='ocrx_word' id='word_1_778' title='bbox 3297 3516 3390 3569; x_wconf 82' lang='grc' dir='ltr'>καὶ</span> <span class='ocrx_word' id='word_1_779' title='bbox 3443 3515 3560 3580; x_wconf 88' lang='grc' dir='ltr'>πῶς</span> 
     </span>
    </p>
   </div>
   <div class='ocr_carea' id='block_1_98' title="bbox 1984 3603 3555 3676">
    <p class='ocr_par' dir='ltr' id='par_1_98' title="bbox 1984 3603 3555 3676">
     <span class='ocr_line' id='line_1_98' title="bbox 1984 3603 3555 3676; baseline 0.003 -22"><span class='ocrx_word' id='word_1_780' title='bbox 1984 3603 2330 3672; x_wconf 77' lang='grc' dir='ltr'>εὐφραίνεται</span> <span class='ocrx_word' id='word_1_781' title='bbox 2357 3619 2370 3632; x_wconf 88' lang='grc'><strong>·</strong></span> <span class='ocrx_word' id='word_1_782' title='bbox 2409 3603 2469 3656; x_wconf 84' lang='grc' dir='ltr'>οὐ</span> <span class='ocrx_word' id='word_1_783' title='bbox 2505 3603 2612 3675; x_wconf 80' lang='grc' dir='ltr'>γὰρ</span> <span class='ocrx_word' id='word_1_784' title='bbox 2635 3605 2700 3656; x_wconf 80' lang='grc' dir='ltr'>ἂν</span> <span class='ocrx_word' id='word_1_785' title='bbox 2728 3603 2902 3667; x_wconf 75' lang='grc' dir='ltr'>ἄλλως</span> <span class='ocrx_word' id='word_1_786' title='bbox 2929 3604 3131 3675; x_wconf 76' lang='grc' dir='ltr'>ἔμαθον</span> <span class='ocrx_word' id='word_1_787' title='bbox 3171 3607 3218 3658; x_wconf 83' lang='grc' dir='ltr'>οί</span> <span class='ocrx_word' id='word_1_788' title='bbox 3255 3605 3555 3676; x_wconf 83' lang='grc' dir='ltr'>ἄνθρωποι.</span> 
     </span>
    </p>
   </div>
   <div class='ocr_carea' id='block_1_99' title="bbox 1997 3692 3559 3768">
    <p class='ocr_par' dir='ltr' id='par_1_99' title="bbox 1997 3692 3559 3768">
     <span class='ocr_line' id='line_1_99' title="bbox 1997 3692 3559 3768; baseline 0.002 -22"><span class='ocrx_word' id='word_1_789' title='bbox 1997 3695 2054 3746; x_wconf 88' lang='lat'>&#39;0</span> <span class='ocrx_word' id='word_1_790' title='bbox 2081 3693 2261 3746; x_wconf 88' lang='grc' dir='ltr'>τοίνυν</span> <span class='ocrx_word' id='word_1_791' title='bbox 2287 3692 2360 3762; x_wconf 82' lang='grc' dir='ltr'>μὴ</span> <span class='ocrx_word' id='word_1_792' title='bbox 2385 3695 2440 3745; x_wconf 88' lang='grc' dir='ltr'>ἐν</span> <span class='ocrx_word' id='word_1_793' title='bbox 2469 3694 2629 3764; x_wconf 77' lang='grc' dir='ltr'>χρείᾳ</span> <span class='ocrx_word' id='word_1_794' title='bbox 2659 3693 2936 3757; x_wconf 82' lang='grc' dir='ltr'>καθεστὼς</span> <span class='ocrx_word' id='word_1_795' title='bbox 2960 3695 3105 3762; x_wconf 85' lang='grc' dir='ltr'>λέγει</span> <span class='ocrx_word' id='word_1_796' title='bbox 3135 3693 3306 3758; x_wconf 72' lang='grc' dir='ltr'>οὕτως</span> <span class='ocrx_word' id='word_1_797' title='bbox 3333 3696 3559 3768; x_wconf 78' lang='grc' dir='ltr'>εὐφραί-</span> 
     </span>
    </p>
   </div>
   <div class='ocr_carea' id='block_1_100' title="bbox 1985 3783 3554 3857">
    <p class='ocr_par' dir='ltr' id='par_1_100' title="bbox 1985 3783 3554 3857">
     <span class='ocr_line' id='line_1_100' title="bbox 1985 3783 3554 3857; baseline 0.004 -21"><span class='ocrx_word' id='word_1_798' title='bbox 1985 3785 2204 3849; x_wconf 86' lang='grc' dir='ltr'>νεσθαι,</span> <span class='ocrx_word' id='word_1_799' title='bbox 2243 3784 2329 3836; x_wconf 78' lang='grc' dir='ltr'>ἵνα</span> <span class='ocrx_word' id='word_1_800' title='bbox 2367 3783 2439 3855; x_wconf 85' lang='grc' dir='ltr'>μή</span> <span class='ocrx_word' id='word_1_801' title='bbox 2477 3783 2562 3836; x_wconf 77' lang='grc' dir='ltr'>διὰ</span> <span class='ocrx_word' id='word_1_802' title='bbox 2592 3785 2651 3837; x_wconf 77' lang='grc' dir='ltr'>τὸ</span> <span class='ocrx_word' id='word_1_803' title='bbox 2693 3785 2937 3848; x_wconf 84' lang='grc' dir='ltr'>ἀνενδεὲς</span> <span class='ocrx_word' id='word_1_804' title='bbox 2985 3787 3217 3857; x_wconf 74' lang='grc' dir='ltr'>ρᾁυμοι</span> <span class='ocrx_word' id='word_1_805' title='bbox 3271 3787 3554 3854; x_wconf 82' lang='grc' dir='ltr'>γένωνται.</span> 
     </span>
    </p>
   </div>
   <div class='ocr_carea' id='block_1_101' title="bbox 1985 3874 3561 3947">
    <p class='ocr_par' dir='ltr' id='par_1_101' title="bbox 1985 3874 3561 3947">
     <span class='ocr_line' id='line_1_101' title="bbox 1985 3874 3561 3947; baseline -0.001 -17"><span class='ocrx_word' id='word_1_806' title='bbox 1985 3875 2096 3930; x_wconf 78' lang='grc' dir='ltr'>Καὶ</span> <span class='ocrx_word' id='word_1_807' title='bbox 2126 3875 2213 3928; x_wconf 78' lang='grc' dir='ltr'>ὅτε</span> <span class='ocrx_word' id='word_1_808' title='bbox 2248 3874 2431 3926; x_wconf 65' lang='grc' dir='ltr'>λοιπὶν</span> <span class='ocrx_word' id='word_1_809' title='bbox 2453 3874 2552 3944; x_wconf 82' lang='grc' dir='ltr'>τῆς</span> <span class='ocrx_word' id='word_1_810' title='bbox 2586 3874 2752 3945; x_wconf 85' lang='grc' dir='ltr'>ἄλλης</span> <span class='ocrx_word' id='word_1_811' title='bbox 2788 3876 2986 3946; x_wconf 78' lang='grc' dir='ltr'>ἀρετῆς</span> <span class='ocrx_word' id='word_1_812' title='bbox 3010 3876 3402 3947; x_wconf 77' lang='grc' dir='ltr'>ἀμελήσαντες.</span> <span class='ocrx_word' id='word_1_813' title='bbox 3429 3877 3561 3931; x_wconf 80' lang='grc' dir='ltr'>ταύ-</span> 
     </span>
    </p>
   </div>
   <div class='ocr_carea' id='block_1_102' title="bbox 1985 3966 3558 4039">
    <p class='ocr_par' dir='ltr' id='par_1_102' title="bbox 1985 3966 3558 4039">
     <span class='ocr_line' id='line_1_102' title="bbox 1985 3966 3558 4039; baseline 0.001 -21"><span class='ocrx_word' id='word_1_814' title='bbox 1985 3983 2106 4028; x_wconf 89' lang='grc' dir='ltr'>ταις</span> <span class='ocrx_word' id='word_1_815' title='bbox 2137 3966 2436 4038; x_wconf 73' lang='grc' dir='ltr'>ἐθάρῤουν,</span> <span class='ocrx_word' id='word_1_816' title='bbox 2471 3967 2572 4036; x_wconf 83' lang='grc' dir='ltr'>ὅρα</span> <span class='ocrx_word' id='word_1_817' title='bbox 2613 3967 2728 4029; x_wconf 85' lang='grc' dir='ltr'>πῶς</span> <span class='ocrx_word' id='word_1_818' title='bbox 2785 3967 2946 4021; x_wconf 84' lang='grc' dir='ltr'>πάλιν</span> <span class='ocrx_word' id='word_1_819' title='bbox 2980 3967 3286 4039; x_wconf 90' lang='grc' dir='ltr'>διορθοῦται</span> <span class='ocrx_word' id='word_1_820' title='bbox 3326 3969 3558 4035; x_wconf 76' lang='grc' dir='ltr'>αὐτοὺς,</span> 
     </span>
    </p>
   </div>
   <div class='ocr_carea' id='block_1_103' title="bbox 1984 4054 3562 4130">
    <p class='ocr_par' dir='ltr' id='par_1_103' title="bbox 1984 4054 3562 4130">
     <span class='ocr_line' id='line_1_103' title="bbox 1984 4054 3562 4130; baseline 0.002 -21"><span class='ocrx_word' id='word_1_821' title='bbox 1984 4058 2160 4126; x_wconf 85' lang='grc' dir='ltr'>λέγων</span> <span class='ocrx_word' id='word_1_822' title='bbox 2183 4074 2196 4085; x_wconf 80' lang='lat'><strong><em>°</em></strong></span> <span class='ocrx_word' id='word_1_823' title='bbox 2229 4057 2324 4124; x_wconf 72' lang='grc' dir='ltr'>Μὴ</span> <span class='ocrx_word' id='word_1_824' title='bbox 2344 4058 2612 4127; x_wconf 67' lang='grc' dir='ltr'>φιίγωμαι</span> <span class='ocrx_word' id='word_1_825' title='bbox 2645 4057 2787 4124; x_wconf 79' lang='grc' dir='ltr'>κρέα</span> <span class='ocrx_word' id='word_1_826' title='bbox 2815 4059 3064 4126; x_wconf 85' lang='grc' dir='ltr'>ταύρων,</span> <span class='ocrx_word' id='word_1_827' title='bbox 3098 4058 3135 4127; x_wconf 82' lang='grc' dir='ltr'>ἣ</span> <span class='ocrx_word' id='word_1_828' title='bbox 3157 4054 3298 4128; x_wconf 77' lang='grc' dir='ltr'>αἷμα</span> <span class='ocrx_word' id='word_1_829' title='bbox 3332 4060 3562 4130; x_wconf 76' lang='grc' dir='ltr'>τράγων</span> 
     </span>
    </p>
   </div>
   <div class='ocr_carea' id='block_1_104' title="bbox 1985 4148 3562 4218">
    <p class='ocr_par' dir='ltr' id='par_1_104' title="bbox 1985 4148 3562 4218">
     <span class='ocr_line' id='line_1_104' title="bbox 1985 4148 3562 4218; baseline 0.001 -18"><span class='ocrx_word' id='word_1_830' title='bbox 1985 4151 2239 4217; x_wconf 57' lang='lat' dir='ltr'>aziwma;</span> <span class='ocrx_word' id='word_1_831' title='bbox 2277 4149 2449 4200; x_wconf 82' lang='grc' dir='ltr'>Τοῦτο</span> <span class='ocrx_word' id='word_1_832' title='bbox 2499 4148 2593 4200; x_wconf 72' lang='grc' dir='ltr'>καὶ</span> <span class='ocrx_word' id='word_1_833' title='bbox 2634 4148 2846 4212; x_wconf 85' lang='grc' dir='ltr'>Παῦλός</span> <span class='ocrx_word' id='word_1_834' title='bbox 2896 4166 3095 4218; x_wconf 91' lang='grc' dir='ltr'>φησιν,</span> <span class='ocrx_word' id='word_1_835' title='bbox 3157 4152 3278 4202; x_wconf 86' lang='grc' dir='ltr'>Οὐκ</span> <span class='ocrx_word' id='word_1_836' title='bbox 3314 4148 3562 4216; x_wconf 79' lang='grc' dir='ltr'>ἐπιζητῶ</span> 
     </span>
    </p>
   </div>
   <div class='ocr_carea' id='block_1_105' title="bbox 1984 4235 3563 4306">
    <p class='ocr_par' dir='ltr' id='par_1_105' title="bbox 1984 4235 3563 4306">
     <span class='ocr_line' id='line_1_105' title="bbox 1984 4235 3563 4306; baseline -0.003 -14"><span class='ocrx_word' id='word_1_837' title='bbox 1984 4239 2052 4292; x_wconf 81' lang='grc' dir='ltr'>τὸ</span> <span class='ocrx_word' id='word_1_838' title='bbox 2076 4238 2247 4306; x_wconf 82' lang='grc' dir='ltr'>δόμα.</span> <span class='ocrx_word' id='word_1_839' title='bbox 2299 4237 2362 4289; x_wconf 85' lang='lat'>&#39;0</span> <span class='ocrx_word' id='word_1_840' title='bbox 2389 4236 2457 4288; x_wconf 80' lang='grc' dir='ltr'>δὲ</span> <span class='ocrx_word' id='word_1_841' title='bbox 2484 4237 2626 4302; x_wconf 67' lang='grc' dir='ltr'>Θεός</span> <span class='ocrx_word' id='word_1_842' title='bbox 2650 4254 2768 4304; x_wconf 84' lang='grc' dir='ltr'>μου</span> <span class='ocrx_word' id='word_1_843' title='bbox 2802 4236 3104 4304; x_wconf 74' lang='grc' dir='ltr'>πληρώσει</span> <span class='ocrx_word' id='word_1_844' title='bbox 3128 4235 3334 4290; x_wconf 84' lang='grc' dir='ltr'>πᾶσαν</span> <span class='ocrx_word' id='word_1_845' title='bbox 3355 4237 3563 4304; x_wconf 76' lang='grc' dir='ltr'>χρείαν</span> 
     </span>
    </p>
   </div>
   <div class='ocr_carea' id='block_1_106' title="bbox 1985 4327 3563 4399">
    <p class='ocr_par' dir='ltr' id='par_1_106' title="bbox 1985 4327 3563 4399">
     <span class='ocr_line' id='line_1_106' title="bbox 1985 4327 3563 4399; baseline -0.002 -15"><span class='ocrx_word' id='word_1_846' title='bbox 1985 4329 2153 4399; x_wconf 80' lang='grc' dir='ltr'>ὑμῶν</span> <span class='ocrx_word' id='word_1_847' title='bbox 2175 4329 2324 4382; x_wconf 81' lang='grc' dir='ltr'>κατὰ</span> <span class='ocrx_word' id='word_1_848' title='bbox 2340 4328 2446 4381; x_wconf 83' lang='grc' dir='ltr'>τὸν</span> <span class='ocrx_word' id='word_1_849' title='bbox 2463 4328 2733 4381; x_wconf 70' lang='grc' dir='ltr'>πλοῦτον</span> <span class='ocrx_word' id='word_1_850' title='bbox 2753 4327 2941 4382; x_wconf 86' lang='grc' dir='ltr'>αὐτοῦ</span> <span class='ocrx_word' id='word_1_851' title='bbox 2962 4328 3031 4380; x_wconf 83' lang='grc' dir='ltr'>ἐν</span> <span class='ocrx_word' id='word_1_852' title='bbox 3052 4327 3222 4397; x_wconf 77' lang='grc' dir='ltr'>δόξῃ,</span> <span class='ocrx_word' id='word_1_853' title='bbox 3248 4327 3317 4380; x_wconf 81' lang='grc' dir='ltr'>ἐν</span> <span class='ocrx_word' id='word_1_854' title='bbox 3333 4328 3563 4396; x_wconf 84' lang='grc' dir='ltr'>Χριστῷ</span> 
     </span>
    </p>
   </div>
   <div class='ocr_carea' id='block_1_107' title="bbox 1999 4420 3480 4487">
    <p class='ocr_par' dir='ltr' id='par_1_107' title="bbox 1999 4420 3480 4487">
     <span class='ocr_line' id='line_1_107' title="bbox 1999 4420 3480 4487; baseline 0 -13"><span class='ocrx_word' id='word_1_855' title='bbox 1999 4420 2223 4487; x_wconf 83' lang='grc' dir='ltr'>Ἰησοῦ.</span> <span class='ocrx_word' id='word_1_856' title='bbox 3471 4473 3480 4480; x_wconf 31' lang='grc' dir='ltr'><strong>κ</strong></span> 
     </span>
    </p>
   </div>
   <div class='ocr_carea' id='block_1_108' title="bbox 2057 4511 3560 4583">
    <p class='ocr_par' dir='ltr' id='par_1_108' title="bbox 2057 4511 3560 4583">
     <span class='ocr_line' id='line_1_108' title="bbox 2057 4511 3560 4583; baseline 0.001 -19"><span class='ocrx_word' id='word_1_857' title='bbox 2057 4512 2119 4566; x_wconf 85' lang='grc' dir='ltr'>δ’.</span> <span class='ocrx_word' id='word_1_858' title='bbox 2157 4514 2298 4582; x_wconf 81' lang='grc' dir='ltr'>Ὅρα</span> <span class='ocrx_word' id='word_1_859' title='bbox 2333 4511 2450 4575; x_wconf 89' lang='grc' dir='ltr'>πῶς</span> <span class='ocrx_word' id='word_1_860' title='bbox 2478 4512 2569 4565; x_wconf 76' lang='grc' dir='ltr'>καὶ</span> <span class='ocrx_word' id='word_1_861' title='bbox 2603 4511 2914 4580; x_wconf 85' lang='grc' dir='ltr'>ἐπεύχεται,</span> <span class='ocrx_word' id='word_1_862' title='bbox 2956 4511 3209 4583; x_wconf 87' lang='grc' dir='ltr'>καθάπερ</span> <span class='ocrx_word' id='word_1_863' title='bbox 3231 4515 3276 4565; x_wconf 86' lang='grc' dir='ltr'>οἱ</span> <span class='ocrx_word' id='word_1_864' title='bbox 3306 4511 3560 4582; x_wconf 86' lang='grc' dir='ltr'>πένητες.</span> 
     </span>
    </p>
   </div>
   <div class='ocr_carea' id='block_1_109' title="bbox 1985 4597 3564 4668">
    <p class='ocr_par' dir='ltr' id='par_1_109' title="bbox 1985 4597 3564 4668">
     <span class='ocr_line' id='line_1_109' title="bbox 1985 4597 3564 4668; baseline -0.004 -13"><span class='ocrx_word' id='word_1_865' title='bbox 1985 4601 2048 4655; x_wconf 77' lang='grc' dir='ltr'>Εἰ</span> <span class='ocrx_word' id='word_1_866' title='bbox 2078 4601 2135 4655; x_wconf 84' lang='grc' dir='ltr'>δέ</span> <span class='ocrx_word' id='word_1_867' title='bbox 2179 4599 2386 4663; x_wconf 86' lang='grc' dir='ltr'>Παῦλος</span> <span class='ocrx_word' id='word_1_868' title='bbox 2419 4599 2708 4668; x_wconf 89' lang='grc' dir='ltr'>ἐπεύχεται</span> <span class='ocrx_word' id='word_1_869' title='bbox 2733 4600 2842 4659; x_wconf 85' lang='grc' dir='ltr'>τοῖς</span> <span class='ocrx_word' id='word_1_870' title='bbox 2871 4597 3092 4661; x_wconf 88' lang='grc' dir='ltr'>διδοῦσι,</span> <span class='ocrx_word' id='word_1_871' title='bbox 3147 4597 3324 4667; x_wconf 82' lang='grc' dir='ltr'>πολλῷ</span> <span class='ocrx_word' id='word_1_872' title='bbox 3365 4597 3564 4667; x_wconf 79' lang='grc' dir='ltr'>μᾶλλον</span> 
     </span>
    </p>
   </div>
   <div class='ocr_carea' id='block_1_110' title="bbox 1985 4687 3562 4764">
    <p class='ocr_par' dir='ltr' id='par_1_110' title="bbox 1985 4687 3562 4764">
     <span class='ocr_line' id='line_1_110' title="bbox 1985 4687 3562 4764; baseline -0.002 -19"><span class='ocrx_word' id='word_1_873' title='bbox 1985 4694 2147 4764; x_wconf 73' lang='grc' dir='ltr'>ἡμεῖς</span> <span class='ocrx_word' id='word_1_874' title='bbox 2177 4692 2251 4762; x_wconf 78' lang='grc' dir='ltr'>μὴ</span> <span class='ocrx_word' id='word_1_875' title='bbox 2278 4688 2662 4761; x_wconf 73' lang='grc' dir='ltr'>αἰσχυνώμεθα</span> <span class='ocrx_word' id='word_1_876' title='bbox 2685 4687 3053 4758; x_wconf 82' lang='grc' dir='ltr'>λαμϐάνοντες</span> <span class='ocrx_word' id='word_1_877' title='bbox 3071 4689 3230 4742; x_wconf 87' lang='grc' dir='ltr'>τοῦτο</span> <span class='ocrx_word' id='word_1_878' title='bbox 3251 4691 3440 4744; x_wconf 89' lang='grc' dir='ltr'>ποιεῖν.</span> <span class='ocrx_word' id='word_1_879' title='bbox 3471 4687 3562 4756; x_wconf 83' lang='grc' dir='ltr'>Μὴ</span> 
     </span>
    </p>
   </div>
   <div class='ocr_carea' id='block_1_111' title="bbox 1986 4779 3564 4855">
    <p class='ocr_par' dir='ltr' id='par_1_111' title="bbox 1986 4779 3564 4855">
     <span class='ocr_line' id='line_1_111' title="bbox 1986 4779 3564 4855; baseline -0.002 -21"><span class='ocrx_word' id='word_1_880' title='bbox 1986 4785 2050 4855; x_wconf 82' lang='grc' dir='ltr'>δὴ</span> <span class='ocrx_word' id='word_1_881' title='bbox 2079 4783 2462 4854; x_wconf 82' lang='grc' dir='ltr'>λαμϐάνωμεν,</span> <span class='ocrx_word' id='word_1_882' title='bbox 2486 4781 2560 4844; x_wconf 86' lang='grc' dir='ltr'>ὼς</span> <span class='ocrx_word' id='word_1_883' title='bbox 2594 4781 2744 4833; x_wconf 71' lang='grc' dir='ltr'>αὐτοὶ</span> <span class='ocrx_word' id='word_1_884' title='bbox 2767 4779 3078 4851; x_wconf 80' lang='grc' dir='ltr'>χρῄζοντες,</span> <span class='ocrx_word' id='word_1_885' title='bbox 3121 4780 3254 4853; x_wconf 80' lang='grc' dir='ltr'>μηδέ</span> <span class='ocrx_word' id='word_1_886' title='bbox 3284 4781 3564 4851; x_wconf 88' lang='grc' dir='ltr'>χαίρωμεν</span> 
     </span>
    </p>
   </div>
   <div class='ocr_carea' id='block_1_112' title="bbox 1985 4872 3564 4947">
    <p class='ocr_par' dir='ltr' id='par_1_112' title="bbox 1985 4872 3564 4947">
     <span class='ocr_line' id='line_1_112' title="bbox 1985 4872 3564 4947; baseline -0.001 -19"><span class='ocrx_word' id='word_1_887' title='bbox 1985 4875 2143 4947; x_wconf 78' lang='grc' dir='ltr'>ἡμῶν</span> <span class='ocrx_word' id='word_1_888' title='bbox 2171 4875 2376 4936; x_wconf 76' lang='grc' dir='ltr'>ἕνεκεν,</span> <span class='ocrx_word' id='word_1_889' title='bbox 2408 4872 2545 4927; x_wconf 74' lang='grc' dir='ltr'>ἀλλὰ</span> <span class='ocrx_word' id='word_1_890' title='bbox 2567 4873 2676 4926; x_wconf 87' lang='grc' dir='ltr'>τῶν</span> <span class='ocrx_word' id='word_1_891' title='bbox 2699 4872 2949 4930; x_wconf 76' lang='grc' dir='ltr'>διδόντων</span> <span class='ocrx_word' id='word_1_892' title='bbox 2979 4873 3173 4926; x_wconf 85' lang='grc' dir='ltr'>αὐτῶν.</span> <span class='ocrx_word' id='word_1_893' title='bbox 3209 4872 3394 4936; x_wconf 79' lang='grc' dir='ltr'>Οῦτως</span> <span class='ocrx_word' id='word_1_894' title='bbox 3428 4873 3564 4942; x_wconf 78' lang='grc' dir='ltr'>ἡμῖν</span> 
     </span>
    </p>
   </div>
   <div class='ocr_carea' id='block_1_113' title="bbox 1987 4962 3565 5036">
    <p class='ocr_par' dir='ltr' id='par_1_113' title="bbox 1987 4962 3565 5036">
     <span class='ocr_line' id='line_1_113' title="bbox 1987 4962 3565 5036; baseline -0.004 -15"><span class='ocrx_word' id='word_1_895' title='bbox 1987 4968 2140 5021; x_wconf 77' lang='grc' dir='ltr'>ἔσται</span> <span class='ocrx_word' id='word_1_896' title='bbox 2192 4965 2382 5036; x_wconf 79' lang='grc' dir='ltr'>μισθὸς</span> <span class='ocrx_word' id='word_1_897' title='bbox 2420 4967 2513 5018; x_wconf 76' lang='grc' dir='ltr'>καὶ</span> <span class='ocrx_word' id='word_1_898' title='bbox 2543 4964 2928 5036; x_wconf 82' lang='grc' dir='ltr'>λαμϐάνουσιν,</span> <span class='ocrx_word' id='word_1_899' title='bbox 2975 4965 3039 5019; x_wconf 85' lang='grc' dir='ltr'>ἂν</span> <span class='ocrx_word' id='word_1_900' title='bbox 3069 4965 3135 5018; x_wconf 81' lang='grc' dir='ltr'>δι’</span> <span class='ocrx_word' id='word_1_901' title='bbox 3174 4965 3410 5026; x_wconf 83' lang='grc' dir='ltr'>ἐκείνους</span> <span class='ocrx_word' id='word_1_902' title='bbox 3445 4962 3565 5033; x_wconf 84' lang='grc' dir='ltr'>χαί-</span> 
     </span>
    </p>
   </div>
   <div class='ocr_carea' id='block_1_114' title="bbox 1987 5055 3564 5134">
    <p class='ocr_par' dir='ltr' id='par_1_114' title="bbox 1987 5055 3564 5134">
     <span class='ocr_line' id='line_1_114' title="bbox 1987 5055 3564 5134; baseline -0.003 -22"><span class='ocrx_word' id='word_1_903' title='bbox 1987 5077 2170 5134; x_wconf 89' lang='grc' dir='ltr'>ρωμεν</span> <span class='ocrx_word' id='word_1_904' title='bbox 2192 5075 2206 5088; x_wconf 86' lang='grc'><strong>·</strong></span> <span class='ocrx_word' id='word_1_905' title='bbox 2237 5057 2408 5121; x_wconf 71' lang='grc' dir='ltr'>οὕτως</span> <span class='ocrx_word' id='word_1_906' title='bbox 2427 5059 2525 5111; x_wconf 83' lang='grc' dir='ltr'>οὐκ</span> <span class='ocrx_word' id='word_1_907' title='bbox 2546 5058 3015 5129; x_wconf 79' lang='grc' dir='ltr'>ἀγανακτήσομεν,</span> <span class='ocrx_word' id='word_1_908' title='bbox 3049 5059 3121 5129; x_wconf 84' lang='grc' dir='ltr'>μὴ</span> <span class='ocrx_word' id='word_1_909' title='bbox 3141 5058 3410 5118; x_wconf 84' lang='grc' dir='ltr'>διδόντων,</span> <span class='ocrx_word' id='word_1_910' title='bbox 3435 5055 3564 5125; x_wconf 79' lang='grc' dir='ltr'>μᾶλ·</span> 
     </span>
    </p>
   </div>
   <div class='ocr_carea' id='block_1_115' title="bbox 1985 5146 3562 5220">
    <p class='ocr_par' dir='ltr' id='par_1_115' title="bbox 1985 5146 3562 5220">
     <span class='ocr_line' id='line_1_115' title="bbox 1985 5146 3562 5220; baseline -0.003 -15"><span class='ocrx_word' id='word_1_911' title='bbox 1985 5153 2074 5205; x_wconf 90' lang='grc' dir='ltr'>λον</span> <span class='ocrx_word' id='word_1_912' title='bbox 2118 5150 2174 5204; x_wconf 83' lang='grc' dir='ltr'>δὲ</span> <span class='ocrx_word' id='word_1_913' title='bbox 2206 5149 2513 5220; x_wconf 82' lang='grc' dir='ltr'>ἀλγήσομεν</span> <span class='ocrx_word' id='word_1_914' title='bbox 2546 5149 2613 5202; x_wconf 85' lang='grc' dir='ltr'>δι’</span> <span class='ocrx_word' id='word_1_915' title='bbox 2649 5149 2844 5212; x_wconf 88' lang='grc' dir='ltr'>αὐτούς</span> <span class='ocrx_word' id='word_1_916' title='bbox 2869 5165 2882 5176; x_wconf 76' lang='grc'><strong><em>⁸</em></strong></span> <span class='ocrx_word' id='word_1_917' title='bbox 2925 5149 3068 5202; x_wconf 84' lang='grc' dir='ltr'>οῦτω</span> <span class='ocrx_word' id='word_1_918' title='bbox 3103 5150 3195 5202; x_wconf 68' lang='grc' dir='ltr'>καὶ</span> <span class='ocrx_word' id='word_1_919' title='bbox 3223 5146 3562 5218; x_wconf 77' lang='grc' dir='ltr'>προθυμοτέ-</span> 
     </span>
    </p>
   </div>
   <div class='ocr_carea' id='block_1_116' title="bbox 1989 5240 3562 5316">
    <p class='ocr_par' dir='ltr' id='par_1_116' title="bbox 1989 5240 3562 5316">
     <span class='ocr_line' id='line_1_116' title="bbox 1989 5240 3562 5316; baseline -0.004 -18"><span class='ocrx_word' id='word_1_920' title='bbox 1989 5262 2114 5316; x_wconf 88' lang='grc' dir='ltr'>ρους</span> <span class='ocrx_word' id='word_1_921' title='bbox 2134 5243 2497 5315; x_wconf 84' lang='grc' dir='ltr'>ἐργασόμεθα,</span> <span class='ocrx_word' id='word_1_922' title='bbox 2522 5241 2586 5295; x_wconf 86' lang='grc' dir='ltr'>ἂν</span> <span class='ocrx_word' id='word_1_923' title='bbox 2607 5242 2966 5311; x_wconf 84' lang='grc' dir='ltr'>διδάσκωμεν,</span> <span class='ocrx_word' id='word_1_924' title='bbox 2988 5242 3066 5295; x_wconf 78' lang='grc' dir='ltr'>ὅτι</span> <span class='ocrx_word' id='word_1_925' title='bbox 3089 5241 3186 5311; x_wconf 90' lang='grc' dir='ltr'>οὐχ</span> <span class='ocrx_word' id='word_1_926' title='bbox 3208 5241 3363 5311; x_wconf 73' lang='grc' dir='ltr'>ἡμῶν</span> <span class='ocrx_word' id='word_1_927' title='bbox 3378 5240 3562 5292; x_wconf 73' lang='grc' dir='ltr'>ἕνεκεν</span> 
     </span>
    </p>
   </div>
   <div class='ocr_carea' id='block_1_117' title="bbox 1983 5327 3560 5404">
    <p class='ocr_par' dir='ltr' id='par_1_117' title="bbox 1983 5327 3560 5404">
     <span class='ocr_line' id='line_1_117' title="bbox 1983 5327 3560 5404; baseline -0.005 -15"><span class='ocrx_word' id='word_1_928' title='bbox 1983 5335 2154 5389; x_wconf 84' lang='grc' dir='ltr'>ταῦτα</span> <span class='ocrx_word' id='word_1_929' title='bbox 2183 5335 2511 5404; x_wconf 78' lang='grc' dir='ltr'>πράττομεν.</span> <span class='ocrx_word' id='word_1_930' title='bbox 2546 5333 2610 5385; x_wconf 84' lang='lat'>&#39;0</span> <span class='ocrx_word' id='word_1_931' title='bbox 2642 5331 2710 5384; x_wconf 87' lang='grc' dir='ltr'>δὲ</span> <span class='ocrx_word' id='word_1_932' title='bbox 2737 5332 2880 5396; x_wconf 86' lang='grc' dir='ltr'>Θεός</span> <span class='ocrx_word' id='word_1_933' title='bbox 2901 5348 3042 5398; x_wconf 78' lang='grc' dir='ltr'>μου,</span> <span class='ocrx_word' id='word_1_934' title='bbox 3079 5331 3234 5399; x_wconf 65' lang='grc' dir='ltr'>φησὶ,</span> <span class='ocrx_word' id='word_1_935' title='bbox 3255 5327 3560 5397; x_wconf 67' lang='grc' dir='ltr'>πληρώσει</span> 
     </span>
    </p>
   </div>
   <div class='ocr_carea' id='block_1_118' title="bbox 1985 5421 3558 5496">
    <p class='ocr_par' dir='ltr' id='par_1_118' title="bbox 1985 5421 3558 5496">
     <span class='ocr_line' id='line_1_118' title="bbox 1985 5421 3558 5496; baseline -0.006 -14"><span class='ocrx_word' id='word_1_936' title='bbox 1985 5427 2190 5482; x_wconf 81' lang='grc' dir='ltr'>πᾶσαν</span> <span class='ocrx_word' id='word_1_937' title='bbox 2208 5427 2416 5496; x_wconf 77' lang='grc' dir='ltr'>χρείαν</span> <span class='ocrx_word' id='word_1_938' title='bbox 2434 5425 2616 5495; x_wconf 77' lang='grc' dir='ltr'>ὑμῶν,</span> <span class='ocrx_word' id='word_1_939' title='bbox 2647 5423 2679 5494; x_wconf 75' lang='grc' dir='ltr'><strong>ἦ</strong></span> <span class='ocrx_word' id='word_1_940' title='bbox 2705 5424 2882 5476; x_wconf 77' lang='grc' dir='ltr'>πᾶσαν</span> <span class='ocrx_word' id='word_1_941' title='bbox 2896 5422 3075 5492; x_wconf 77' lang='grc' dir='ltr'>χάριν,</span> <span class='ocrx_word' id='word_1_942' title='bbox 3105 5422 3140 5492; x_wconf 83' lang='grc' dir='ltr'>ἢ</span> <span class='ocrx_word' id='word_1_943' title='bbox 3163 5423 3340 5476; x_wconf 78' lang='grc' dir='ltr'>πᾶσαν</span> <span class='ocrx_word' id='word_1_944' title='bbox 3363 5421 3558 5492; x_wconf 80' lang='grc' dir='ltr'>χαράν.</span> 
     </span>
    </p>
   </div>
   <div class='ocr_carea' id='block_1_119' title="bbox 1998 5511 3560 5590">
    <p class='ocr_par' dir='ltr' id='par_1_119' title="bbox 1998 5511 3560 5590">
     <span class='ocr_line' id='line_1_119' title="bbox 1998 5511 3560 5590; baseline -0.005 -17"><span class='ocrx_word' id='word_1_945' title='bbox 1998 5519 2137 5573; x_wconf 82' lang='grc' dir='ltr'>Ἀλλ’</span> <span class='ocrx_word' id='word_1_946' title='bbox 2165 5519 2230 5572; x_wconf 81' lang='grc' dir='ltr'>ἂν</span> <span class='ocrx_word' id='word_1_947' title='bbox 2259 5517 2356 5589; x_wconf 78' lang='grc' dir='ltr'>μὲν</span> <span class='ocrx_word' id='word_1_948' title='bbox 2386 5513 2441 5590; x_wconf 82' lang='grc' dir='ltr'>ᾖ,</span> <span class='ocrx_word' id='word_1_949' title='bbox 2463 5515 2673 5572; x_wconf 84' lang='grc' dir='ltr'>Πᾶσαν</span> <span class='ocrx_word' id='word_1_950' title='bbox 2686 5513 2881 5583; x_wconf 80' lang='grc' dir='ltr'>χάριν,</span> <span class='ocrx_word' id='word_1_951' title='bbox 2913 5514 2986 5586; x_wconf 79' lang='grc' dir='ltr'>μὴ</span> <span class='ocrx_word' id='word_1_952' title='bbox 3011 5512 3213 5586; x_wconf 88' lang='grc' dir='ltr'>ταύτην</span> <span class='ocrx_word' id='word_1_953' title='bbox 3235 5513 3392 5585; x_wconf 87' lang='grc' dir='ltr'>μόνον</span> <span class='ocrx_word' id='word_1_954' title='bbox 3406 5511 3560 5582; x_wconf 81' lang='grc' dir='ltr'>φησὶ,</span> 
     </span>
    </p>
   </div>
   <div class='ocr_carea' id='block_1_120' title="bbox 2050 5685 3161 5756">
    <p class='ocr_par' dir='ltr' id='par_1_120' title="bbox 2050 5685 3161 5756">
     <span class='ocr_line' id='line_1_120' title="bbox 2050 5685 3161 5756; baseline -0.007 -13"><span class='ocrx_word' id='word_1_955' title='bbox 2050 5695 2071 5724; x_wconf 74' lang='grc' dir='ltr'>ε</span> <span class='ocrx_word' id='word_1_956' title='bbox 2096 5692 2306 5756; x_wconf 76' lang='lat' dir='ltr'>lnterpr.</span> <span class='ocrx_word' id='word_1_957' title='bbox 2339 5690 2522 5754; x_wconf 74' lang='lat' dir='ltr'>legisse</span> <span class='ocrx_word' id='word_1_958' title='bbox 2547 5687 2744 5741; x_wconf 75' lang='lat' dir='ltr'>videtur</span> <span class='ocrx_word' id='word_1_959' title='bbox 2769 5688 2849 5741; x_wconf 83' lang='grc' dir='ltr'>καὶ</span> <span class='ocrx_word' id='word_1_960' title='bbox 2872 5685 2956 5736; x_wconf 81' lang='grc' dir='ltr'>τοῦ</span> <span class='ocrx_word' id='word_1_961' title='bbox 2976 5687 3161 5750; x_wconf 79' lang='grc' dir='ltr'>χρῄζειν</span> 
     </span>
    </p>
   </div>
  </div>
