4072 6206
461 291 569 345 293

458 403 560 470 τὴν
587 399 678 455 ἐπὶ
708 396 808 468 γῆς
833 396 1222 466 ἐλεημοσύνην,
1255 397 1388 450 ἀλλά
1423 397 1531 450 πᾶν
1561 395 1889 468 κατόρθωμα
1913 413 1930 432 ο
1966 399 2032 452 ἂν

459 503 540 565 δὲ,
572 499 785 557 Πᾶσαν
809 500 1038 569 χρείαν,
1073 499 1209 571 ὅπερ
1234 495 1386 570 οἶμαι
1413 499 1508 552 καὶ
1537 499 1736 570 μᾶλλον
1759 499 2034 569 λέγεσθαι,

459 600 619 655 τοῦτό
681 603 828 654 ἐστιν
883 600 911 652 ό
943 597 1134 671 δηλοῦν
1187 599 1464 669 βούλεται·
1501 599 1687 670 ἐπειδὴ
1732 600 2037 673 ἔμπροσθεν

461 697 634 763 εἶπεν,
666 698 1052 767 Ἦκαιρεῖσθε,
1073 697 1268 767 ἐπάγει
1288 699 1540 765 ἐνταῦθα,
1571 699 1708 770 ὅπερ
1735 701 1791 752 ὲν
1811 702 1876 771 τῇ
1903 699 2037 770 πρὸς

461 799 777 870 Κορινθίους
807 801 952 853 ποιεῖ
977 799 1172 868 λέγων,
1203 801 1257 852 '0
1285 798 1662 869 ἐπιχορηγῶν
1687 800 1928 869 σπέρμα
1959 798 2038 864 τῷ

461 902 789 968 σπείροντι,
829 899 927 952 καὶ
955 899 1136 968 ἄρτον
1165 902 1252 966 είς
1269 897 1506 968 βρῶσιν
1545 897 1897 969 χορηγῆσαι,
1939 897 2037 952 καὶ

460 1000 763 1067 πληθύναι
780 997 886 1051 τὸν
899 998 1132 1066 σπόρον
1143 996 1329 1066 ὑμῶν,
1350 997 1446 1050 καὶ
1465 1013 1502 1049 α
1511 996 1730 1062 ὺξήσαι
1747 997 1816 1051 τὰ
1834 997 2040 1067 γεννή-

456 1119 614 1173 ματα
635 1101 743 1170 τῆς
763 1103 1155 1170 δικαιοσύνης
1171 1102 1354 1172 ὑμῶν.
1372 1101 1689 1172 Ἐπεύχεται
1706 1101 1813 1173 γὰρ
1835 1103 2034 1170 αὐτοῖς,

461 1202 601 1255 ὥστε
629 1197 768 1254 εῖναι
799 1203 856 1254 ὲν
876 1201 1125 1272 ἀφθονία,
1158 1204 1250 1256 καὶ
1271 1202 1417 1272 ἔχειν
1441 1203 1684 1270 σπείρειν
1707 1218 1720 1232 °
1755 1202 1847 1255 καὶ
1874 1202 2038 1256 ἐπεύ-

461 1318 617 1370 χεται
651 1302 749 1370 οὐχ
779 1301 964 1364 ἁπλῶς
998 1302 1058 1354 ὲν
1091 1301 1321 1372 ἀφθονίᾳ
1353 1297 1514 1364 εἶναι,
1551 1301 1706 1366 ἀλλὰ,
1736 1302 1898 1357 Κατὰ
1926 1303 2039 1357 τὸν

459 1400 727 1453 πλοῦτον
747 1399 952 1452 αὐτοῦ.
974 1399 1139 1452 Ὥστε
1163 1400 1258 1452 καὶ
1281 1401 1442 1453 τοῦτο
1470 1418 1532 1453 συ
1541 1418 1832 1472 μμεμετρη
1842 1402 2036 1472 μένως.

459 1498 524 1549 Et
558 1496 656 1565 μὲν
680 1496 788 1568 γὰρ
814 1499 933 1550 κατ’
959 1497 1119 1551 αὐτὸν
1143 1494 1305 1570 ἦσαν,
1333 1500 1426 1553 καὶ
1455 1498 1597 1552 οὕτω
1615 1499 1915 1569 φιλόσοφοι,
1943 1501 2039 1554 καὶ

458 1595 629 1658 οὕτως
673 1597 1095 1666 ὲσταυρωμένοι,
1145 1599 1245 1651 οὐκ
1276 1596 1342 1651 ἂν
1375 1597 1530 1651 τοῦτο
1557 1599 1842 1669 ἐποίησεν·
1887 1602 2037 1652 ἐπει-

459 1695 523 1766 δὴ
570 1695 623 1748 δὲ
654 1695 844 1766 ἄνδρες
873 1692 1032 1766 ἦσαν,
1083 1697 1439 1770 χειροτέχναι,
1472 1696 1720 1768 πένητες,
1774 1701 2040 1765 γυναῖκας

460 1795 705 1867 ἔχοντες,
746 1797 944 1861 παῖδας
989 1797 1302 1867 τρέφοντες,
1341 1797 1517 1860 οἰκίας
1546 1797 1910 1868 προεστῶτες,
1945 1799 2040 1853 καί

458 1895 567 1948 ἀπὸ
596 1894 792 1963 ὀλίγων
821 1895 916 1949 καὶ
943 1895 1116 1949 ταῦτα
1148 1895 1360 1958 ἔδοσαν,
1397 1895 1492 1948 καί
1531 1911 1649 1946 τινα
1674 1890 1816 1964 εἶχον
1840 1895 2034 1948 ἐπιθυ-

460 1995 588 2066 μίαν
621 1994 768 2068 [516]
811 1995 1040 2048 καὶτῶν
1079 1995 1384 2067 παρόντων,
1429 1993 1716 2064 ἐπεύχεται
1750 2011 2031 2062 συγκατα-

457 2094 716 2158 ϐατικῶς.
759 2096 883 2159 Τοῖς
919 2095 1025 2166 γὰρ
1065 2093 1208 2147 οὕτω
1241 2093 1601 2165 κεχρημένοις
1643 2094 1794 2146 οὐδὲν
1836 2094 2038 2148 ἄτοπον

457 2192 786 2263 ἐπεύχεσθαι
821 2192 919 2263 τὴν
959 2193 1292 2263 αὐτάρκειαν
1318 2193 1409 2246 καὶ
1436 2193 1535 2260 τὴν
1576 2191 1859 2260 ἀφθονίαν.
1893 2193 2036 2262 Ὅρα

455 2291 585 2360 γοῦν
617 2291 669 2344 τί
696 2293 789 2344 καὶ
817 2291 1127 2361 ἐπεύχεται·
1165 2292 1279 2346 Οὐκ
1305 2287 1476 2355 εἶπεν,
1504 2292 1585 2345 ὅτι
1613 2293 1841 2361 Ποιήσαι
1865 2293 2035 2346 πλου-

456 2390 600 2453 σίους
635 2390 727 2444 καὶ
773 2390 1038 2461 εὐπόρους
1085 2391 1327 2460 σφόδρα,
1382 2391 1517 2446 ἀλλὰ
1556 2393 1650 2458 τί;
1720 2395 2041 2462 Πληρώσαι

455 2489 665 2543 πᾶσαν
717 2490 928 2558 χρείαν
985 2489 1171 2558 ὑμῶν.
1225 2491 1386 2544 Ὥστε
1432 2493 1506 2563 μὴ
1548 2487 1684 2545 εἶναι
1733 2495 1790 2546 ὲν
1837 2495 2036 2566 ἐνδείᾳ,

453 2588 593 2643 ἀλλά
621 2591 688 2644 τὰ
719 2589 855 2661 1:96.;
889 2591 1078 2661 χρείαν
1114 2591 1258 2662 ἔχειν
1279 2607 1292 2622 ⁸
1323 2593 1444 2646 ἐπεὶ
1479 2594 1572 2646 καὶ
1597 2596 1623 2647 6
1655 2595 1886 2664 Χριστὸς
1915 2597 2038 2667 ὅρον

455 2691 620 2761 εὐχῆς
646 2691 779 2760 ἡμῖν
810 2690 1003 2754 διδοὺς,
1039 2691 1193 2746 τοῦτο
1225 2695 1290 2762 τῇ
1319 2693 1450 2764 εὐχῇ
1487 2695 1736 2764 ἐνέθηκε,
1771 2695 2038 2749 διδάσκων

452 2791 631 2859 ἡμᾶς,
664 2789 776 2843 Τὸν
805 2786 988 2857 ἄρτον
1020 2791 1190 2859 ήμῶν
1223 2791 1329 2845 τὸν
1355 2792 1670 2846 ἐπιούσιον
1699 2793 1896 2862 λέγειν,
1933 2796 2038 2862 δύς

451 2889 599 2958 ἡμῖν
625 2888 912 2957 σήμερον.
945 2891 1107 2944 Κατὰ
1135 2890 1243 2943 τὸν
1286 2890 1555 2944 πλοῦτον
1583 2891 1789 2944 αὐτοῦ.
1820 2892 1884 2944 Τί
1915 2892 2032 2945 ἐστι

449 2985 643 3050 τοῦτο;
705 2985 860 3037 Κατά
901 2985 1001 3055 τὴν
1039 2985 1246 3057 δωρεὰν
1297 2986 1500 3040 αὐτοῦ⁸
1559 2987 1859 3049 τουτέστιν,
1912 2990 1940 3042 ὅ
1985 3008 2036 3043 τι

449 3083 672 3137 εὔκολον
705 3083 853 3154 αὐτῷ
893 3083 988 3138 καὶ¹
1027 3083 1269 3148 δυνατὸν,
1311 3085 1404 3138 καὶ
1451 3085 1658 3156 ταχέως
1707 3091 1901 3144 ποιεῖν.
1927 3090 2036 3142 Καὶ

447 3185 634 3255 ἐπειδὴ
666 3185 881 3254 Χρείαν
915 3180 1085 3249 εἷπον,
1137 3186 1223 3237 ῖνα
1257 3186 1331 3256 μὴ
1387 3185 1702 3254 νομίσωσιν,
1737 3187 1818 3240 ὅτι
1850 3204 2034 3240 στενοο

449 3283 688 3352 χωρήσει
739 3283 972 3346 αὐτοὺς,
1031 3283 1118 3337 διὰ
1159 3283 1316 3337 τοῦτο
1363 3284 1641 3354 ἐπήγαγε,
1715 3286 1878 3340 Κατὰ
1931 3285 2036 3340 τὸν

448 3381 717 3435 πλοῦτον
739 3381 928 3435 αὐτοῦ
966 3381 1036 3435 ἐν
1068 3383 1216 3451 δόξῃ
1247 3383 1316 3436 ἐν
1341 3383 1573 3450 Χριστῷ
1616 3385 1841 3451 Ἰησοῦ.
1877 3385 2033 3439 Οῦτω

450 3479 804 3551 περισσεύσει
823 3481 952 3550 ὑμῖν
977 3481 1212 3546 ἅπαντα,
1245 3482 1431 3553 φησὶν,
1459 3481 1600 3536 ὥστε
1634 3483 1692 3536 ὲν
1719 3483 1846 3556 δόξῃ
1867 3485 2030 3537 αὐτοῦ

447 3581 612 3651 ἔχειν.
670 3583 740 3633 Ἦ
771 3577 863 3634 οὖν
897 3581 1056 3635 τοῦτο
1081 3582 1248 3651 λέγει,
1294 3583 1374 3635 ὅτι
1415 3583 1638 3645 Οὐδενὸς
1673 3583 1984 3652 ὐστερεῖσθε
2013 3599 2027 3613 ·

446 3682 552 3734 Kal
571 3681 744 3749 χάρις
759 3681 1106 3751 γάρμεγάλη
1117 3723 1128 3745 ,
1150 3678 1418 3751 φησὶν,ἦν
1428 3681 1525 3734 ἐπὶ
1543 3681 1772 3746 πάντας
1785 3682 2027 3748 αὐτούς·

448 3780 591 3832 οὐδὲ
619 3783 730 3849 γὰρ
778 3778 992 3845 ἐνδεής
1015 3796 1104 3842 τις
1133 3777 1405 3847 ὑπῆρχεν
1443 3779 1512 3832 ἐν
1539 3780 1740 3846 αὐτοῖς
1768 3799 1781 3812 ο
1818 3783 1849 3851 ἢ
1898 3797 2036 3851 1:90-

446 3878 637 3947 τρέπει
671 3877 748 3938 είς
787 3876 941 3938 δόξαν
974 3875 1137 3928 αὐτοῦ
1182 3877 1355 3928 πάντα
1395 3880 1594 3931 ποιεῖν·
1643 3879 1774 3932 ὡσεὶ
1806 3880 1991 3948 ἔλεγεν
2013 3893 2027 3904 ‘

448 3976 567 4026 ’Ὶνα
592 3975 670 4038 είς
696 3974 852 4039 δόξαν
877 3972 1036 4025 αὐτοῦ
1061 3973 1261 4043 χρῆσθε
1285 3976 1348 4044 τῇ
1375 3977 1678 4045 περιουσία.
1709 3977 1791 4042 Τῷ
1815 3977 1881 4030 δὲ
1909 3979 2029 4044 8εῷ

437 4075 546 4147 ,καὶ
599 4074 783 4143 Πιιτρί
834 4073 1004 4143 ’ἡμῶν
1057 4075 1094 4142 ἠ
1148 4074 1296 4138 δόξα
1336 4078 1422 4142 εὶς
1472 4077 1614 4143 τοὺς
1646 4078 1866 4146 αἰῶνας
1911 4081 2030 4135 τῶν

443 4175 694 4231 αἰώνων.
734 4174 928 4244 Ἀμήν.
955 4172 1102 4245 Αὕτη
1121 4173 1177 4226 δὲ
1207 4175 1239 4245 ἡ
1270 4173 1395 4239 δόξα
1420 4176 1541 4245 οὐχὶ
1561 4176 1655 4229 τοῦ
1682 4177 1808 4231 Υίοῦ
1845 4180 2024 4248 μόνον,

443 4278 580 4332 ἀλλά
622 4278 717 4332 καὶ
747 4279 839 4330 τοῦ
866 4275 1077 4346 Πατρδς
1121 4276 1348 4344 γίνεται.
1375 4278 1544 4330 Ὅταν
1575 4277 1684 4349 γὰρ
1714 4281 1742 4332 6
1777 4279 1905 4343 Υἱὸς
1939 4280 2027 4334 δο-

447 4375 694 4447 ξάζηται,
742 4374 862 4427 τότε
883 4376 911 4427 6
943 4375 1153 4445 Πατήρ.
1201 4374 1416 4446 Ἐπειδὴ
1440 4375 1545 4446 γὰρ
1575 4371 1730 4430 εἷπεν
1757 4378 1836 4442 είς
1868 4377 2025 4444 δόξαν

444 4475 679 4547 Χριστοῦ
725 4473 884 4527 τοῦτο
926 4473 1211 4543 γενέσθαι,
1254 4475 1340 4526 ἵνα
1385 4475 1458 4545 μή
1505 4492 1589 4538 τις
1629 4477 1824 4549 νομίσῃ
1857 4479 2022 4534 αὐτοῦ

448 4577 630 4645 μόνου,
678 4575 959 4644 ἐπήγαγε·
1013 4570 1097 4637 Τῷ
1128 4572 1196 4625 δὲ
1247 4570 1368 4637 Θεῷ
1416 4573 1512 4625 καὶ
1562 4575 1741 4642 Πατρί
1785 4575 1952 4644 ήμῶν
1983 4579 2021 4647 ή

444 4675 612 4737 δόξα,
643 4672 782 4743 αὐτη
808 4674 841 4743 ή
873 4673 1138 4744 γενομένη
1169 4672 1411 4744 δηλονότι
1442 4673 1519 4742 τῷ
1547 4674 1682 4744 mp.
1729 4675 2022 4730 Ἀσπάσα.

445 4781 555 4830 σθε
595 4774 791 4829 πάντα
832 4773 1002 4844 ἅγιον
1037 4775 1107 4827 ἐν
1153 4773 1382 4842 Χριστῷ
1437 4774 1661 4842 Ἰησοῦ.
1710 4777 1782 4828 Οὐ
1825 4779 2020 4848 μικρὸν

447 4874 718 4928 καὶτοῦτο
740 4889 753 4902 ⁸
793 4873 991 4944 πολλῆς
1024 4873 1133 4942 γὰρ
1171 4873 1476 4938 εὐμενείας,
1505 4874 1598 4926 καὶ
1629 4873 1684 4927 16
1720 4875 1807 4927 διὰ
1841 4892 2020 4946 γραμ-

447 4975 632 5045 μάτων
701 4973 894 5034 αὐτοὺς
931 4973 1291 5037 ἀσπάζεσθαι.
1346 4973 1724 5033 Ἀσπάζονται
1769 4974 1924 5044 ὑμᾶς
1967 4981 2019 5031 οἱ

444 5076 566 5129 σὺν
585 5075 712 5140 ἐμοὶ
738 5071 1010 5142 ἀδελφοί.
1045 5073 1154 5126 Καὶ
1184 5074 1288 5144 μὴν
1310 5075 1512 5142 ἔλεγες,
1545 5076 1625 5127 ὅτι
1653 5075 1880 5130 Οὐδένα
1902 5076 2019 5147 ἔχω

445 5177 768 5244 ίσόψυχον,
826 5174 996 5240 ὅστις
1045 5173 1310 5244 γνησίως
1355 5172 1425 5224 τὰ
1457 5173 1588 5240 περὶ
1642 5172 1807 5242 ὑμῶν
1855 5191 2020 5243 μερι-

443 5281 664 5349 μνήσει
683 5297 698 5311 ·
734 5281 848 5344 πῶς
879 5276 972 5334 οὖν
997 5280 1176 5348 λέγεις
1199 5278 1314 5340 νῦν,
1347 5279 1410 5331 Ol
1439 5277 1560 5331 σὺν
1589 5278 1714 5346 ἐμοὶ
1738 5279 2016 5348 ἀδελφοί,

447 5382 517 5432 Ἣ
537 5383 660 5442 106;
682 5383 798 5450 μετ’
816 5381 978 5436 αὐτοῦ
1005 5380 1266 5451 ἀδελφούς
1296 5397 1450 5451 φησι,
1478 5379 1653 5450 δηλῶν
1674 5381 1755 5434 ὅτι
1789 5381 2020 5436 Οὐδένα

445 5479 564 5532 τῶν
582 5480 710 5548 μεθ’
740 5481 954 5536 ἑαυτοῦ
987 5483 1109 5552 ἔχει
1145 5483 1470 5551 ἰσόψυχον,
1493 5482 1555 5534 οὐ
1584 5482 1711 5552 περὶ
1738 5481 1845 5535 τῶν
1873 5484 1930 5536 ὲν
1950 5486 2018 5554 τῇ

447 5579 598 5630 πόλει
632 5579 805 5646 λέγων
831 5597 843 5612 ·
887 5582 1044 5635 ποίαν
1085 5583 1192 5654 γάρ
1237 5582 1481 5652 ἀνάγκην
1525 5579 1671 5652 εἶχον
1710 5584 1908 5637 ἐκεῖνοι
1951 5585 2020 5637 τά

445 5677 553 5729 τῶν
597 5681 906 5737 ἀποστόλων
951 5683 1303 5753 ἀναδέχεσθαι
1359 5683 1692 5753 πράγματα;
1748 5685 1778 5754 ἢ
1834 5685 1914 5739 ὅτι
1954 5681 2034 5758 οὐ)

1117 281 1172 338 S.
1211 279 1496 338 JOANNIS
1529 279 2023 338 CHRYSOSTOIII
2061 279 2381 338 ARCHIEP.
2422 281 2966 339 CONSTANTINOP.

3604 284 3712 339 εει

2138 399 2482 467 παραιτεῖται
2511 398 2607 451 καὶ
2631 397 2852 459 τούτους
2870 395 3134 466 ἀδελφοὺς
3157 396 3364 449 καλεῖν.
3404 396 3718 456 Ἀσπάζον-

2135 515 2230 552 ται
2255 498 2412 569 ὑμᾶς
2441 498 2663 564 πάντες
2687 503 2740 552 οι
2775 499 2952 569 ἅγιοι,
3001 497 3270 566 μάλιστα
3304 495 3374 550 δὲ
3406 499 3461 550 oi
3494 497 3562 550 ἐκ
3597 496 3712 565 τῆς

2136 600 2436 668 Καίσαρος
2495 600 2705 667 οἰκίας.
2759 600 2820 655 Ἠ
2869 599 3039 667 χάρις
3099 597 3206 652 τοῦ
3262 597 3486 664 Κυρίου
3545 594 3716 664 ἡμῶν

2151 701 2354 768 Ἰησοῦ
2395 701 2654 770 Χριστοῦ
2681 701 2834 770 μετὰ
2875 698 3119 752 πάντων
3153 698 3339 768 ὑμῶν.
3390 697 3718 767 ’Ᾱνέστησεν

2139 801 2333 864 αὐτοὺς
2360 803 2454 854 καὶ
2485 802 2783 871 ἀνέρρωσε,
2818 798 3031 863 δεικνὺς
3059 800 3140 852 ὅτι
3171 799 3264 852 καὶ
3289 799 3387 868 τῆς
3425 797 3718 868 βασιλικῆς

2137 902 2314 965 οίκίας
2349 900 2409 954 τὸ
2457 901 2720 972 κήρυγμα
2764 899 2961 970 ἥψατο.
3007 900 3070 952 El
3105 899 3214 972 γὰρ
3243 899 3294 951 οἱ
3324 900 3381 950 ὲν
3431 900 3545 961 τοῖς
3568 897 3721 966 βασι-

2139 997 2302 1062 λείοις
2345 999 2560 1054 πάντων
2607 1001 3016 1071 κατεφρόνησαν
3067 999 3154 1052 διὰ
3197 999 3286 1052 τὸν
3344 998 3571 1070 βασιλέα
3612 996 3721 1050 τῶν

2138 1099 2403 1170 οὐρανῶν,
2429 1099 2608 1170 πολλῷ
2642 1100 2839 1171 μᾶλλον
2857 1099 3052 1162 αὐτοὺς
3083 1099 3188 1171 χρὴ
3213 1098 3370 1152 τοῦτο
3395 1103 3586 1151 ποιεῖν.
3611 1099 3721 1152 Καὶ

2137 1197 2294 1252 τοῦτο
2324 1198 2380 1251 δὲ
2401 1200 2702 1270 τεκμήριον
2730 1195 2797 1270 ἦν
2814 1200 2912 1268 τῆς
2941 1198 3153 1251 Παύλου
3186 1198 3430 1268 ἀγάπης,
3469 1197 3530 1250 16
3557 1197 3721 1250 πολλά

2140 1300 2270 1368 περὶ
2293 1298 2470 1352 αὐτῶν
2493 1298 2820 1369 διηγεῖσθαι,
2851 1299 2946 1352 καὶ
2981 1299 3196 1368 μεγάλα
3229 1298 3430 1366 λέγειν,
3463 1297 3583 1350 ὅθεν
3625 1303 3718 1354 καὶ

2139 1399 2219 1460 είς
2271 1398 2435 1452 πόθον
2467 1399 2642 1469 ⁴ίλγαγε
2664 1399 2788 1462 τοὺς
2814 1401 2870 1452 ὲν
2897 1401 3006 1462 τοῖς
3028 1398 3337 1469 βασιλείοις,
3370 1398 3508 1451 ὥστε
3536 1398 3718 1450 ἀσπά-

2142 1497 2335 1551 σασθαι
2355 1500 2551 1562 αὐτοὺς
2575 1501 2698 1564 τοὺς
2713 1501 2809 1570 οὐχ
2827 1499 3162 1571 ἑωρακότας.
3185 1499 3439 1555 Μάλιστα
3471 1500 3570 1568 μὲν
3592 1500 3718 1571 γὰρ,

2141 1600 2326 1670 ιπειδὴ
2373 1600 2431 1652 ὲν
2479 1599 2657 1670 θλίψει
2703 1597 2842 1671 ἦσαν
2888 1603 2936 1653 οἱ
2985 1600 3165 1655 πιστοὶ
3208 1601 3352 1663 τότε,
3388 1599 3557 1671 πολλὴ
3584 1595 3652 1671 ἦν
3683 1601 3722 1670 ἡ

2141 1697 2352 1768 ἀγάπη.
2387 1697 2544 1766 Πῶς;
2590 1700 2656 1752 Οῖ
2701 1716 2760 1752 τε
2815 1699 2924 1770 γάρ
2953 1699 3196 1770 ἀλλήλων
3223 1700 3590 1768 διεστηκότες.
3631 1699 3725 1752 ἀλ·-

2140 1799 2322 1870 ληλοις
2371 1795 2512 1872 ἦσαν
2553 1800 3067 1872 συγκεκολλημένοι,
3095 1802 3187 1855 καὶ
3227 1802 3278 1854 οἱ
3305 1801 3611 1873 πόρρωθεν,
3643 1801 3723 1864 ὡς

2141 1897 2294 1972 [51³7]
2322 1900 2488 1970 ἐγγὺς
2510 1901 2679 1968 ὄντες,
2701 1901 2965 1973 ἀλλήλους
2995 1902 3331 1972 ἠσπάσαντο,
3376 1903 3470 1956 καὶ
3491 1902 3566 1964 ὡς
3590 1903 3721 1972 περὶ

2143 2001 2279 2072 μέλη
2293 2003 2485 2067 οἰκεῖα,
2505 2002 2647 2056 οὕτω
2666 2003 2801 2076 πρὸς
2819 2004 3044 2069 ἑαυτοὺς
3059 2004 3287 2067 ἕκαστος
3303 2004 3582 2056 διετίθετο.
3609 2002 3722 2055 Καὶ

2139 2104 2168 2156 6
2199 2103 2366 2176 πένης
2392 2103 2501 2175 γὰρ
2531 2105 2668 2176 πρὸς
2710 2104 2802 2158 τὸν
2837 2103 3090 2157 πλούσιον
3112 2103 3310 2174 ὁμοίως
3341 2104 3595 2167 διέκειτο,
3625 2103 3722 2155 καὶ

2139 2213 2169 2265 6
2203 2211 2457 2276 πλούσιος
2494 2212 2631 2282 πρὸς
2662 2212 2756 2264 τὸν
2793 2211 3035 2282 πένητα·
3067 2211 3164 2265 καὶ
3192 2209 3416 2277 οὐδεμία
3440 2205 3508 2279 ἦν
3541 2210 3720 2280 ὑπερ-

2139 2309 2258 2380 οχὴ,
2298 2310 2376 2380 τῷ
2414 2310 2624 2372 πάντας
2665 2309 2867 2380 ὁμοίως
2917 2307 3192 2378 μισεῖσθαι
3233 2307 3326 2359 καὶ
3373 2306 3719 2371 ὲλαύιεσθαι,

2141 2409 2234 2462 καὶ
2258 2410 2350 2461 ἐπὶ
2391 2411 2502 2472 τοῖς
2534 2408 2732 2470 αὐτοῖς.
2773 2407 2983 2476 Ὥσπερ
3018 2406 3129 2476 γὰρ
3155 2407 3205 2458 οῑ
3234 2407 3296 2458 ὲκ
3323 2405 3595 2475 διαφόρων
3624 2403 3721 2456 πό-

2140 2507 2276 2560 λεων
2309 2508 2644 2578 αἰχμάλωτοί
2675 2525 2820 2570 τινες
2861 2507 3212 2571 ἀναστάντες,
3234 2508 3326 2560 καὶ
3359 2507 3441 2570 είς
3469 2507 3597 2576 μίαν
3631 2506 3723 2558 ἐλ-

2141 2609 2325 2674 θόντες
2377 2610 2549 2676 πόλιν,
2603 2609 2804 2682 σφόδρα
2851 2609 3100 2679 ἀλλήλοις
3142 2609 3579 2680 συμπλέκονται,
3621 2607 3720 2661 τοῦ

2141 2708 2321 2764 κοινοῦ
2353 2710 2453 2778 τῆς
2499 2710 2782 2780 συμφορᾶς
2809 2707 3210 2776 συγκολλῶντος
3235 2706 3428 2768 αὐτούς
3447 2724 3459 2736 ο
3494 2705 3636 2758 οὓτω
3655 2706 3720 2775 δὴ

2139 2809 2232 2864 καὶ
2263 2809 2403 2873 τότε,
2430 2809 2526 2880 τῆς
2556 2809 2840 2873 κοινωνίας
2861 2809 2970 2861 τῶν
2995 2807 3334 2878 παθημάτων
3359 2811 3451 2859 καὶ
3476 2806 3586 2858 τῶν
3608 2801 3722 2858 θλίο

2137 2909 2282 2979 ψεων
2317 2909 2690 2981 συναπτούσης
2725 2910 2942 2976 αὐτοὺς,
2975 2907 3171 2979 πολλὴν
3206 2903 3351 2978 εῖχον
3390 2909 3523 2977 1:96;
3548 2906 3719 2976 ἀλλή-

2139 3010 2261 3075 λους
2285 3011 2528 3080 ἀγάπην.

2208 3116 2268 3164 ε’.
2288 3110 2496 3180 Δεσμὸς
2521 3110 2628 3180 γάρ
2657 3108 2738 3172 τίς
2763 3109 2909 3162 ἐστιν
2936 3110 2970 3178 ἡ
3000 3108 3175 3176 θλῖψις
3206 3105 3470 3179 ἀρραγὴς,
3496 3105 3719 3174 ἀγάπης

2136 3208 2385 3280 αὔξησις,
2415 3208 2761 3273 κατανύξεως
2791 3209 2886 3262 καὶ
2917 3208 3200 3272 εὐλαϐείας
3223 3207 3496 3269 ὑπόθεσις.
3520 3207 3724 3258 ’Λκουε

2135 3309 2243 3379 γὰρ
2287 3308 2380 3362 τοῦ
2430 3307 2596 3362 Δαυῒδ
2638 3308 2916 3371 λέγοντος·
2959 3309 3200 3377 Ἀγαθόν
3243 3324 3366 3375 μοι.
3409 3306 3603 3372 Κύριε,
3632 3305 3729 3358 ὅτι

2134 3408 2542 3474 ἐταπείνωσάς
2578 3425 2676 3476 με,
2719 3409 2880 3473 ὅπως
2919 3408 2994 3461 ἂν
3037 3407 3204 3477 μάθω
3239 3405 3307 3459 τὰ
3350 3403 3726 3473 δικαιώματά

2135 3521 2252 3562 σου
2277 3524 2291 3538 ⁶
2324 3510 2415 3561 καὶ
2443 3508 2604 3562 πάλιν
2631 3508 2819 3580 ἑτέρου
2855 3509 3132 3580 προφήτου
3157 3507 3424 3574 λέγοντος,
3469 3509 3730 3576 ’Λταθπῗν

2132 3607 2437 3674 ἀνθρώπῳ,
2483 3606 2629 3661 ὅταν
2672 3608 2788 3677 ἄρῃ
2839 3608 3016 3677 ζυγὸν
3056 3608 3125 3661 ἐκ
3168 3609 3451 3674 νεότητος
3494 3608 3724 3662 αὐτοῦ·

2132 3707 2226 3761 καὶ
2260 3707 2443 3772 πάλιν,
2475 3707 2776 3774 Μακάριος
2797 3707 3128 3774 ἄνθρωπος,
3162 3707 3236 3760 ὃν
3261 3707 3336 3760 ἂν
3359 3707 3726 3775 παιδεύσῃς,

2131 3807 2347 3874 Κύριε·
2393 3806 2487 3860 καὶ
2536 3804 2722 3875 ὲτέρου
2778 3804 2919 3868 τινὸς
2984 3804 3256 3868 λέγοντος.
3298 3804 3396 3871 Μὴ
3435 3805 3718 3874 ὀλιγώρει

2131 3907 2401 3972 παιδείας
2423 3907 2674 3973 Κυρίου·
2706 3906 2798 3958 καὶ
2831 3904 3084 3974 ἀλλαχοῦ,
3130 3907 3201 3958 El
3243 3905 3543 3973 προσέρχῃ
3577 3904 3732 3960 δου-

2129 4005 2334 4058 λεύειν
2362 4004 2576 4072 Κυρίῳ,
2603 4002 2926 4072 ἐτοΙιιασον
2949 4001 3064 4070 τὴν
3092 4002 3304 4070 ψυχήν
3336 4019 3452 4056 σου
3479 4005 3564 4067 είς
3590 4017 3729 4056 πει-

2122 4105 2380 4172 ρασμόν.
2408 4105 2513 4157 Καὶ
2537 4105 2565 4156 6
2592 4104 2824 4175 Χριστὸς
2852 4104 2908 4158 δὲ
2936 4104 3071 4173 1:96;
3099 4103 3224 4166 τοὺς
3244 4102 3438 4156 ἑαυτοῦ
3461 4104 3727 4174 μαθητὰς

2128 4200 2331 4268 ἔλεγεν,
2349 4203 2444 4254 Ὲν
2469 4201 2546 4266 τῷ
2567 4203 2770 4271 κόσμῳ
2785 4201 2994 4270 θλῖψιν
3008 4201 3195 4265 ἕξετε,
3217 4202 3376 4256 ἀλλὰ
3400 4204 3679 4270 θαρσεῖτε
3701 4219 3718 4235 ·

2128 4301 2219 4354 καὶ
2247 4301 2428 4363 πάλιν,
2473 4302 2780 4356 κλαύσετε
2816 4301 2913 4355 καὶ
2950 4301 3282 4369 θρηνήσετε
3320 4301 3506 4371 ὑμεῖς,
3538 4305 3574 4356 ὁ
3633 4302 3719 4357 δὲ

2127 4399 2354 4468 κόσμος
2383 4398 2710 4468 χαρήσεται
2731 4415 2743 4428 ·
2776 4401 2868 4454 καὶ
2902 4400 3080 4465 πάλιν,
3117 4400 3308 4469 Στενὴ
3345 4401 3442 4456 καὶ
3474 4405 3725 4472 τεθλιμ-

2118 4500 2280 4569 μένη
2327 4500 2363 4566 ἠ
2397 4499 2556 4564 όδός.
2610 4499 2772 4571 Ὁρᾷς
2801 4500 3081 4570 πανταχοῦ
3103 4501 3201 4571 τὴν
3234 4501 3412 4570 θλῖψιν
3453 4502 3723 4554 tumvan-

2127 4600 2328 4668 μένην;
2371 4597 2648 4667 πανταχοῦ
2682 4600 3270 4670 παραλαμϐανομένην,
3296 4599 3371 4662 ὡς
3397 4599 3718 4667 ἀναγκαίαν

2127 4691 2291 4750 οὖσαν
2347 4697 2513 4764 ἡμῖν;
2563 4695 2624 4747 EE
2653 4696 2760 4766 γὰρ
2790 4697 2848 4748 ὲν
2897 4700 3009 4760 τοῖς
3053 4695 3250 4761 ἔξωθεν
3292 4697 3496 4764 ἀγῶσιν
3523 4696 3716 4763 οὐδεὶς

2121 4795 2188 4849 ἂν
2219 4795 2420 4865 ταύτης
2467 4796 2636 4867 χωρὶς
2677 4797 2938 4864 στέφανον
2974 4796 3146 4859 λάϐοι,
3189 4798 3235 4849 εί
3276 4796 3351 4864 μὴ
3388 4798 3478 4850 καὶ
3519 4797 3717 4862 πόνοις

2123 4897 2214 4949 καὶ
2260 4897 2442 4949 σιτίων
2483 4900 2814 4967 παραιτήσει
2866 4901 2959 4950 καὶ
2988 4898 3135 4967 νόμῳ
3177 4897 3386 4967 διαίτης
3421 4897 3716 4966 1016792;-

2123 4997 2302 5059 πνίαις
2339 4996 2431 5049 καὶ
2460 4997 2672 5068 μυρίοις
2698 4997 2902 5066 ἑτέροις
2935 4999 3122 5049 ἑαυτὸν
3164 4997 3477 5068 όχυρώσειε,
3517 4997 3709 5068 πολλῷ

2125 5095 2323 5165 μᾶλλον
2345 5096 2598 5150 ἐνταῦθα.
2632 5095 2762 5148 Τίνα
2780 5095 3078 5166 γάρβούλει
3101 5116 3114 5162 ;
3139 5098 3230 5150 τὸν
3250 5097 3472 5168 βασιλέα
3493 5099 3674 5150 εἰπεῖν
3693 5118 3712 5164 ;

2100 5196 2274 5252 ζἈλλ*
2321 5196 2440 5248 οὐδὲ
2483 5197 2688 5258 ἐκεῖνος
2725 5195 3029 5267 ἀμέριμνον
3087 5196 3152 5268 ζῇ
3210 5196 3359 5266 βίον,
3411 5198 3547 5250 ἀλλά
3607 5201 3717 5252 καὶ

2102 5296 2336 5378 ¹πολλῶν
2363 5297 2594 5365 Θλίῲεων
2618 5297 2709 5349 καὶ
2729 5297 3024 5366 φροντίδων
3063 5298 3322 5366 γέμοντα.
3363 5300 3456 5367 Μὴ
3486 5300 3596 5368 γὰρ
3624 5301 3716 5362 εἰς

2123 5394 2182 5447 16
2209 5394 2444 5464 διάδημα
2472 5395 2606 5466 ἴδῃς,
2631 5395 2746 5448 ἀλλ’
2783 5397 2862 5458 εἰς
2891 5395 2952 5448 16
2980 5395 3265 5448 κλυδώνιον
3286 5396 3605 5464 φροντίδων,
3633 5396 3711 5448 δι’

2125 5488 2185 5546 οὐ
2215 5494 2361 5564 αὐτῷ
2395 5496 2425 5547 ὀ-
2447 5493 2676 5566 θόρυϐος
2707 5494 2975 5548 τίκτεταιο
3013 5495 3147 5564 μηδὲ
3183 5496 3262 5557 εἰς
3281 5495 3380 5563 τὴν
3411 5468 3758 5566 ἁλουργίδα

2126 5590 2309 5660 βλέπε,
2356 5592 2469 5644 ἀλλ’
2513 5594 2593 5654 εἰς
2633 5590 2732 5661 τὴν
2777 5591 2955 5662 ψυχὴν
2978 5590 3075 5662 τὴν
3120 5592 3322 5661 μᾶλλον
3346 5593 3563 5662 ἐκείνης
3602 5593 3711 5660 τῆς

2128 5689 2439 5762 ἀλουργίδος
2466 5691 2855 5762 μελαινομένην
2876 5708 2889 5723 °
2921 5693 3018 5764 οὐχ
3038 5691 3209 5758 οὕτως
3231 5695 3259 5748 6
3292 5693 3550 5766 στέφανος
3576 5695 3706 5747 δεσ-
