4044 6202
291 316 395 375 193

290 431 498 500 impleat
529 441 725 480 omnem
749 421 1087 476 necessitatem
1115 428 1349 479 vestram,
1378 415 1510 470 alias
1536 423 1687 469 πᾶσαν
1715 418 1872 483 χάριν,

292 524 375 578 vel
411 564 427 588 ,
461 527 612 574 πᾶσαν
633 517 793 587 χαράν
819 555 832 575 ,
863 511 912 564 id
935 521 1014 564 est
1046 551 1060 571 ,
1087 525 1281 562 omnem
1308 507 1556 577 gratiam,
1584 503 1666 559 vel
1692 545 1707 569 ,
1732 517 1879 556 omne

287 613 558 688 gaudium.
603 612 678 663 Ac
705 607 748 660 si
771 604 985 674 quidem
1019 601 1246 670 legatur,
1273 597 1484 652 Omnem
1509 599 1749 665 gratiam,
1779 591 1878 688 hoc

289 685 564 778 signiﬁcat
591 745 607 769 ,
671 715 778 755 non
828 697 964 751 hanc
1007 694 1174 749 solam
1214 692 1610 760 eleemosynam
1653 701 1770 756 qua:
1827 685 1878 738 in

291 811 462 863 terra,
503 794 598 850 sed
661 804 821 846 omne
847 785 1202 849 benefactum;
1239 786 1343 846 sin,
1367 781 1507 851 quod
1535 780 1703 849 magis
1729 785 1876 847 puto,

294 889 510 943 Omnem
539 882 880 937 neressitalem
907 893 925 942 ;
953 877 1053 930 hoc
1081 884 1164 930 est
1187 915 1202 941 ,
1226 872 1366 942 quod
1397 870 1696 936 signiﬁcare
1734 867 1876 920 vult:

291 980 546 1050 quoniam
596 975 844 1036 dixerat,
891 968 1137 1038 Occupati
1180 966 1373 1028 eratis,
1426 961 1699 1032 subjungit
1751 959 1877 1025 hic,

291 1071 436 1142 quod
481 1069 640 1124 etiam
685 1065 808 1120 facit
846 1064 900 1117 in
933 1059 1168 1130 Epistula
1195 1057 1264 1111 ad
1297 1053 1605 1110 Corinthios
1650 1051 1836 1106 dicens
1863 1089 1877 1113 ,

297 1165 402 1232 Qui
427 1161 751 1214 administrat
780 1172 946 1211 semen
972 1151 1260 1216 seminanti,
1291 1159 1337 1202 et
1362 1161 1543 1217 panem
1564 1145 1631 1198 ad
1659 1142 1879 1197 mandu-

292 1254 518 1307 candum
556 1256 778 1318 pra‘stet,
810 1255 854 1299 et
879 1243 1174 1312 multiplica
1213 1254 1380 1294 semen
1417 1245 1636 1290 uestrum
1662 1276 1676 1298 ,
1710 1243 1755 1286 et
1785 1247 1879 1284 au-

295 1353 412 1414 geat
438 1341 666 1413 germina
694 1339 902 1407 frugum
916 1333 1134 1404 justititt’
1161 1340 1337 1386 vesti-te
1369 1331 1386 1398 (
1409 1326 1463 1381 2.
1495 1324 1617 1381 Cor.
1649 1323 1702 1378 9.
1728 1322 1815 1414 l0
1841 1321 1879 1389 ).

298 1413 431 1488 Nam
476 1440 530 1486 et
574 1431 655 1483 his
687 1428 788 1482 hoc
817 1435 1100 1497 precatur,
1148 1431 1207 1476 ut
1236 1418 1509 1474 abundent
1553 1425 1608 1470 et
1654 1413 1884 1466 habeant

299 1525 442 1578 unde
485 1522 796 1584 seminent;
837 1528 888 1572 et
919 1523 1190 1587 precatur,
1233 1527 1341 1566 non
1388 1519 1447 1564 ut
1497 1507 1684 1578 quovis
1725 1503 1884 1558 modo

298 1613 595 1678 abundent,
641 1610 758 1677 sed,
794 1607 1086 1664 Secundum
1112 1604 1312 1657 divitias
1357 1617 1495 1655 suas.
1526 1596 1884 1664 Quamobrem

297 1719 352 1762 et
381 1707 488 1760 hoc
518 1704 794 1758 moderate
825 1699 968 1754 fecit.
1011 1696 1141 1752 Nam
1173 1695 1217 1750 si
1247 1693 1411 1748 Paulo
1440 1690 1640 1746 similes
1669 1687 1886 1741 oninino

301 1798 531 1852 fuissent
557 1837 571 1860 ,
612 1795 747 1848 adeo
779 1788 1085 1862 philoSOphi
1110 1828 1125 1853 ,
1169 1785 1304 1840 adeo
1331 1781 1608 1845 cruciﬁxi,
1641 1793 1745 1833 non
1787 1777 1888 1828 hoc

298 1905 438 1946 sane
475 1887 739 1942 effecisset
782 1900 796 1937 :
845 1881 942 1937 sed
990 1877 1240 1950 quoniam
1283 1874 1526 1929 homines
1569 1879 1720 1924 erant
1769 1866 1886 1935 opi-

306 1982 444 2035 ﬁces
470 2021 484 2041 ,
535 1989 789 2046 pauperes
814 2015 828 2041 ,
870 1986 1065 2027 uxores
1097 1967 1403 2032 habebant,
1452 1963 1588 2016 ﬁlios
1633 1961 1884 2023 alebant,

309 2080 496 2138 patres
524 2066 743 2120 familias
769 2071 924 2120 erant
949 2104 963 2128 ,
999 2068 1158 2130 atque
1196 2073 1259 2114 ex
1294 2056 1550 2112 tenuitate
1580 2068 1673 2106 sua
1708 2061 1885 2106 tamen

309 2164 430 2215 haec
459 2159 716 2214 dederant
741 2197 755 2219 ,
788 2156 1124 2227 quadamque
1161 2165 1338 2206 rerum
1365 2146 1704 2218 prmsentimn
1733 2143 1888 2211 cupi-

305 2253 478 2308 ditate
509 2251 726 2304 minime
763 2247 1058 2309 carebant;
1100 2245 1168 2297 ita
1205 2251 1473 2310 precatur,
1501 2247 1560 2292 ut
1588 2251 1646 2291 se
1673 2236 1738 2289 ad
1767 2236 1889 2289 illo-

306 2361 427 2398 rum
455 2352 670 2410 captum
708 2339 975 2394 demittat.
1019 2335 1088 2389 lis
1114 2333 1259 2388 enim
1289 2331 1378 2401 qui
1422 2331 1522 2384 hoc
1563 2327 1725 2382 modo
1773 2336 1889 2380 ute-

306 2442 518 2496 rentur,
549 2430 678 2484 nihil
719 2427 932 2482 absurdi
965 2433 1170 2479 tantum
1205 2420 1450 2492 precari,
1489 2428 1744 2487 quantum
1790 2415 1894 2469 illis

307 2526 446 2579 satis
485 2522 556 2576 sit
587 2531 745 2590 atque
773 2527 828 2572 ut
856 2516 1148 2570 abundent.
1203 2511 1334 2566 Vide
1374 2510 1531 2580 igitur
1556 2549 1571 2572 ,
1612 2506 1737 2576 quid
1771 2521 1893 2574 pre-

304 2623 466 2669 cetur
499 2628 511 2664 :
548 2627 653 2664 non
679 2609 842 2671 dixit,
890 2605 1070 2660 Faciat
1107 2601 1300 2656 divites
1326 2640 1340 2665 ,
1380 2613 1442 2652 ac
1483 2595 1639 2650 Valde
1668 2595 1895 2664 opulen-

309 2715 393 2758 tos
418 2743 436 2767 ,
483 2699 579 2754 sed
609 2697 778 2768 quid?
820 2695 1039 2765 Impleat
1067 2707 1266 2746 omnem
1291 2689 1631 2744 necessitatem
1653 2695 1892 2749 vestram,

309 2803 372 2846 ut
414 2806 486 2845 ne
526 2788 764 2859 egentis,
815 2784 908 2840 sed
951 2782 1193 2838 habeatis
1221 2795 1341 2850 quae
1367 2779 1516 2833 vobis
1557 2791 1695 2846 Opus
1731 2782 1895 2830 sunt:

307 2883 571 2954 quoniam
607 2889 664 2935 et
699 2879 946 2933 Christus
985 2873 1265 2929 formulam
1296 2871 1452 2926 nobis
1491 2866 1742 2939 precandi
1785 2875 1898 2922 tra-

308 2977 486 3038 dens,
531 2974 633 3025 hoc
681 2967 979 3040 precationi
1029 2965 1262 3034 adjecit,
1315 2962 1514 3016 docens
1557 2961 1629 3014 ita
1675 2958 1898 3025 dicere,

315 3069 520 3122 Panem
545 3074 774 3118 nostrum
803 3059 1154 3130 quotidianum
1201 3055 1268 3108 da
1314 3053 1457 3107 nobis
1487 3052 1681 3121 hodie(
1710 3049 1899 3104 Matth.

311 3161 372 3214 6.
408 3159 469 3212 11
501 3157 542 3225 ).
586 3153 874 3210 Secundum
901 3149 1108 3203 divitias
1151 3162 1292 3201 suas.
1330 3142 1468 3210 Quid
1497 3144 1598 3197 hoc
1631 3140 1756 3196 est?
1798 3141 1902 3195 Pro

315 3245 687 3304 muniﬁcentia
726 3257 862 3307 sua;
908 3240 961 3295 id
1005 3248 1107 3304 est,
1150 3236 1292 3307 quod
1327 3234 1482 3288 facile
1520 3243 1572 3288 et
1601 3232 1707 3287 cito
1735 3231 1906 3301 possit

313 3341 522 3396 facere.
570 3339 646 3392 Ac
674 3352 742 3391 ne
781 3333 1092 3390 existiment
1115 3371 1131 3396 ,
1178 3327 1429 3398 quoniam
1457 3325 1564 3379 dixi
1596 3367 1610 3390 ,
1663 3323 1900 3377 Necessi-

319 3442 504 3496 tatem,
535 3430 650 3483 fore
684 3437 744 3481 ut
774 3427 824 3480 in
854 3421 1129 3492 angustias
1154 3417 1541 3474 concludantur
1568 3432 1582 3467 :
1624 3424 1902 3484 propterea

311 3521 564 3585 addidit,
612 3515 899 3572 Secundum
924 3512 1125 3566 diuitias
1150 3525 1269 3564 suas
1295 3509 1346 3561 in
1373 3507 1570 3577 gloria,
1612 3507 1663 3559 in
1694 3502 1898 3559 Christo

310 3616 471 3669 Jan.
513 3611 596 3666 ita
623 3607 1002 3668 abundabunt,
1038 3602 1244 3673 inquit,
1285 3599 1436 3654 vobis
1484 3597 1660 3653 omnia
1688 3638 1703 3662 ,
1755 3605 1811 3650 ut
1850 3597 1903 3649 in

309 3705 496 3776 gloria
527 3701 696 3772 ipsius
724 3698 840 3753 sitis
882 3694 1134 3750 habituri.
1187 3689 1283 3747 Vel
1316 3691 1472 3760 igitur
1501 3687 1602 3744 hoc
1627 3685 1728 3742 sibi
1759 3686 1906 3752 vult,

317 3801 439 3854 fore
489 3804 550 3848 ut
601 3792 796 3847 nullius
841 3789 915 3842 rei
956 3793 1184 3857 egeant;
1241 3781 1422 3836 Gratia
1468 3783 1610 3835 enim
1636 3819 1652 3845 ,
1697 3777 1906 3845 inquit,

315 3901 518 3958 "lngua
562 3891 672 3936 erat
713 3882 767 3934 in
810 3880 1044 3934 omnibus
1090 3877 1192 3929 illis
1217 3913 1233 3939 ,
1281 3888 1438 3942 neque
1475 3870 1607 3924 enim
1647 3868 1911 3940 quisquam

312 3994 476 4051 egens
515 3984 627 4030 erat
671 3975 803 4026 inter
851 3971 967 4024 illos
1015 3967 1170 4037 (Act.
1209 3967 1262 4021 4.
1296 3965 1384 4020 53.
1437 3962 1546 4033 34)
1582 3979 1596 4015 :
1631 3961 1712 4016 vel
1741 3969 1801 4013 ut

316 4049 498 4138 ipsius
533 4064 627 4118 Dei
656 4061 876 4132 gloriam
905 4059 1084 4113 omnia
1116 4057 1348 4118 faciant;
1385 4069 1446 4106 ac
1473 4054 1517 4107 si
1547 4052 1749 4106 diceret
1776 4091 1792 4116 ,
1844 4049 1913 4106 Ut

315 4158 388 4211 ad
421 4156 597 4226 ipsius
627 4152 853 4223 gloriam
885 4149 1054 4217 ecpiis
1098 4147 1210 4202 suis
1235 4144 1476 4199 utamini.
1498 4142 1592 4198 ‘20.
1620 4142 1726 4196 Deo
1747 4153 1913 4194 autem

311 4255 371 4300 et
404 4245 557 4298 Patri
603 4251 776 4295 nostro
818 4240 984 4309 gloria
1025 4238 1080 4291 in
1125 4236 1313 4290 secula
1356 4234 1675 4289 surculorum.
1731 4233 1908 4286 Amen.

314 4336 456 4391 Hau:
485 4341 667 4388 autem
697 4332 864 4401 gloria
897 4344 1002 4384 non
1031 4327 1147 4382 Filii
1179 4326 1350 4380 solum
1379 4365 1394 4390 ,
1426 4323 1518 4380 sed
1555 4324 1714 4378 etiam
1743 4322 1913 4376 Patris

311 4437 412 4484 est
436 4445 450 4480 :
478 4440 605 4479 nam
631 4422 757 4477 dum
787 4420 1037 4476 tribuitur
1058 4418 1196 4473 Filio
1216 4417 1404 4486 gloria,
1431 4415 1677 4469 tribuitur
1703 4428 1916 4482 quoque

315 4516 501 4572 Patri.
547 4512 757 4566 Etenim
786 4511 1036 4580 quoniam
1067 4507 1276 4563 dixerat
1307 4505 1357 4558 in
1384 4504 1581 4559 Christi
1607 4502 1832 4573 gloriam
1863 4499 1915 4555 id

314 4606 488 4671 ﬁeri,
538 4619 607 4658 ne
656 4602 775 4672 quis
819 4609 968 4670 putet
1018 4599 1185 4669 ipsius
1235 4605 1474 4662 tantum,
1516 4595 1760 4662 addidit,
1806 4593 1917 4648 Deo

314 4704 506 4750 autem
536 4702 581 4747 et
612 4691 759 4744 Patri
788 4700 960 4744 nostra
989 4689 1152 4760 gloria
1183 4704 1202 4741 :
1223 4687 1336 4741 haec
1362 4687 1475 4757 ipsa
1504 4686 1774 4751 nimirum,
1799 4699 1918 4753 quae

310 4791 460 4845 data
487 4795 573 4842 est
604 4785 763 4840 Filio.
785 4784 876 4838 2|.
906 4783 1143 4838 Salutate
1161 4795 1360 4834 omnem
1384 4789 1614 4832 sanetum
1640 4778 1693 4830 in
1718 4777 1918 4831 Christo

313 4881 483 4934 λεια.
532 4877 649 4931 Non
680 4877 800 4930 leve
824 4883 881 4929 et
918 4875 1018 4928 hoc
1050 4889 1064 4924 :
1093 4885 1298 4940 magna:
1345 4870 1487 4924 enim
1536 4868 1920 4923 benevolentiae

314 4979 423 5027 est
459 4984 557 5038 per
588 4969 772 5023 literas
800 4967 964 5021 etiam
1000 4965 1144 5035 ipsos
1164 4963 1411 5015 salutare.
1454 4961 1695 5015 Salutant
1721 4976 1807 5012 vos
1833 4959 1922 5029 qui

318 5077 538 5116 mecum
563 5068 684 5112 sunt
718 5060 919 5129 fratres.
953 5059 1196 5109 Attamen
1240 5053 1457 5108 dicebas
1480 5091 1496 5116 ,
1525 5051 1794 5106 Neminem
1823 5055 1920 5104 tta-

312 5153 432 5205 beo
478 5148 802 5213 unanimem,
831 5146 916 5216 qui
954 5145 1151 5199 sincera
1176 5140 1443 5209 aﬂ'ectione
1466 5159 1558 5212 pro
1601 5142 1738 5196 vobis
1781 5141 1925 5196 solli-

317 5243 480 5297 citus
505 5240 569 5293 sit
592 5239 858 5308 (Philipp.
885 5237 942 5290 2.
971 5235 1090 5309 20);
1123 5235 1391 5304 quomodo
1419 5234 1580 5304 igitur
1602 5249 1744 5289 nunc
1767 5234 1920 5301 dicis,

324 5331 451 5399 Qui
481 5344 674 5382 meeum
699 5338 814 5382 sunt
841 5331 1026 5397 fratres
1051 5326 1076 5380 ?
1105 5325 1212 5379 llos
1239 5325 1329 5394 qui
1358 5339 1478 5378 cum
1506 5325 1621 5393 ipso
1647 5334 1792 5391 sunt,
1822 5324 1926 5378 frao

320 5433 458 5475 tres
505 5427 701 5484 vocat,
745 5416 1076 5480 ostendens,
1133 5414 1217 5468 vel
1261 5413 1407 5483 quod
1462 5424 1620 5467 antea
1673 5413 1925 5477 dixerat,

325 5509 620 5565 Neminem
647 5507 804 5561 habeo
824 5507 1153 5568 unanimem,
1186 5518 1293 5558 non
1325 5503 1389 5558 ad
1418 5517 1514 5558 eos
1540 5504 1807 5572 pertinere
1835 5504 1926 5574 qui

319 5603 393 5656 in
443 5599 577 5654 urbe
618 5608 812 5661 eram;
854 5611 971 5663 qua:
1001 5594 1145 5649 enim
1195 5594 1302 5648 illis
1345 5596 1637 5648 necessitas
1684 5595 1928 5663 imposita

319 5700 484 5753 erat,
516 5701 578 5745 ut
606 5688 895 5754 apostolica
942 5684 1152 5754 negetia
1197 5684 1574 5753 susciperent?
1606 5684 1687 5740 vel
1728 5701 1787 5741 sc
1823 5701 1930 5741 non

655 5771 927 5832 ΡΑτιιοι..
974 5775 1090 5834 Cn.
1143 5771 1334 5833 LXII.

1165 305 1226 359 [Ν
1267 292 1480 361 EPIST.
1525 301 1612 355 AD
1654 296 1934 355 PlllLll‘P.
1977 299 2130 357 CAP.
2173 293 2258 354 ἰν.
2305 295 2532 352 11011111..
2575 287 2690 351 XV.

3455 289 3561 349 tot

1989 426 2238 465 recusare
2260 451 2276 472 ,
2303 409 2425 478 quin
2457 410 2552 461 hos
2575 409 2735 462 etiam
2765 410 2955 462 fratres
2978 417 3131 462 vocet
3155 451 3169 472 ,
3199 407 3287 460 21.
3323 407 3566 460 Salutant

1982 519 2066 556 vos
2091 507 2257 555 omnes
2287 502 2449 555 sancti
2473 542 2486 563 ,
2523 501 2740 553 maxime
2767 511 2932 553 autem
2959 500 3045 569 qui
3070 499 3132 553 de
3160 500 3373 552 Caesaris
3413 500 3562 549 domo

1980 605 2113 647 sunt.
2137 592 2225 648 25.
2261 592 2434 646 Gratia
2468 593 2672 646 Domini
2704 593 2862 646 nostri
2885 592 3010 644 Jesn
3034 589 3221 646 Christi
3251 607 3363 644 cum
3393 590 3558 642 omni-

1981 687 2070 739 bas
2110 685 2265 740 vobis.
2332 678 2518 741 Erexit
2560 687 2705 754 ipsos
2751 696 2804 738 et
2846 685 3183 738 confirmavit
3209 726 3222 748 ,
3275 682 3566 736 ostendens

1982 777 2046 831 ad
2077 778 2474 846 Imperatoriam
2503 777 2661 830 etiam
2693 777 2906 829 dommn
2943 776 3250 844 pervenisse
3299 774 3557 843 prindica-

1986 867 2204 923 lienem.
2233 867 2362 921 Nam
2391 871 2434 922 si
2466 868 2554 936 qui
2586 869 2635 920 in
2670 867 2830 937 regiis
2858 867 3033 920 omnia
3068 875 3283 936 propter
3311 866 3564 919 czelormn

1986 959 2181 1029 Regem
2210 959 2586 1027 deSpexerant,
2622 959 2791 1012 multo
2822 961 2987 1029 magis
3015 960 3066 1014 id
3101 958 3402 1013 faciendum
3437 959 3566 1027 iptio

1984 1058 2119 1103 erat.
2163 1052 2333 1118 Atque
2361 1049 2462 1104 hoc
2487 1051 2646 1103 etiam
2681 1050 2931 1104 indicium
2972 1060 3088 1105 erat
3117 1051 3263 1105 Pauli
3293 1047 3532 1104 caritatis
3555 1091 3568 1112 ,

1988 1151 2091 1193 tam
2118 1141 2278 1194 multa
2302 1151 2353 1195 et
2371 1155 2558 1210 magna
2577 1140 2640 1194 de
2667 1140 2797 1210 ipsis
2821 1158 3059 1208 narrare,
3081 1140 3276 1195 uthinc
3299 1140 3383 1208 qui
3413 1141 3466 1195 in
3487 1159 3571 1196 re-

1986 1230 2068 1300 gia
2086 1242 2239 1286 erant
2267 1231 2333 1285 ad
2347 1243 2440 1286 eos
2460 1231 2771 1286 salutandos
2793 1248 2977 1287 amore
3000 1233 3412 1299 adducerentur,
3433 1249 3567 1303 quos

1988 1339 2274 1392 numquam
2307 1323 2566 1377 viderant.
2615 1323 2844 1379 Maxime
2885 1324 3028 1379 enim
3055 1365 3068 1389 ,
3117 1325 3369 1393 quoniam
3402 1340 3566 1378 vexa-

1990 1413 2180 1466 bantur
2202 1413 2407 1478 ﬁdeles,
2432 1429 2621 1484 magna
2645 1424 2769 1468 tunc
2790 1413 2999 1482 vigebat
3020 1415 3233 1469 caritas.
3258 1413 3573 1482 Quomodo?

1987 1502 2118 1557 Nam
2147 1505 2233 1573 qui
2270 1504 2426 1574 longe
2466 1505 2604 1558 inter
2641 1519 2700 1558 se
2727 1504 2995 1559 distabant
3018 1545 3032 1570 ,
3075 1505 3176 1558 sibi
3207 1515 3385 1559 tamen
3413 1505 3572 1559 vicis-

1988 1596 2087 1649 sim
2118 1597 2385 1664 conjuneti
2415 1606 2607 1663 erant;
2639 1607 2692 1651 et
2719 1599 2804 1667 qui
2837 1597 3018 1666 procul
3059 1598 3280 1652 aberant
3308 1641 3322 1662 ,
3355 1601 3574 1669 perinde

1990 1703 2050 1741 ac
2072 1687 2114 1740 si
2142 1703 2304 1756 prope
2331 1698 2542 1756 essent,
2575 1689 2712 1743 inter
2733 1703 2791 1743 se
2813 1689 3135 1754 salutabant,
3159 1691 3212 1743 et
3235 1691 3426 1760 singuli
3448 1707 3572 1760 erga

1991 1781 2229 1850 singulos
2259 1781 2418 1834 veluti
2448 1797 2571 1850 erga
2603 1793 2696 1835 sua
2724 1779 2960 1835 membra
2988 1777 3381 1845 aiﬁeiebantur,
3423 1798 3576 1852 teque

1996 1885 2196 1939 pauper
2220 1886 2347 1938 erga
2373 1870 2609 1935 divitem,
2642 1886 2704 1925 ac
2725 1873 2880 1926 dives
2909 1888 3032 1942 erga
3057 1888 3364 1941 pauperem,
3401 1889 3572 1942 neque

1997 1959 2099 2013 ulla
2146 1960 2535 2030 agnoscebatur
2570 1961 2872 2029 prrest‘antia
2898 2001 2914 2026 ,
2957 1957 3098 2031 quod
3128 1976 3316 2015 omnes
3343 1977 3494 2031 teque
3525 1965 3574 2015 in

1994 2050 2118 2104 odio
2148 2060 2330 2105 essent
2357 2060 2519 2120 atque
2543 2051 2886 2119 ejicerentur,
2922 2051 3216 2120 iisdemque
3257 2053 3324 2105 de
3369 2051 3568 2106 causis.

1995 2141 2453 2206 Quemadmodum
2508 2143 2653 2196 enim
2681 2183 2696 2206 ,
2726 2143 2768 2194 si
2799 2157 2864 2195 ex
2891 2143 3117 2196 diversis
3141 2143 3443 2196 civitatibus
3483 2159 3572 2194 ra-

2005 2234 2134 2302 ptivi
2166 2233 2379 2302 quidam
2414 2232 2636 2304 profecti
2669 2234 2720 2288 in
2748 2234 2990 2288 eamdem
3021 2234 3234 2288 veniant
3267 2237 3533 2288 civitatein
3557 2277 3574 2299 ,

1999 2325 2150 2380 valde
2176 2341 2233 2379 se
2262 2326 2488 2380 invicem
2513 2327 2940 2395 complectuntur
2959 2368 2974 2393 ,
3008 2327 3276 2381 communi
3308 2328 3424 2381 illus
3446 2343 3576 2381 con-

1999 2419 2234 2472 sociante
2258 2418 2557 2472 calamitate
2592 2437 2604 2471 :
2637 2418 2708 2471 ita
2737 2419 2895 2472 etiam
2927 2427 3052 2472 tunc
3080 2421 3336 2474 secietate
3365 2421 3573 2474 incom-

2000 2509 2279 2564 modorum
2309 2518 2363 2564 et
2387 2509 2731 2578 asperitatem
2775 2524 2870 2564 eos
2910 2510 3268 2580 conjungente
3293 2553 3307 2577 ,
3337 2527 3578 2581 magnam

2003 2601 2102 2655 sibi
2133 2613 2317 2654 mutuo
2359 2601 2632 2654 caritatem
2674 2602 3013 2670 pra-stabant.

2073 2695 2127 2749 5.
2147 2693 2518 2748 zErumnarum
2547 2693 2759 2747 utilitas.
2785 2689 3106 2747 Calamitates
3131 2695 3182 2748 in
3203 2691 3320 2747 aula
3351 2680 3580 2765 Impera-

2004 2787 2154 2841 toria.
2173 2817 2244 2827 —
2264 2785 2527 2841 IErumna
2555 2787 2695 2841 enim
2719 2795 2771 2841 et
2799 2786 3068 2843 tribulatio
3099 2784 3367 2842 vinculum
3415 2790 3582 2858 quod-

2003 2878 2128 2934 dam
2158 2878 2522 2933 ﬁrmissimmn
2555 2888 2676 2943 est,
2729 2879 2966 2934 caritatis
3006 2881 3270 2945 accretio,
3321 2896 3580 2949 eompun-

2004 2971 2198 3024 ctionis
2223 2980 2276 3024 et
2301 2971 2509 3040 pictatis
2536 2970 2767 3025 occasio.
2801 2970 2934 3024 Audi
2963 2973 3106 3026 enim
3133 2971 3397 3026 dicentem
3431 2973 3585 3026 Davi-

2006 3060 2128 3116 dem
2162 3081 2174 3116 :
2211 3061 2403 3115 Bonum
2435 3063 2579 3126 mihi,
2610 3058 2829 3115 Domine
2849 3103 2865 3128 ,
2897 3063 3018 3132 quia
3047 3055 3325 3116 humiliasti
3373 3080 3477 3127 nte,
3532 3073 3585 3116 ut

2008 3154 2196 3207 discam
2214 3155 2606 3224 justi/icaliones
2638 3163 2748 3207 luas
2772 3158 2788 3225 (
2814 3144 2960 3207 Psal.
2992 3152 3116 3208 118.
3147 3143 3208 3206 71
3238 3150 3293 3224 );
3321 3165 3375 3208 et
3393 3150 3584 3209 iterum

2006 3246 2166 3299 alium
2192 3244 2503 3315 prOphetam
2531 3242 2791 3300 dicentem
2815 3285 2830 3310 ,
2862 3243 3062 3298 Bonum
3091 3255 3161 3297 est
3193 3246 3297 3298 viro
3323 3263 3436 3299 cum
3463 3265 3586 3314 por-

2007 3332 2183 3388 laverit
2222 3342 2405 3405 jngum
2446 3335 2508 3388 ab
2555 3335 2892 3388 adolescentia
2940 3351 3031 3387 sua
3061 3327 3232 3404 (Thr.
3267 3331 3320 3389 5.
3344 3335 3412 3389 27
3440 3338 3494 3399 );
3535 3348 3587 3391 et

2010 3439 2214 3486 rursus,
2232 3422 2417 3477 Beatus
2431 3425 2596 3489 homo,
2617 3440 2763 3493 quem
2786 3437 2838 3476 tu
2865 3422 3136 3491 erudieris,
3174 3415 3386 3478 Domine
3411 3424 3584 3494 (Psal.

2011 3519 2101 3574 95.
2134 3517 2198 3572 l2
2221 3517 2272 3586 );
2302 3525 2356 3571 et
2386 3516 2545 3570 alium
2575 3517 2879 3586 quemdam,
2912 3515 3247 3585 Disciplinam
3277 3515 3484 3569 Domini
3529 3534 3590 3570 ne

2011 3609 2259 3680 despicias
2282 3607 2475 3679 (Prov.
2505 3609 2558 3663 5.
2595 3608 2648 3662 ll
2673 3608 2692 3677 )
2718 3624 2732 3672 ;
2761 3618 2836 3673 et,
2872 3607 3156 3661 Ascendens
3198 3608 3267 3660 ad
3303 3609 3590 3662 servitutem

2015 3700 2237 3764 Domini,
2271 3715 2503 3768 prwpara
2518 3699 2743 3750 animant
2771 3707 2906 3750 tuam
2934 3694 3003 3750 ad
3040 3699 3361 3771 Mutationem
3388 3697 3588 3772 (Eccli.

2012 3793 2064 3847 2.
2101 3793 2125 3846 1
2149 3792 2189 3861 ).
2235 3792 2300 3846 Et
2325 3790 2570 3846 Christus
2596 3805 2783 3845 rursus
2805 3783 3081 3860 discipulis
3105 3793 3216 3845 suis
3246 3792 3490 3858 dicebat,
3526 3795 3592 3847 In

2015 3882 2203 3936 mundo
2225 3889 2509 3952 pressuram
2539 3880 2779 3934 habebitis
2806 3921 2821 3946 ,
2867 3882 2955 3934 sed
2984 3882 3224 3950 conﬁdite
3269 3881 3459 3952 (Joan.
3507 3885 3589 3938 l6.

2015 3975 2084 4029 53
2105 3971 2160 4045 );
2194 3982 2245 4027 et
2283 3984 2488 4038 rursus,
2531 3971 2801 4026 Plorabitis
2827 3982 2874 4026 et
2900 3971 3084 4043 ﬂebitis
3112 3990 3217 4039 vos,
3247 3977 3464 4030 mundus
3491 3995 3582 4030 an-

2016 4071 2112 4116 tem
2141 4063 2373 4134 gaudebit
2403 4061 2598 4132 (Joan.
2633 4063 2719 4117 16.
2743 4063 2851 4131 20)
2877 4079 2890 4126 ;
2925 4075 2977 4116 et
3005 4066 3190 4117 rursus
3214 4104 3228 4128 ,
3259 4063 3486 4137 Angusta
3538 4079 3585 4121 et

2015 4163 2155 4206 arcta
2179 4153 2302 4222 via(
2331 4152 2514 4204 Matth.
2550 4154 2600 4204 7.
2636 4152 2762 4222 14).
2803 4152 2958 4206 Vides
3009 4153 3205 4220 ubique
3253 4153 3453 4209 laudari
3505 4161 3595 4209 tri-

2017 4242 2377 4298 bulationem?
2405 4242 2598 4310 ubique
2623 4243 3008 4308 commendari,
3039 4252 3306 4311 tamquam
3330 4261 3448 4299 eam
3474 4263 3593 4316 qua:

2020 4318 2172 4386 nobis
2201 4332 2270 4386 sit
2295 4330 2635 4385 necessaria?
2663 4329 2796 4384 Nam
2824 4332 2867 4384 si
2895 4331 2946 4384 in
2976 4332 3260 4388 mundanis
3288 4337 3593 4390 certamini-

2018 4422 2118 4477 bus
2143 4421 2259 4474 siue
2287 4435 2348 4475 ea
2380 4434 2540 4474 nemo
2562 4435 2817 4475 coronam
2843 4421 3039 4488 accipit
3058 4457 3073 4486 ,
3117 4423 3217 4476 nisi
3242 4436 3297 4479 et
3323 4425 3594 4483 laboribus

2019 4521 2074 4566 et
2100 4511 2338 4566 ciborum
2368 4509 2686 4565 abstinentia
2713 4519 2768 4564 et
2798 4519 2906 4565 tota
2937 4511 3104 4565 victus
3131 4515 3338 4570 ratione
3361 4557 3375 4580 ,
3422 4527 3476 4572 et
3519 4523 3596 4572 vi-

2021 4601 2164 4672 giliis
2211 4610 2277 4656 et.
2313 4602 2582 4659 sexcentis
2623 4601 2742 4654 aliis
2789 4602 3141 4656 incommodis
3185 4620 3243 4659 se
3304 4610 3593 4672 tnunierit;

2023 4695 2193 4750 multo
2223 4695 2389 4764 magis
2422 4695 2524 4748 hic.
2549 4693 2716 4760 Quem
2743 4693 2882 4746 enim
2901 4694 3028 4747 mihi
3059 4695 3248 4751 all‘erES
3265 4699 3291 4751 ?
3312 4705 3598 4770 regemne?

2024 4786 2095 4839 At
2121 4801 2295 4854 neque
2321 4786 2411 4840 ille
2435 4787 2597 4840 vitam
2626 4786 2773 4839 curis
2803 4785 3031 4839 solutam
3060 4787 3190 4841 vivit
3210 4828 3224 4852 ,
3273 4791 3366 4844 sed
3417 4794 3598 4846 multis

2025 4875 2287 4931 molestiis
2311 4886 2472 4946 atque
2513 4875 2798 4944 angoribus
2848 4875 3122 4930 refertam.
3175 4877 3288 4934 Non
3336 4881 3478 4935 enim
3532 4883 3601 4936 ad

2025 4965 2268 5020 diadema
2295 4975 2539 5035 spectes,
2571 4964 2664 5019 sed
2691 4964 2757 5018 ad
2807 4965 3224 5023 sollicitudinum
3268 4973 3554 5039 procellam
3581 5011 3600 5038 ,

2028 5053 2168 5108 unde
2195 5054 2269 5108 illi
2302 5055 2558 5107 tumultus
2585 5054 2847 5107 maximus
2889 5058 3164 5118 exoritur;
3216 5075 3318 5113 non
3365 5061 3429 5113 ad
3477 5077 3603 5130 pur-

2032 5161 2238 5214 puram,
2269 5144 2363 5198 sed
2393 5143 2460 5197 ad
2487 5144 2718 5197 animam
2749 5144 2837 5198 illa
2864 5145 2975 5213 ipsa
3005 5162 3238 5216 purpura
3288 5151 3602 5219 nigriorem.

2029 5238 2148 5294 Non
2175 5253 2324 5307 teque
2349 5251 2548 5292 corona
2576 5238 2701 5306 ligat
2729 5249 2909 5308 caput,
2938 5248 3096 5308 atque
3126 5241 3358 5296 animam
3404 5246 3605 5300 sollici-

2032 5329 2180 5383 tudo.
2228 5327 2343 5382 Non
2391 5328 2460 5381 ad
2511 5327 2801 5382 satellitum
2851 5344 3130 5383 uulnerum
3170 5344 3384 5401 specta,
3417 5335 3509 5391 scd
3538 5340 3604 5391 ad

2031 5417 2405 5489 aegritudinum
2451 5417 2845 5471 multitudinem
2880 5433 2893 5468 :
2925 5419 3119 5473 nullam
3154 5424 3296 5477 enim
3349 5427 3606 5494 privatam

2034 5507 2248 5561 domum
2278 5514 2358 5562 tot
2378 5507 2522 5560 curis
2551 5505 2913 5560 abundantem
2940 5509 3198 5576 reperias,
3228 5525 3357 5582 quot
3387 5517 3608 5585 regiam.

2033 5599 2230 5654 Mortes
2255 5598 2466 5668 singulo
2488 5613 2697 5666 quoque
2721 5598 2808 5652 die
2834 5599 3175 5656 imminentes
3219 5619 3248 5655 a
3296 5608 3404 5661 suis
3450 5610 3611 5666 etiam

2039 5693 2211 5762 ipsis;
2243 5702 2296 5747 et
2322 5701 2444 5764 ante
2465 5706 2703 5747 mensam
2731 5700 2785 5747 et
2808 5702 2930 5747 ante
2959 5701 3138 5762 potum
3169 5694 3240 5746 oh
3274 5699 3458 5756 oculos
3489 5717 3614 5758 vcr-

3173 5778 3249 5844 19
