4064 6210
430 263 533 323 εἶθ’]
1180 264 1240 322 S.
1277 261 1565 318 JOANNIS
1599 259 2090 316 CHRYSOSTOMI
2134 257 2450 314 ARClllEl‘.
2491 257 3034 314 CONSTANTINOP.
3569 262 3678 318 998

436 388 589 440 πόσοι
642 386 734 439 καὶ
777 383 1010 439 ἐνταῦθα
1040 385 1312 440 θλίϐονται
1344 386 1616 457 βιωτικῶν
1642 387 1829 440 ἕνεκεν
1857 403 2002 458 πρα-
2107 382 2190 436 λιν
2220 383 2532 452 ἀπαντῆσαι
2577 385 2814 453 ἐκείνην,
2859 381 2932 457 ἧς
2987 385 3186 438 ἐκεῖνοι
3238 382 3673 454 κατηξιώθησαν,

435 478 690 549 γμάτων;
737 478 1021 549 Ἐννόησον
1047 479 1130 534 ὅτι
1159 481 1252 532 καὶ
1286 481 1349 534 σὺ
1373 474 1454 543 εἷς
1482 481 1541 545 ἐξ
1563 481 1785 535 ἐκείνων
1807 477 1879 544 εἴ,
1916 480 2011 532 καὶ
2107 473 2322 544 ἐκείνην
2353 475 2532 543 βάδιζε
2557 475 2656 545 τὴν
2681 476 2795 528 ὁδὸν
2830 476 2926 546 τὴν
2956 476 3072 529 ἐκεῖ
3101 475 3391 545 φέρουσαν.
3413 473 3488 527 Οὐ
3522 475 3677 543 φέρει

436 568 570 638 φέρε
604 569 703 639 τὴν
734 567 914 637 θλτψιν
952 569 1046 622 καὶ
1070 567 1168 638 τὴν
1190 569 1406 638 ὀδύνην,
1438 573 1505 640 τῇ
1535 570 1713 624 ἐλπίδι
1743 570 1852 624 τῶν
1877 569 2009 638 μελ-
2109 563 2144 632 ἡ
2164 561 2263 632 τῆς
2293 563 2528 625 ἀνέσεως
2561 563 2676 626 ὁδὸς
2702 565 2837 629 ἐκεῖ,
2872 563 2986 616 ἀλλ’
3014 565 3048 633 ἡ
3077 563 3174 632 τῆς
3197 561 3462 630 θλίψεως·
3495 562 3677 632 εκείνη

435 659 637 712 λόντων
681 658 1046 730 τρεφόμενοςο
1089 659 1188 712 οὐκ
1217 654 1269 712 εἷ
1297 661 1362 713 σὺ
1390 659 1487 712 τοῦ
1526 660 1740 714 Παύλου
1786 661 2011 731 βελτίων
2111 649 2440 721 εὐρύχωρος,
2475 651 2613 720 αὕτη
2647 653 2827 722 στενήο
2863 653 3080 722 Ταύτην
3118 650 3445 722 βαδίζωμεν,
3473 651 3561 704 ἵνα
3585 653 3673 704 τύ·

437 750 558 804 οὐδὲ
583 749 676 803 τοῦ
725 749 955 820 Πέτρου,
983 750 1092 802 τῶν
1120 749 1378 803 οὐδέποτε
1431 750 1670 814 ἀνέσεως
1713 751 2003 821 τυχόντων,
2113 758 2298 812 χωμεν
2336 745 2436 811 τῆς
2474 744 2693 797 αἰωνίου
2733 744 2876 814 ζωῆς
2904 745 2960 797 ἐν
2987 742 3210 815 Χριστῷ
3258 742 3433 814 Ἰησοῦ
3464 743 3542 815 τῷ
3571 746 3682 798 Κυ-

437 841 546 894 τῶν
569 840 626 892 ἑν
649 839 794 910 λιμῷ
825 841 920 893 καὶ
957 838 1099 908 δίψει
1124 841 1216 894 καὶ
1236 841 1538 913 γυμνότητι
1563 843 1654 896 τὸν
1686 843 1864 897 πάντα
1894 843 2006 913 βίον
2115 827 2215 897 Ρίῳ
2245 828 2423 898 ἡμῶν,
2451 829 2567 899 μεθ’
2590 823 2650 883 οὗ
2676 831 2754 902 τῷ
2783 833 2958 902 unpl-
2981 832 3098 902 ἅμα
3125 831 3204 903 τῷ
3232 831 3373 903 ἀγίφ
3400 834 3680 903 Πνεῦματι

436 930 830 997 διεξελθόντων.
873 929 936 983 El
993 931 1172 1001 βούλει
1203 932 1309 986 τῶν
1339 932 1517 987 αὐτῶν
1549 932 1776 997 ἐκείνοις
1805 936 2004 1004 τυχεῖν,
2112 916 2258 984 δόξαν
2292 919 2685 992 κράτοςντιμὴο
2723 921 2817 976 νῦν
2839 923 2933 976 καὶ
2962 922 3071 992 ἀεὶ.
3093 923 3187 978 καὶ
3212 923 3293 988 εἰς
3312 923 3440 987 τοὺς
3475 924 3681 989 αἰῶνας

436 1023 489 1076 τί
519 1022 615 1092 τὴν
649 1024 899 1078 ἐναντίαν
927 1023 1133 1088 ὁδεύεις
1159 1024 1304 1092 ὀδόν;
1338 1028 1384 1080 εί
1417 1025 1594 1096 βούλει
1622 1027 1758 1099 πρὸς
1782 1027 1882 1097 τὴν
1909 1026 2007 1079 πό·
2113 1008 2218 1060 τῶν
2247 1007 2475 1064 αίώνωνο
2507 1011 2702 1082 Ἀμὴν·

457 2380 3683 2436 mm

1878 2563 2255 2626 MONITUM

506 2738 680 2796 Hasce
708 2741 1020 2801 Conciones
1046 2745 1522 2822 Constantinopoli
1559 2753 1776 2810 habitas
1803 2756 1993 2826 fuisse,
2027 2760 2175 2818 clare
2206 2761 2414 2818 indicat
2438 2760 2884 2834 Chrysostomus,
2913 2775 3036 2817 cum
3071 2759 3208 2816 dicit
3239 2759 3294 2814 in
3321 2758 3430 2813 line
3458 2757 3700 2812 homilia

435 2859 615 2916 tertiae
641 2876 700 2917 se
725 2863 1044 2936 episcopum
1077 2865 1133 2920 in
1163 2867 1362 2924 throno
1385 2871 1599 2928 sedere.
1635 2875 1816 2932 Facile
1842 2893 2062 2951 quoque
2087 2881 2309 2937 videtur
2333 2898 2454 2938 esse
2480 2897 2686 2938 annum
2724 2881 3021 2952 assignare,
3058 2897 3170 2952 quo
3195 2880 3312 2936 haec
3340 2879 3696 2935 concionatus

434 2978 521 3025 est
547 2980 772 3030 sanctus
801 2973 1026 3031 Doctor.
1071 2978 1151 3032 Ex
1182 2979 1251 3036 iis
1278 2981 1449 3048 enim,
1480 2999 1603 3054 quae
1647 2987 1782 3042 dicit
1814 2988 2040 3046 homilia
2080 2994 2335 3064 septima,
2365 3010 2596 3050 numero
2635 2995 2690 3060 5,
2723 2995 2964 3051 indicare
2996 2994 3222 3050 omnino
3249 2993 3468 3048 videtur
3495 2992 3698 3046 Eutro-

436 3086 588 3156 pium
620 3092 960 3160 eunuchum,
990 3095 1121 3152 licet
1154 3099 1319 3155 tacito
1342 3102 1565 3159 nomine
1598 3104 1668 3161 de
1693 3105 1790 3162 illo
1815 3117 1958 3178 agat,
1985 3109 2091 3166 hoc
2133 3110 2252 3182 ipso
2283 3122 2530 3184 tempore
2554 3113 2623 3169 de
2652 3113 2822 3185 gradu
2846 3113 3121 3184 deiectum
3152 3121 3209 3167 et
3232 3110 3541 3180 expulsum.
3563 3104 3701 3173 Quis

434 3205 585 3260 enim
604 3207 771 3275 alius,
793 3227 1001 3281 quaso,
1030 3214 1200 3272 fuerit
1227 3232 1292 3272 ea:
1316 3233 1537 3274 numero
1566 3224 1945 3291 cunuchorum,
1976 3225 2072 3296 qui
2098 3227 2217 3282 heri
2254 3229 2310 3282 in
2337 3228 2598 3282 tribunali
2622 3227 2869 3293 sedebat,
2895 3228 2990 3298 qui
3017 3224 3384 3282 clamantibus
3407 3231 3463 3276 et
3481 3219 3700 3291 praeviis

434 3323 785 3393 praeconibus
841 3343 940 3397 per
976 3328 1156 3387 forum
1221 3333 1534 3404 incedebat,
1569 3338 1863 3396 ambitiose
1921 3342 2008 3397 sui
2051 3349 2320 3399 terrorem
2373 3344 2691 3400 incutiens:
2725 3345 2931 3414 quique
2974 3343 3138 3399 hodie
3179 3357 3246 3397 ex
3285 3349 3434 3395 tanta
3477 3337 3698 3392 fortuna

432 3440 704 3512 dejectus,
737 3444 807 3501 ab
835 3450 1092 3507 omnibus
1122 3451 1394 3523 desertus,
1424 3457 1548 3514 vilis
1579 3469 1636 3515 et
1669 3459 1854 3517 nudus
1882 3470 2140 3532 tanquam
2167 3463 2350 3533 pulvis
2381 3465 2752 3520 eventilatur?
2779 3464 2932 3531 Quis,
2966 3464 3213 3533 inquam,
3249 3461 3390 3517 alius
3416 3458 3508 3514 hic
3532 3456 3700 3512 fuerit

435 3578 603 3634 quam
636 3562 939 3638 Eutrapius
981 3572 1292 3639 eunuchus,
1328 3573 1420 3629 cui
1449 3574 1640 3633 isthaec
1682 3578 1869 3634 omnia
1916 3578 2278 3636 acciderunt?
2307 3580 2446 3648 Quia
2474 3595 2609 3636 vero
2647 3583 2716 3637 de
2747 3580 3018 3652 Eutropio
3051 3580 3142 3635 il!e
3171 3579 3250 3634 sic
3277 3577 3443 3633 tacito
3475 3573 3702 3627 nomine

435 3681 705 3752 loquitur,
741 3693 1000 3758 tanquam
1031 3699 1158 3758 post
1188 3705 1350 3746 suum
1394 3707 1462 3748 ex
1511 3701 1664 3749 tanta
1711 3693 1935 3751 fortuna
1982 3697 2198 3768 lapsum
2243 3699 2424 3754 adhuc
2466 3699 2523 3753 in
2560 3697 2702 3754 vivis
2731 3706 3022 3764 versante;
3073 3695 3374 3766 Eutropius
3413 3705 3547 3746 vero
3576 3695 3700 3758 post

440 3802 653 3850 tantum
688 3812 875 3854 casum
906 3801 962 3856 in
988 3801 1230 3873 Cyprum
1271 3806 1456 3860 statim
1505 3808 1804 3880 relegatus,
1852 3809 2003 3864 haud
2035 3809 2130 3866 diu
2163 3821 2354 3881 postea
2388 3811 2516 3868 inde
2543 3812 2777 3868 eductus
2805 3820 2862 3867 et
2899 3811 3079 3882 capite
3109 3815 3396 3866 truncatus
3423 3804 3527 3860 fuit
3557 3815 3700 3857 anno

438 3923 689 3969 vertente
720 3916 823 3972 399
849 3935 863 3970 :
892 3917 1024 3973 hinc
1050 3919 1303 3990 sequitur
1333 3922 1391 3977 in
1416 3938 1622 3979 annum
1650 3924 1754 3981 399
1780 3923 2171 3980 conferendam
2199 3940 2321 3981 esse
2346 3926 2512 3997 hujus
2547 3925 2788 3983 homilia:
2811 3924 3276 3997 praedicationem.

507 4091 669 4147 Aliud
701 4092 868 4149 etiam
897 4093 954 4150 in
1001 4095 1229 4153 homilia
1271 4097 1535 4166 secunda,
1581 4115 1736 4155 num.
1783 4099 1819 4154 4
1845 4099 2112 4166 occurrit,
2157 4099 2303 4156 unde
2350 4100 2616 4171 temporis
2642 4109 2832 4157 notam
2862 4100 3132 4170 expiscari
3163 4097 3458 4169 possimus.
3492 4094 3707 4152 Dicitur

441 4223 678 4279 namque
706 4208 872 4266 isthic
897 4227 911 4265 :
944 4209 1073 4278 Quis
1097 4221 1445 4283 exspectasset
1479 4229 1564 4279 ea,
1591 4229 1710 4285 qua:
1740 4232 1878 4270 nunc
1904 4216 2146 4270 eueniunt
2176 4216 2231 4270 in
2262 4215 2480 4270 diversis
2515 4215 2660 4280 locis,
2689 4224 2845 4270 terra:
2871 4224 3041 4269 motus
3065 4223 3116 4268 et
3139 4213 3346 4268 urbium
3376 4212 3710 4267 eversiones?

448 4330 515 4384 lli
574 4331 715 4386 tanti
778 4338 940 4386 terrae
1004 4339 1189 4387 motus
1245 4331 1302 4386 in
1365 4346 1572 4388 annum
1633 4331 1739 4388 598
1799 4331 2139 4398 referuntur,
2201 4340 2261 4388 ut
2327 4332 2581 4404 pluribus
2636 4331 2842 4387 dicitur
2887 4331 2944 4386 in
2974 4332 3096 4388 Vita
3156 4329 3557 4402 Chrysostomi.
3594 4328 3708 4386 Ne-

436 4465 546 4521 que
579 4456 787 4530 pugnat
817 4447 955 4503 illud
987 4463 1112 4504 cum
1169 4447 1302 4502 anni
1337 4447 1442 4503 599
1467 4456 1599 4502 nota
1640 4457 1792 4503 certa
1825 4465 1989 4518 quam
2019 4449 2184 4505 modo
2208 4447 2516 4519 posuimus.
2551 4445 2961 4502 Advertendum
2993 4461 3232 4518 namque
3259 4454 3365 4511 est,
3394 4443 3531 4500 illud
3556 4444 3709 4515 quod

439 4566 507 4620 de
538 4564 806 4634 Eutropio
838 4563 1044 4619 dicitur
1076 4562 1133 4618 in
1179 4562 1407 4619 homilia
1453 4562 1687 4633 septima
1731 4577 2057 4631 occurrere;
2088 4563 2239 4635 quod
2268 4573 2453 4620 autem
2487 4563 2557 4618 de
2601 4572 2763 4618 terra
2801 4561 3045 4618 motibus
3081 4561 3138 4616 in
3181 4560 3410 4617 homilia
3438 4557 3707 4616 secunda.

439 4678 626 4734 Potuit
654 4687 842 4734 autem
869 4678 1099 4735 homilia
1122 4677 1366 4734 secunda
1395 4679 1681 4750 aliquanto
1704 4687 1974 4750 tempore,
2005 4679 2119 4735 imo
2151 4679 2363 4750 aliquot
2391 4679 2678 4735 mensibus
2705 4679 2990 4734 homiliam
3019 4678 3307 4748 septimam
3332 4675 3707 4747 praecessisse,

441 4797 601 4868 cuius
636 4797 717 4853 rei
746 4798 996 4868 exempla
1027 4813 1138 4854 non
1167 4811 1342 4867 pauca
1372 4806 1694 4870 suppetunt.
1724 4800 1805 4855 Ad
1841 4801 1956 4857 haec
1984 4817 2119 4858 vero
2157 4800 2314 4868 illud,
2342 4815 2458 4873 qua:
2487 4816 2626 4854 nunc
2654 4799 2914 4864 eueniunt,
2943 4812 3056 4853 non
3089 4797 3163 4852 ita
3192 4794 3261 4850 ad
3294 4794 3536 4849 litteram
3563 4790 3711 4845 acci-

446 4911 708 4982 piendum
736 4920 840 4968 est.
866 4911 978 4966 Illae
1001 4910 1150 4966 enim
1172 4916 1338 4967 tantae
1361 4912 1700 4969 calamitates
1720 4913 1888 4969 etiam
1913 4913 2186 4972 hodierno
2212 4930 2366 4971 more
2390 4913 2488 4970 ditt
2513 4892 2776 4970 dicuntur
2799 4927 2950 4968 nunc
2969 4909 3226 4977 evenire;
3247 4909 3448 4965 damna
3469 4919 3710 4974 namque

442 5027 738 5103 importata
784 5037 1010 5085 manent
1057 5038 1115 5085 et
1163 5029 1359 5086 saltem
1406 5046 1506 5102 per
1549 5046 1776 5099 annum,
1807 5048 1980 5100 nunc,
2022 5049 2092 5090 ex
2125 5041 2350 5105 recepto
2389 5047 2564 5099 more,
2599 5030 2864 5087 accidisse
2897 5029 3184 5085 dicuntur.
3217 5024 3372 5081 Adde
3405 5019 3712 5080 verisimile

441 5163 563 5204 esse
594 5148 719 5204 illos
746 5155 912 5202 terra:
937 5154 1122 5202 motus
1145 5154 1204 5202 et
1225 5143 1450 5200 urbium
1476 5146 1798 5204 eversiones
1821 5148 2104 5219 aliquanto
2137 5154 2387 5218 tempore
2417 5159 2819 5218 perseverasse.

513 5325 721 5383 Harum
754 5327 1111 5385 homiliarum
1158 5328 1335 5400 stylus
1377 5336 1544 5399 atque
1589 5310 1761 5386 dictio
1803 5329 1995 5386 multis
2025 5329 2082 5385 in
2127 5326 2266 5384 locis
2310 5327 2530 5384 concisa
2576 5335 2682 5390 est,
2711 5324 2987 5392 etiamque
3015 5322 3288 5387 intricata,
3319 5319 3409 5375 vix
3443 5325 3507 5374 ut
3536 5318 3709 5388 possit

445 5449 714 5522 intelligi;
745 5451 842 5507 sed
869 5451 998 5523 quia
1026 5451 1096 5507 ad
1130 5450 1450 5508 auditorum
1478 5459 1699 5524 captum
1743 5449 2157 5508 accommodata
2182 5458 2321 5514 erat,
2357 5448 2493 5503 nihil
2539 5447 2769 5502 dubium
2796 5456 2901 5512 est,
2927 5459 2992 5502 ea
3026 5459 3149 5515 quae
3178 5441 3342 5498 nobis
3367 5440 3628 5496 intercisa
3653 5449 3708 5491 et

445 5575 609 5633 captu
661 5563 904 5621 difficilia
953 5566 1233 5633 videntur,
1279 5582 1390 5622 non
1428 5565 1660 5638 perinde
1699 5563 2318 5636 Constantinopolitanae
2350 5560 2518 5632 plebi,
2550 5560 2682 5616 huic
2722 5557 2940 5618 dicendi
2969 5558 3162 5631 generi
3191 5564 3444 5625 assuetae,
3475 5554 3709 5612 obscura

444 5676 634 5735 fuisse.
