4064 6210
361 397 465 456 297

359 527 412 571 et
445 527 625 571 tenera
650 509 1157 583 proﬁciscebantur,
1190 526 1218 566 a
1244 513 1464 568 caritate
1500 528 1660 584 quam
1700 512 1947 569 Christus

359 612 475 678 ipse
497 606 772 678 quaerebat
791 645 807 670 ,
835 620 900 660 ex
926 604 1158 675 quodam
1188 615 1393 659 naturae
1419 619 1684 660 consensu
1710 604 1950 661 fraterno

359 711 415 754 et
445 699 640 768 patrio,
676 712 738 751 ac
765 696 941 766 potius
967 696 1210 765 utrisque
1237 695 1352 750 istis
1382 695 1606 765 majore.
1636 695 1749 751 Hoc
1780 696 1942 751 modo

360 791 501 845 afﬁci
530 797 788 859 oportet,
821 789 921 842 hoc
945 787 1105 841 modo
1131 785 1264 841 ﬁere
1297 805 1310 842 :
1344 784 1647 853 huiusmodi
1695 787 1948 858 lacrymte

361 895 558 951 magno
579 885 704 934 sunt
732 879 941 933 refertte
963 877 1187 948 gaudio;
1219 876 1524 947 hujusmodi
1569 876 1742 932 luctus
1788 893 1948 933 causa

363 973 563 1027 laetitiae
589 980 691 1026 est.
722 972 800 1024 Ac
827 985 895 1025 ne
921 969 1051 1024 mihi
1078 968 1246 1036 dicas,
1276 969 1414 1035 Quid
1445 969 1692 1024 utilitatis
1719 969 1948 1024 afferunt

361 1081 498 1121 mea:
527 1066 775 1137 lacrymae
796 1064 894 1130 iis,
924 1079 1020 1134 pro
1063 1063 1260 1133 quibus
1302 1063 1404 1118 hoc
1445 1063 1622 1119 facio?
1669 1063 1802 1118 Nam
1847 1064 1946 1120 etsi

363 1158 466 1211 illis
491 1154 626 1210 nihil
655 1155 944 1224 prosimus,
970 1169 1034 1208 ac
1059 1165 1206 1210 certe
1230 1155 1384 1210 nolJis
1419 1155 1550 1224 ipsis
1581 1153 1948 1226 proderimus.

361 1249 492 1302 Nam
524 1249 616 1316 qui
654 1247 732 1302 sic
769 1260 869 1314 pro
895 1245 1086 1301 alienis
1110 1245 1291 1310 dolet,
1315 1245 1483 1300 multo
1511 1245 1678 1315 magis
1709 1260 1804 1314 pro
1833 1245 1946 1300 suis

361 1341 598 1405 dolebit;
627 1341 716 1410 qui
742 1338 917 1393 aliena
943 1337 1124 1406 luget,
1162 1336 1207 1390 is
1229 1345 1376 1391 certe
1402 1336 1526 1389 vitia
1559 1344 1613 1389 et
1633 1335 1825 1390 delicta
1849 1351 1946 1390 sua

362 1448 467 1486 non
491 1434 607 1486 sine
633 1428 884 1499 lacrymis
907 1427 1056 1482 abire
1085 1428 1227 1482 sinet
1248 1441 1264 1492 ;
1289 1426 1397 1480 imo
1425 1442 1528 1479 non
1551 1426 1656 1480 cito
1681 1426 1942 1495 peccabit.

313 1589 320 1594 _
361 1524 469 1578 Nos
493 1537 643 1585 vero,
668 1519 809 1591 quod
833 1519 1074 1575 omnium
1094 1517 1468 1588 gravissimum
1493 1527 1594 1578 est,
1613 1516 1748 1586 jussi
1772 1516 1944 1570 aliena

360 1624 578 1684 peccata
611 1613 763 1677 ﬁere,
788 1626 857 1667 ne
877 1611 934 1665 in
962 1611 1161 1664 nostris
1182 1608 1396 1680 quidem
1429 1623 1590 1662 unum
1620 1608 1946 1678 paenitentiae

360 1709 572 1777 signum
602 1707 828 1770 damus;
861 1702 953 1758 sed
984 1703 1102 1757 sine
1127 1701 1237 1756 ullo
1265 1700 1466 1754 doloris
1491 1715 1653 1753 sensu
1682 1699 1943 1764 cadimus,

361 1810 416 1852 et
438 1798 623 1851 omnia
647 1809 900 1852 curamus
927 1795 1127 1865 magis,
1165 1793 1341 1848 omnia
1380 1792 1546 1862 magis
1586 1790 1944 1859 expendimus

362 1907 527 1962 quam
551 1899 760 1960 peemta
785 1897 993 1945 nostra.
1037 1887 1159 1941 Ideo
1205 1885 1495 1955 gaudemus
1537 1883 1788 1953 gaudium
1842 1883 1943 1936 huc

363 1983 558 2037 inutile
590 2000 603 2035 :
630 1981 766 2052 quod
796 1981 902 2035 cito
928 1980 1066 2049 perit
1091 2021 1106 2045 ,
1132 1978 1276 2048 quod
1306 1987 1589 2032 sexcentas
1619 1976 1757 2046 parit
1784 1975 1942 2045 aegri-

371 2074 599 2128 tudines.
632 2072 944 2127 Mtereamus
967 2071 1125 2141 igitur
1153 2083 1386 2124 mterore
1415 2067 1594 2137 gaudii
1610 2075 1857 2129 auctore,
1887 2073 1942 2120 et

1276 390 1341 450 IN
1378 391 1591 452 EPIST.
1632 395 1723 451 AD
1760 393 2048 451 PHILIPP.
2089 399 2240 454 CAP.
2284 399 2370 453 ιν.
2414 399 2646 456 llOMlL.
2688 394 2801 456 XV.

3531 402 3637 460 298

2056 516 2370 574 alllictemus
2392 533 2490 576 nos
2515 519 2855 576 amictatione
2886 521 2970 575 illa
2995 521 3132 575 unde
3165 520 3376 591 requies
3400 521 3634 585 exsistit,

2056 617 2112 661 et
2142 623 2208 662 ne
2229 609 2448 664 delicias
2474 626 2774 681 quaeramus
2799 628 2861 665 ex
2885 612 3076 682 quibus
3102 627 3338 666 azrumna
3369 620 3423 665 et
3447 610 3622 667 dolor.

2054 697 2134 751 Ad
2161 697 2323 754 breve
2345 707 2558 770 tempus
2588 701 2641 755 in
2668 711 2807 756 terra
2831 701 3155 767 laboremus,
3181 711 3238 756 ut
3266 710 3522 771 perpetuo
3538 717 3636 754 nus

2055 787 2386 844 oblectemus
2433 791 2486 845 in
2531 792 2677 847 cwlis
2707 809 2721 844 :
2757 793 2809 846 in
2854 793 3054 847 caduca
3102 792 3201 846 hac
3243 792 3347 846 vita
3393 807 3490 857 nos
3538 793 3635 861 ipsi

2053 877 2397 948 alﬁirtemus,
2424 890 2480 935 ut
2507 881 2557 934 in
2589 882 2796 936 inﬁnita
2817 882 2904 936 illa
2932 883 3170 952 requiem
3199 897 3593 952 consequamur
3621 901 3634 934 :

2053 983 2160 1022 non
2183 968 2485 1024 difﬂuamus
2503 970 2711 1026 deliciis
2735 972 2786 1025 in
2814 971 2914 1026 hac
2938 973 3109 1038 brevi,
3142 988 3207 1026 ne
3238 973 3289 1026 in
3321 973 3408 1026 illa
3432 973 3636 1026 inﬁnita

2053 1061 2400 1130 suspiremus.
2443 1063 2635 1117 Annon
2665 1064 2853 1118 videtis
2879 1074 3009 1134 quot
3054 1064 3299 1118 homines
3345 1064 3430 1119 hic
3473 1066 3634 1119 etiam

2050 1167 2233 1208 rerum
2265 1153 2331 1208 ad
2358 1153 2498 1208 hanc
2525 1155 2687 1210 vitam
2715 1156 3095 1224 pertinentium
3125 1170 3281 1210 causa
3331 1159 3634 1224 angantur?

2054 1245 2308 1300 lixistima
2337 1255 2386 1300 te
2413 1259 2624 1316 quoque
2651 1263 2812 1301 unum
2840 1262 2905 1301 ex
2930 1247 3032 1301 illis
3061 1262 3202 1314 esse,
3233 1257 3286 1302 et
3330 1247 3410 1302 fer
3436 1264 3631 1303 mrum-

2053 1352 2177 1391 nam
2203 1352 2264 1392 ac
2287 1338 2525 1394 dolorem
2551 1379 2564 1402 ,
2593 1354 2690 1406 sne
2717 1339 3017 1393 futurorum
3066 1339 3326 1394 bonorum
3377 1343 3628 1395 nutritus.

2050 1428 2165 1482 Non
2191 1439 2242 1482 tu
2261 1444 2319 1483 es
2347 1428 2509 1484 Paulo
2536 1430 2746 1494 melior,
2771 1445 2876 1484 non
2900 1431 3059 1486 Petro
3090 1448 3102 1484 :
3133 1431 3323 1500 quibus
3345 1448 3630 1501 numquam

2051 1521 2216 1574 otium
2244 1519 2423 1574 datum
2452 1529 2563 1586 est;
2594 1521 2684 1590 qui
2716 1522 2766 1575 in
2799 1521 2937 1576 fame
2954 1530 3008 1576 et
3029 1521 3116 1576 siti
3138 1523 3450 1576 etnuditate
3469 1532 3630 1576 totam

2053 1613 2212 1665 vitam
2239 1611 2603 1666 confecerunt.
2642 1611 2699 1667 Si
2727 1612 2914 1666 eadem
2945 1621 3104 1682 atque
3129 1611 3204 1666 illi
3231 1612 3312 1666 vis
3337 1613 3590 1683 consequi
3616 1654 3631 1676 ,

2050 1718 2150 1758 cur
2178 1702 2500 1756 contrariam
2534 1702 2733 1758 insistis
2760 1702 2946 1756 viam?
2975 1703 3018 1756 si
3064 1702 3131 1757 ad
3175 1703 3441 1757 civitatein
3489 1703 3632 1757 illam

2050 1796 2129 1846 vis
2160 1793 2458 1862 pervenire,
2487 1809 2588 1862 qua
2618 1793 2692 1846 illi
2723 1793 2866 1862 digni
2900 1792 3024 1847 facti
3055 1802 3219 1860 sunt,
3255 1794 3399 1848 illam
3447 1808 3632 1862 perse-

2049 1900 2212 1952 qucrc
2238 1885 2376 1936 viam
2405 1899 2522 1952 qua:
2552 1884 2674 1936 illuc
2704 1883 2824 1938 fert.
2857 1883 2973 1938 Non
3005 1884 3130 1938 illuc
3155 1884 3250 1939 otii
3278 1883 3382 1939 fert
3409 1885 3508 1949 via,
3535 1885 3631 1940 sed

2048 1990 2298 2027 aerumnae
2329 1992 2342 2027 :
2374 1974 2458 2026 illa
2493 1973 2616 2040 lata,
2644 1974 2757 2028 lnec
2784 1985 3008 2044 angusta
3035 1983 3136 2029 est.
3171 1974 3280 2029 Hac
3325 1975 3428 2030 iter
3469 1977 3632 2030 facia-

2049 2081 2188 2129 mus,
2219 2074 2273 2118 ut
2298 2078 2689 2132 consequamur
2718 2075 2974 2119 mternam
3007 2065 3169 2119 vitam
3198 2065 3249 2119 in
3271 2065 3485 2121 Christo
3505 2065 3632 2121 Jesu

2050 2155 2276 2210 Domino
2297 2163 2503 2220 nostro,
2533 2169 2652 2209 cum
2683 2170 2788 2225 quo
2819 2155 2960 2210 Patri
2988 2157 3252 2226 simulque
3279 2167 3464 2212 sancto
3505 2157 3630 2226 Spi-

367 2181 433 2218 ne
454 2163 775 2234 gaudeamus
796 2160 990 2232 gaudio
1011 2159 1340 2230 aegritudinis
1354 2167 1574 2228 parente
1599 2174 1612 2209 :
1637 2156 1942 2212 emittamus

359 2257 627 2327 lacrymas
652 2254 878 2308 multum
905 2250 1194 2321 voluptatis
1215 2250 1579 2312 seminantcs,
1620 2258 1673 2302 et
1712 2263 1818 2302 non
1865 2247 1940 2301 ri-

360 2349 580 2401 deamus
625 2346 735 2400 risu
759 2386 776 2411 ,
813 2344 904 2413 qui
939 2343 1224 2399 stridorem
1251 2341 1404 2398 nobis
1431 2339 1672 2397 dentium
1698 2340 1883 2412 gignat
1921 2357 1934 2393 :

2047 2248 2169 2301 ritui
2196 2247 2386 2317 gloria,
2418 2247 2722 2317 imperium,
2757 2247 2949 2314 honos,
2985 2264 3124 2301 lllmc
3154 2259 3207 2302 ct
3235 2265 3471 2314 smnycr.
3498 2261 3545 2300 vl
3579 2250 3628 2301 in

2046 2338 2244 2393 Saecula
2274 2337 2611 2392 seculorum.
2645 2341 2835 2392 Amen.

364 2498 3592 2540 WM_——_—_———=

481 2685 591 2743 Al)
631 2684 1028 2745 HOMILIAS
1073 2685 1136 2745 S.
1182 2683 1519 2744 JOA‘NNIS
1553 2683 2125 2746 CHRYSOSTOMI
2161 2684 2240 2744 IN
2273 2681 2725 2743 EPISTOLAM
2772 2682 2880 2740 AD
2924 2677 3494 2740 COLOSSENSES.

432 2873 493 2927 ln
527 2871 678 2928 hisce
703 2887 870 2942 porro
893 2871 1254 2928 concionibus
1290 2872 1461 2926 multa
1489 2871 1753 2926 discimus
1779 2871 1848 2926 de
1882 2871 1991 2926 ritu
2017 2871 2279 2928 Ecclesia:
2306 2868 2926 2939 Constantinopolitanae
2969 2867 3024 2921 in
3053 2864 3334 2936 Liturgia;
3367 2864 3621 2933 interque

359 2989 469 3043 alia
500 2989 706 3042 dicitur
744 3003 936 3058 pacem
963 2987 1272 3043 innumeris
1306 3003 1448 3059 pene
1488 2987 1701 3042 vicibus
1733 2987 1880 3043 inter
1903 2987 2173 3042 orandum
2203 2987 2430 3058 petitam
2478 2985 2668 3041 fuisse.
2713 2984 2972 3051 Quaedam
2999 2981 3165 3038 etiam
3207 2989 3510 3037 occurrunt
3554 2979 3625 3034 de

366 3103 629 3159 Ecclesiae
652 3103 911 3173 opinione
950 3112 1116 3173 atque
1146 3103 1453 3170 sententia;
1487 3103 1723 3173 exempli
1767 3118 1929 3158 causa
1972 3102 2040 3158 de
2083 3102 2294 3174 angelis
2319 3101 2662 3166 custodibus,
2693 3100 2787 3171 qui
2818 3098 3019 3172 singuli
3049 3097 3281 3169 singulis
3309 3095 3626 3152 hominibus

367 3219 434 3272 a-J
473 3217 700 3272 tutelam
738 3217 1108 3288 assignantur.

439 3374 508 3430 Ut
538 3381 659 3427 erat
685 3371 1111 3444 Cbrysostomus
1139 3386 1328 3437 verax,
1357 3371 1503 3442 aequi
1543 3386 1752 3437 amans,
1781 3379 1837 3426 et
1861 3369 1928 3425 ad
1963 3369 2239 3442 carpenda
2281 3368 2414 3424 vitia
2456 3384 2684 3440 pronus,
2712 3383 2781 3424 ne
2807 3369 3128 3439 Imperatori
3161 3369 3386 3440 quidem
3415 3367 3626 3438 parcit;

373 3491 470 3546 sed
508 3488 884 3544 Theodosium
925 3488 1202 3559 Magnum,
1234 3487 1367 3543 licet
1409 3487 1577 3543 tacito
1600 3489 1847 3555 nomine,
1880 3487 2056 3557 carpit
2084 3487 2234 3541 hom.
2271 3486 2526 3557 septima,
2553 3503 2610 3541 n.
2638 3486 2692 3553 5,
2721 3486 2870 3556 quod
2897 3484 3297 3543 Antiochenam
3323 3485 3634 3550 civitatem,

368 3608 637 3670 offensus,
663 3606 891 3675 perdere
914 3621 978 3661 ac
998 3605 1286 3661 destruere
1315 3605 1574 3662 voluerit.
1605 3605 2020 3676 lmperatricem
2043 3619 2198 3670 vero,
2223 3603 2524 3658 Eudociam
2555 3618 2775 3674 nempe,
2801 3618 2912 3658 non
2933 3603 3130 3658 leviter
3154 3602 3456 3658 insectatur
3479 3603 3631 3657 hom.

369 3717 604 3784 decima,
635 3734 788 3772 num.
817 3719 852 3772 4
876 3727 932 3773 et
970 3719 1022 3782 5,
1054 3717 1125 3773 ob
1157 3720 1348 3773 luxum
1380 3717 1613 3772 nimium
1655 3725 1713 3772 et
1754 3717 2010 3787 profusos
2042 3717 2097 3771 in
2122 3731 2305 3772 veStes
2333 3732 2528 3772 aureas
2554 3723 2825 3787 sumptus,
2851 3716 2948 3787 qui
2974 3715 3238 3772 membris
3261 3715 3464 3772 Christi
3499 3729 3634 3785 pau-

376 3834 599 3904 peribus
627 3834 875 3906 tegendis
915 3845 1078 3906 atque
1111 3834 1363 3890 fovendis
1391 3833 1694 3905 deputandi
1721 3843 1898 3889 erant.
1931 3835 2010 3889 Ex
2041 3833 2146 3889 hac
2177 3848 2342 3905 porro
2367 3841 2514 3889 tanta
2539 3833 2761 3889 dicendi
2793 3834 3073 3900 libertate,
3107 3834 3240 3905 quid
3263 3833 3485 3890 demum
3513 3848 3638 3888 san-

375 3957 461 4003 cto
489 3950 711 4006 Doctori
737 3950 1021 4018 acciderit,
1057 3952 1274 4025 ignorat
1296 3966 1478 4017 nemo,
1503 3960 1560 4008 et
1586 3967 1689 4007 nos
1712 3951 1965 4022 pluribus
1992 3951 2372 4008 recensuimus
2395 3952 2452 4006 in
2479 3951 2728 4024 ejusdem
2749 3951 2893 4010 Vita.

441 4106 559 4162 Non
586 4107 819 4162 deerant
847 4109 1052 4164 oratori
1085 4116 1333 4176 strenuo,
1369 4109 1568 4173 dicaci,
1607 4110 1752 4180 atqui
1789 4110 2033 4180 bonique
2066 4110 2289 4180 cupido,
2333 4125 2456 4181 quae
2505 4110 2562 4165 in
2607 4107 3351 4179 Constantinopolitanorum
3393 4105 3639 4160 moribus

377 4232 627 4294 carperet
647 4232 706 4281 et
731 4225 1111 4280 insectaretur.
1135 4224 1275 4279 Nam
1300 4225 1534 4281 divitum
1559 4235 1744 4282 tantus
1769 4237 1890 4284 erat
1916 4227 2104 4293 luxus,
2133 4227 2270 4281 tanti
2301 4227 2358 4280 in
2388 4225 2592 4280 mensis
2621 4233 2918 4295 apparatus
2942 4231 3105 4293 atque
3133 4231 3405 4292 sumptus,
3437 4228 3499 4274 ut
3528 4237 3636 4274 non

378 4339 493 4395 sine
526 4351 757 4412 stupore
786 4343 1038 4414 legantur
1065 4360 1131 4400 ea
1156 4359 1281 4415 quae
1313 4346 1405 4402 ille
1431 4347 1488 4402 in
1517 4347 1741 4403 homilia
1770 4349 1968 4419 prima,
2003 4365 2158 4404 num.
2190 4349 2220 4402 Δ
2254 4353 2525 4401 recenset.
2553 4344 2777 4400 Plebem
2802 4353 3006 4408 autem,
3039 4342 3150 4396 imo
3179 4338 3638 4407 Constantinopo-

381 4455 576 4510 htanos
607 4472 802 4511 omnes
823 4458 948 4529 jure
987 4459 1245 4531 objurgat
1283 4469 1340 4516 et
1381 4461 1638 4529 incessit;
1677 4465 1823 4533 quod
1849 4465 2009 4520 multi
2035 4463 2220 4518 omnia
2261 4462 2501 4517 humana
2532 4460 2643 4515 fato
2687 4458 2820 4515 ferri
2853 4458 3104 4513 dicerent
3145 4465 3308 4526 atque
3347 4461 3639 4526 putarent,

382 4570 614 4642 ideoque
659 4573 758 4628 Dei
803 4573 1209 4642 providentiam
1256 4576 1394 4631 nihil
1437 4587 1730 4644 curarent;
1774 4579 1918 4649 quod
1950 4555 2171 4650 plurimi
2218 4577 2681 4634 resurrectionem
2727 4581 3022 4647 negarent;
3053 4573 3201 4645 quod
3230 4573 3645 4628 observationes

380 4685 596 4742 dierum
625 4687 774 4757 apud
803 4687 929 4744 illos
955 4690 1207 4761 vigerent
1238 4707 1252 4744 :
1285 4690 1392 4746 hoc
1422 4706 1556 4746 vero
1594 4707 1768 4764 genus
1796 4694 2208 4765 superstitionis
2244 4694 2340 4750 diu
2382 4692 2728 4763 multumque
2760 4692 2818 4746 in
2846 4689 3284 4747 occidentalibus
3321 4690 3487 4746 etiam
3515 4705 3643 4760 par-

383 4805 531 4860 tibus
564 4804 818 4872 invaluit,
847 4815 909 4860 nt
939 4807 1070 4862 alibi
1105 4806 1626 4865 demonstravimus.
1661 4809 1942 4881 Ligamina
1986 4811 2176 4878 etiam,
2206 4827 2329 4883 quae
2361 4824 2536 4882 graece
2566 4808 2840 4880 περίαπτα
2869 4806 3156 4873 dicuntur,
3185 4814 3244 4864 et
3272 4807 3407 4862 alias
3446 4805 3648 4861 multas

385 4918 812 4988 spuerstitiones
835 4921 981 4992 apud
1012 4921 1138 4976 illos
1167 4921 1453 4977 observari
1481 4922 1615 4979 dicit
1640 4924 1790 4979 bom.
1821 4933 2034 4992 octava,
2060 4943 2214 4981 num.
2247 4926 2300 4981 5.
2331 4925 2537 4980 Morem
2567 4937 2787 4993 quoque
2818 4922 3047 4977 omnino
3072 4921 3441 4978 damnandum
3472 4918 3649 4974 insec-

388 5042 558 5102 tatur,
587 5036 735 5107 quod
762 5052 962 5108 nempe
986 5037 1580 5109 Constantinopolitani
1610 5043 1964 5097 meretricum
1990 5057 2196 5097 cuneos
2226 5041 2292 5097 ad
2317 5039 2538 5110 nuptias
2563 5037 2920 5094 celebrandas
2941 5037 3295 5094 advocarent.

456 5188 741 5262 Singulare
770 5197 999 5254 omnino
1026 5210 1111 5256 est
1139 5201 1195 5256 id
1227 5202 1374 5273 quod
1399 5201 1536 5257 dicit
1560 5202 1709 5258 hom.
1742 5201 1983 5271 septima

2051 5216 2182 5255 tum.
2213 5200 2266 5264 5,
2286 5215 2484 5270 nempe
2510 5215 2694 5271 regem
2719 5199 3013 5255 Persarum
3029 5198 3255 5268 illoipso
3280 5211 3390 5267 quo
3415 5193 3652 5261 Chryso-

387 5313 596 5362 stomus
627 5310 1065 5368 concionabatur
1098 5323 1365 5388 tempore,
1416 5317 1646 5372 barbam
1681 5315 1941 5370 habuisse
1970 5330 2214 5370 auream.
2257 5313 2529 5369 Prolixam
2572 5320 2744 5378 certe,
2774 5312 3002 5368 densam
3036 5319 3092 5366 et
3124 5306 3457 5380 adjectitiam
3483 5301 3650 5358 fuisse

387 5426 572 5482 regum
605 5417 902 5474 Persarum
937 5421 1164 5478 barbam
1196 5427 1463 5498 exemplis
1489 5435 1544 5483 et
1575 5427 1950 5483 schematibus
1980 5426 2339 5483 conﬁrmatur
2368 5427 2424 5481 in
2449 5423 2788 5494 Antiquitate
2812 5422 3100 5492 explanata
3123 5419 3278 5478 Tom.
3308 5421 3371 5488 '5;
3403 5418 3494 5477 hic
3521 5430 3648 5472 vero

389 5522 643 5594 adjicitur
675 5545 798 5587 eam
842 5532 1014 5591 fuisse
1052 5551 1296 5593 auream.

457 5690 980 5764 lnterpretationom
1007 5697 1259 5754 Latinam
1289 5697 1547 5754 Gcntiani
1582 5699 1806 5757 llerveti
1831 5700 2082 5772 plurimis
2112 5701 2168 5757 in
2202 5699 2338 5757 locis
2370 5695 2775 5769 castigavimus.
