4064 6210
279 301 385 357 501

277 411 507 474 iudicavi
531 420 783 480 tamquam
815 424 1066 478 prwseus;
1095 417 1148 461 ct
1170 421 1376 470 rursus,
1435 404 1639 457 Veniam
1669 401 1735 454 ad
1761 417 1870 462 vos,

277 515 323 557 et
346 518 652 573 cognoscam
679 519 780 555 non
805 516 1083 554 sermonem
1113 514 1286 551 eorum
1315 497 1399 565 qui
1428 505 1545 548 sunt
1571 494 1759 562 inflati,
1787 493 1875 545 sed

274 599 516 650 virtutem
535 596 610 666 (1.
629 593 727 650 Cor
755 595 865 649 5.5.
887 592 1118 660 et3.l9);
1137 600 1190 644 et
1208 603 1414 649 rursus,
1435 585 1554 640 Non
1574 585 1871 640 solumdam

271 690 463 742 adsum
483 687 625 758 apud
641 703 747 752 vos,
765 685 853 740 sed
871 683 1201 751 multomagis
1216 682 1338 734 dum
1350 679 1525 732 absum
1547 676 1686 747 (Gal.
1699 675 1869 744 4.18).

276 777 485 832 Paulus
503 779 766 847 apostolus
785 773 909 829 Jesu
935 764 1122 828 Christi
1145 788 1233 841 per
1259 771 1565 824 voluntatem
1590 767 1702 820 Dei.
1727 765 1871 834 0pc-

273 886 354 924 ra:
383 871 614 938 pretium
637 875 722 923 est
745 874 922 920 autem
945 865 1125 919 dicere
1145 864 1305 918 etiam
1331 868 1701 930 argumentum
1731 855 1870 926 quod

275 963 590 1018 invenimus
611 976 678 1016 ex
709 959 955 1029 epistola.
989 955 1266 1024 Quodnam
1297 963 1476 1008 autem
1497 961 1582 1007 est
1607 949 1742 1004 hoc?
1772 949 1874 1004 Per

271 1054 508 1124 angelos
532 1051 598 1106 ad
620 1052 784 1104 Deum
808 1047 1152 1113 accedebant,
1172 1044 1576 1100 observationes
1604 1040 1873 1096 habebant

273 1146 482 1200 multas
508 1152 562 1198 et
583 1141 835 1197 Judaims
859 1148 915 1194 et
941 1138 1152 1194 Graacas
1173 1151 1268 1191 seu
1298 1134 1561 1191 ethnicas.
1593 1133 1716 1187 Haec
1741 1147 1870 1201 ergo

183 1274 190 1279 -
275 1237 505 1304 corrigit
536 1253 550 1287 :
584 1242 870 1303 propterea
897 1240 952 1286 et
979 1231 1032 1285 in
1065 1231 1216 1285 initio
1248 1228 1398 1290 dicit,
1433 1226 1536 1280 Per
1563 1225 1869 1280 voluntatem

275 1326 399 1380 Dei.
423 1327 563 1380 Ecce
584 1339 770 1380 rursus
787 1323 938 1388 illud,
956 1339 1063 1392 per,
1079 1321 1273 1392 posuit.
1295 1319 1359 1374 Et
1375 1314 1667 1373 Timotheus
1689 1321 1867 1388 frater,

279 1422 477 1490 inquit.
523 1419 666 1489 Ergo
695 1420 813 1488 ipse
856 1431 1068 1488 quoque
1099 1423 1216 1469 erat
1245 1412 1544 1482 apostolus.
1569 1410 1867 1465 Consenta-

277 1529 443 1568 neum
484 1521 660 1566 autem
690 1518 811 1565 erat
835 1523 957 1564 eum
987 1521 1201 1578 quoque
1244 1503 1410 1560 fuisse
1441 1512 1626 1557 notum
1667 1500 1872 1556 Sanctis

275 1606 368 1675 qui
393 1612 512 1658 sunt
540 1601 782 1665 Colossis,
816 1615 937 1670 qua:
968 1598 1187 1668 quidem
1215 1606 1330 1652 erat
1370 1595 1558 1651 civitas
1601 1591 1866 1663 Phrygite,

275 1699 443 1766 idque
473 1704 683 1752 constat
705 1710 772 1750 ex
800 1709 865 1749 eo
891 1691 1034 1762 quod
1061 1693 1128 1745 sit
1154 1690 1450 1761 propinqua
1474 1686 1773 1742 Laodicea.
1802 1685 1870 1737 Et

275 1789 521 1858 ﬁdelibus
571 1787 810 1858 fratribus
855 1785 910 1838 in
955 1781 1178 1839 Christo.
1231 1780 1531 1846 Undenam,
1564 1777 1754 1847 inquit,
1785 1775 1890 1837 dic.

277 1898 444 1952 rogo,
476 1880 648 1937 factus
685 1895 742 1935 es
779 1877 1036 1934 sanctus?
1077 1873 1342 1928 undenam
1397 1874 1606 1925 vocaris
1651 1867 1870 1923 ﬁdelis?

281 1989 478 2028 annon
506 1972 644 2042 quod
681 1986 774 2041 per
799 1979 1023 2024 mortem
1055 1965 1252 2022 Citriin
1284 1963 1429 2018 fuisti
1460 1961 1824 2016 sanctiﬁcatus
1844 1963 1868 2010 Υ

283 2081 476 2119 annon
503 2062 639 2133 quod
665 2061 836 2117 credis
865 2060 917 2115 in
945 2056 1259 2113 Christum?
1304 2053 1580 2111 Undenam
1613 2051 1780 2106 factus
1810 2065 1870 2105 es

281 2158 498 2213 frater?
521 2173 623 2210 non
650 2154 790 2210 enim
816 2153 866 2208 in
899 2167 1081 2222 opere,
1119 2163 1291 2220 neque
1316 2149 1368 2203 in
1398 2159 1665 2208 sermone,
1695 2160 1870 2214 neque

276 2253 333 2305 in
377 2260 530 2304 recta
554 2248 767 2301 actione
797 2242 1091 2314 apparuisti
1117 2241 1305 2296 lidelis.
1334 2238 1610 2295 Undenam
1640 2244 1767 2292 sunt
1795 2236 1867 2290 ti-

278 2342 333 2396 bi
362 2381 381 2406 ,
416 2340 742 2408 die,qua'so,
779 2349 884 2389 tam
915 2335 1078 2389 multa
1123 2333 1323 2388 credita
1369 2331 1660 2402 mysteria?
1693 2343 1869 2384 nonne

277 2441 509 2501 propter
556 2428 872 2483 Christum?
904 2425 1083 2480 Gratia
1106 2425 1242 2478 vobis
1279 2433 1326 2476 et
1354 2439 1455 2493 pas:
1491 2439 1523 2474 a
1561 2421 1669 2474 Deo
1717 2419 1873 2473 Patre

276 2532 477 2576 nostra.
507 2519 786 2575 Undcnam
817 2517 969 2572 vobis
985 2515 1191 2586 gratia?
1218 2515 1482 2568 undenam
1507 2513 1644 2581 pax?
1674 2511 1717 2563 Α
1739 2510 1868 2576 Deo,

277 2613 478 2683 inquit,
510 2609 664 2664 Patre
689 2621 883 2663 nostro.
916 2608 1072 2676 Atqui
1107 2606 1157 2659 in
1187 2605 1285 2658 hac
1317 2619 1422 2658 non
1467 2602 1644 2671 po-uit
1677 2616 1870 2654 nomen

275 2701 510 2759 Christi.
565 2702 746 2755 Dicam
779 2700 858 2755 eis
889 2700 977 2768 qui
1009 2697 1292 2752 calumniis
1339 2697 1665 2749 insectantur
1707 2693 1874 2762 Spiri-

277 2808 396 2851 tum
435 2814 449 2850 :
484 2795 748 2851 undenam
783 2793 922 2847 Deus
952 2791 1109 2845 Pater
1127 2788 1442 2845 servorum?
1470 2788 1586 2857 quis
1614 2801 1678 2841 ex
1705 2785 1874 2838 servis

278 2901 394 2944 tam
420 2903 614 2958 magna
636 2886 803 2956 gessit
825 2895 879 2939 et
907 2882 1202 2952 pra'elara?
1229 2881 1347 2950 quis
1377 2891 1426 2934 te
1455 2889 1695 2934 sanctum
1716 2878 1875 2932 fecit?

276 2983 409 3049 quis
439 2977 686 3031 ﬁdelem?
716 2975 835 3045 quis
889 2974 1051 3027 ﬁlium
1087 2971 1222 3026 Dei?
1259 2971 1358 3036 Qui
1399 2980 1448 3024 te
1492 2970 1614 3022 fecit
1661 2968 1762 3021 lide
1793 2967 1873 3020 di-

275 3089 476 3145 gnum,
499 3073 543 3125 is
570 3084 780 3139 quoque
803 3068 894 3121 fuit
917 3081 1076 3121 causa
1099 3074 1156 3119 ut
1183 3064 1274 3117 tibi
1302 3062 1478 3116 omnia
1503 3061 1872 3115 crederentur.

351 3165 414 3216 2.
466 3161 679 3215 Fideles
727 3160 868 3213 enim
912 3171 1199 3221 vocamur,
1237 3168 1343 3207 non
1388 3153 1559 3206 solum
1595 3159 1878 3220 propterea

278 3254 436 3326 quod
457 3252 740 3307 credamus
765 3290 780 3314 ,
810 3249 902 3303 Sed
934 3249 1093 3303 etiam
1124 3245 1264 3315 quod
1296 3261 1325 3298 a
1357 3244 1465 3298 Deo
1495 3242 1694 3298 credita
1726 3241 1879 3296 nobis

278 3350 398 3403 sint
431 3345 682 3416 mysteria
710 3383 726 3409 ,
755 3357 873 3412 qua:
899 3356 968 3394 ne
996 3338 1170 3412 angeli
1191 3335 1407 3406 quidem
1435 3343 1559 3388 ante
1591 3348 1686 3388 nos
1719 3348 1879 3388 nove-

277 3449 438 3494 runt.
470 3436 582 3492 Sed
612 3432 1070 3490 indiscriminatim
1115 3429 1232 3486 haec
1273 3429 1352 3483 sic
1392 3426 1618 3496 ponebat
1661 3425 1876 3480 Paulus.

279 3528 504 3584 Gratias
529 3527 726 3596 agimus
750 3523 854 3576 Deo
891 3521 1036 3575 P..tri
1061 3519 1270 3573 Domini
1311 3518 1468 3571 nostri
1510 3517 1634 3570 Jesu
1668 3515 1878 3571 Christi.

276 3621 420 3676 Mihi
453 3617 664 3671 videtur
688 3613 865 3669 omnia
885 3613 1026 3677 Patri
1050 3611 1368 3674 attribuere,
1394 3611 1461 3662 ita
1487 3617 1543 3661 ut
1578 3624 1682 3662 non
1701 3609 1880 3662 statim

284 3728 393 3768 eos
429 3709 676 3767 oﬂ'endat
708 3707 902 3763 oratio.
1008 3702 1220 3772 Semper
1240 3717 1331 3772 pro
1359 3701 1494 3754 vobis
1521 3709 1742 3754 orantes.
1767 3698 1881 3752 Non

277 3805 471 3858 solum
505 3814 601 3869 per
627 3799 912 3868 gratiarum
941 3797 1228 3861 actionem,
1257 3794 1348 3849 sed
1378 3802 1432 3849 et
1459 3809 1552 3861 per
1574 3801 1881 3862 perpetuam

279 3895 599 3950 orationem
622 3889 854 3945 ostendit
872 3888 1236 3952 dilectionem,
1265 3885 1406 3956 quod
1431 3886 1588 3940 etiam
1615 3898 1748 3955 quos
1775 3900 1881 3940 non

277 3988 509 4041 viderat
533 3998 746 4049 semper
774 3981 910 4050 apud
940 3996 999 4035 se
1030 3979 1278 4034 habebat.
1313 3977 1400 4050 [4.
1432 3978 1704 4032 Audientes
1731 3977 1885 4044 ﬁdem

279 4090 516 4135 vestram
543 4077 594 4129 in
623 4075 822 4130 Christo
848 4073 1141 4127 Jesu.Curn
1167 4072 1412 4140 superius
1433 4071 1646 4135 dixerit,
1675 4069 1885 4124 Domini

281 4172 494 4235 nostri,
530 4168 652 4233 hic,
693 4166 818 4220 Jesu
844 4164 1072 4226 Christi,
1103 4165 1196 4217 ait.
1230 4164 1345 4232 Ipse
1383 4172 1466 4217 est
1498 4161 1770 4234 Dominus,
1805 4163 1881 4216 iu-

279 4265 407 4333 quit
442 4280 456 4315 :
493 4274 668 4328 neque
694 4258 848 4324 dixit,
881 4256 1032 4312 Servi
1078 4255 1206 4310 Jesu
1246 4254 1441 4309 Christi
1474 4271 1485 4306 :
1515 4270 1635 4323 qua:
1671 4253 1886 4323 quidem

282 4353 587 4409 manifesta
624 4358 748 4405 sunt
772 4349 1016 4404 beneﬁcii
1046 4346 1286 4418 syntbola
1312 4363 1327 4399 :
1354 4345 1473 4415 Ipse
1495 4347 1628 4398 enim
1651 4385 1665 4409 ,
1695 4346 1885 4414 inquit,

279 4445 514 4501 salvabit
534 4443 777 4512 papulum
797 4457 942 4495 suum
959 4456 990 4492 a
1013 4439 1229 4508 peccatis
1251 4454 1421 4490 eorum
1450 4436 1659 4507 (Matth.
1689 4431 1891 4504 1.21).]

281 4538 582 4592 Audientes
607 4533 758 4601 ﬁdem
781 4542 996 4586 vestram
1019 4532 1071 4584 in
1100 4529 1303 4582 Christo
1329 4527 1474 4593 Jesa,
1502 4537 1547 4580 et
1573 4525 1889 4579 dilectionem

281 4647 456 4695 quam
482 4627 677 4680 habetis
713 4626 764 4678 in
791 4640 962 4679 omnes
987 4631 1207 4677 sanctos.
1247 4619 1362 4676 Jam
1393 4634 1486 4674 eos
1511 4617 1608 4672 sibi
1641 4617 1891 4672 conciliat

283 4732 343 4776 et
374 4728 570 4789 captat
601 4716 1050 4771 benevolentiam.
1085 4711 1482 4783 Epaphroditus
1530 4718 1612 4763 est
1658 4707 1748 4778 qui
1779 4707 1893 4761 lucc

286 4812 582 4870 renuntiat
621 4825 636 4874 ;
675 4808 834 4862 mittit
877 4816 1054 4863 autem
1088 4806 1368 4875 ep'stolam
1401 4818 1497 4874 per
1549 4801 1840 4872 'l‘ychicnm
1871 4839 1887 4867 ,

287 4922 421 4960 cum
455 4903 605 4958 illum
633 4900 772 4969 apud
803 4914 862 4955 se
883 4898 1217 4953 detimiisset.
1253 4894 1316 4948 Et
1337 4893 1673 4956 dilectionem,
1701 4889 1889 4960 inquit,

289 5012 456 5068 quam
502 4991 697 5046 habetis
743 4991 797 5044 in
845 5006 1016 5044 omnes
1069 4996 1268 5041 sanctos
1299 5003 1316 5040 :
1348 5000 1450 5038 non
1508 4985 1560 5037 in
1615 4982 1755 5036 hunc
1803 4989 1894 5035 aut

294 5091 459 5144 illum
485 5103 500 5138 :
525 5100 655 5156 ergo
682 5084 733 5138 in
761 5099 859 5137 nos
887 5097 1120 5152 qtluque.
1153 5080 1206 5134 5.
1244 5077 1463 5147 Propter
1487 5091 1648 5145 spem,
1677 5089 1789 5144 qua:
1816 5088 1870 5126 re

295 5180 480 5252 posita
499 5187 574 5231 est
608 5176 746 5229 vobis
781 5176 833 5228 in
861 5173 1018 5227 castis.
1061 5172 1257 5227 Futura
1280 5211 1294 5235 ,
1325 5168 1528 5238 inquit,
1576 5167 1736 5220 bona.
1784 5163 1894 5218 Iluc

293 5272 572 5327 adversus
597 5269 940 5332 tentationes,
968 5282 1034 5321 ne
1062 5266 1146 5319 hic
1174 5279 1382 5334 quoque
1403 5272 1642 5332 qtttetant
1663 5259 1893 5329 quietem

294 5374 356 5421 ct
382 5346 582 5419 otium.
611 5361 742 5416 Nam
772 5375 838 5415 ne
862 5358 1123 5430 quispiam
1150 5357 1350 5409 diceret
1376 5371 1390 5408 :
1424 5353 1490 5408 Et
1517 5352 1641 5420 quid
1673 5349 1804 5404 lucri
1829 5349 1893 5404 ad

297 5477 402 5516 eos
423 5459 569 5514 redit
594 5473 660 5512 ex
685 5455 971 5510 dilectione
1003 5453 1052 5506 in
1082 5459 1292 5505 sanctos
1313 5491 1326 5508 .
1355 5463 1475 5502 cum
1509 5447 1606 5514 ipsi
1634 5453 1896 5513 angantur

298 5566 357 5610 et
385 5552 582 5607 dolore
601 5547 941 5603 afﬁciantur?
963 5544 1251 5605 Laetamur,
1283 5542 1468 5611 inquit,
1501 5537 1642 5609 quod
1674 5537 1724 5591 in
1753 5536 1897 5591 cadis

301 5659 505 5714 magna
536 5652 592 5696 ct
623 5641 873 5710 pra-clara
923 5637 1075 5691 vobis
1115 5633 1429 5689 conciliatis.
1479 5630 1698 5693 Propter
1736 5643 1894 5692 spem,

305 5737 508 5806 inquit,
563 5733 848 5802 repositam.
884 5731 1014 5788 Rem
1047 5727 1276 5784 ostendit
1308 5725 1513 5781 ﬁrmam
1544 5734 1596 5779 ct
1628 5721 1892 5782 stabilem.

1180 289 1243 345 ΙΝ
1284 287 1498 344 EPIST.
1543 286 1634 341 AD
1673 282 1952 340 COLOSS.
1993 282 2144 339 CAP.
2189 283 2228 337 I.
2272 282 2502 340 HOMIL.
2543 281 2584 340 1.

3457 290 3561 347 302

1984 400 2150 463 Quam
2187 401 2421 457 audiistis
2460 405 2512 456 in
2553 404 2700 460 verbo
2742 407 2984 462 veritatis.
3035 407 3148 464 Hoc
3194 409 3338 465 dicto
3388 415 3557 480 carpit

1982 491 2121 557 illos,
2149 493 2288 560 quod
2310 509 2428 548 cum
2459 496 2616 565 longo
2648 507 2888 568 tempore
2915 516 3033 556 eam
3063 502 3364 563 habuerint.
3388 503 3560 560 desci-

1981 583 2155 637 verint
2181 593 2234 638 et
2261 585 2366 640 sint
2389 589 2593 642 mutati.
2627 588 2792 653 Quam
2814 593 2974 661 prius,
3006 593 3213 664 inquit,
3246 595 3480 650 audiistis
3509 598 3562 650 in

1979 675 2126 728 verbo
2150 677 2371 730 veritatis
2397 680 2662 748 evangelii.
2692 681 2758 735 Et
2799 682 2921 750 jure
2963 687 3130 740 verho
3168 685 3269 741 fert
3315 689 3548 742 testimo-

1979 766 2124 820 nium
2154 769 2425 832 veritatis,
2459 771 2600 840 quod
2633 773 2683 826 in
2715 789 2780 828 eo
2810 775 2938 829 nihil
2978 776 3049 830 sit
3093 777 3231 832 falsi.
3273 779 3556 852 Evangelii.

1977 857 2093 913 Non
2121 860 2270 926 dicit,
2305 862 2722 930 Prmdicationis,
2756 865 2850 920 sed
2877 877 3028 922 vocat
3054 871 3411 940 evangelium,
3439 889 3562 943 per-

1979 959 2142 1018 petuo
2167 952 2246 1006 eis
2293 953 2345 1006 in
2390 956 2700 1009 memoriam
2732 972 2992 1012 revocans
3023 961 3114 1015 Dei
3158 961 3456 1028 beneﬁcia;
3506 974 3561 1020 et

1977 1055 2098 1094 cum
2126 1056 2219 1096 eos
2251 1044 2395 1110 prius
2424 1043 2712 1108 laudasset.
2744 1055 2869 1103 tunc
2897 1048 3011 1104 lucc
3032 1061 3248 1108 revocat
3273 1053 3322 1107 in
3353 1071 3560 1110 inemo-

1977 1133 2131 1187 riam.
2161 1134 2213 1188 6.
2249 1135 2399 1201 Quod
2435 1139 2658 1205 pervenit
2703 1139 2772 1191 ad
2817 1154 2926 1204 vos,
2970 1141 3099 1194 sicut
3142 1153 3190 1196 et
3231 1145 3285 1198 in
3329 1147 3562 1202 universo

1976 1227 2182 1280 mando.
2204 1226 2320 1281 Jam
2342 1228 2420 1282 eis
2435 1230 2780 1298 gratiﬁcatur.
2806 1231 2957 1298 Quod
2977 1236 3197 1302 pervenit
3221 1247 3418 1302 autem,
3434 1240 3562 1294 dicit

1977 1317 2361 1386 metaphorice.
2383 1318 2495 1372 Non
2526 1321 2668 1374 enim
2690 1323 2918 1376 accessit
2943 1332 2996 1377 et
3023 1325 3264 1390 recessit,
3290 1327 3381 1382 sed
3411 1345 3560 1383 man-

1975 1410 2046 1464 sit
2073 1419 2125 1464 et
2151 1419 2233 1465 est
2256 1410 2381 1465 illic.
2414 1412 2616 1468 Deinde
2641 1415 2892 1483 quoniam
2923 1415 3153 1470 maxime
3179 1418 3563 1475 conﬁrmantur

1975 1501 2127 1555 multi
2157 1517 2220 1556 ex
2247 1516 2314 1556 eo
2334 1545 2348 1568 ,
2373 1503 2516 1570 quod
2553 1505 2751 1560 multos
2781 1505 3012 1561 habeant
3033 1506 3338 1578 dogmatum
3365 1513 3560 1575 socios,

1975 1603 2257 1662 propterea
2285 1594 2558 1662 subjunxit
2586 1614 2599 1650 :
2635 1596 2785 1650 Sicut
2808 1607 2856 1651 et
2879 1599 2934 1650 in
2954 1600 3182 1654 universo
3204 1603 3410 1656 mundo.
3437 1602 3564 1658 Ubi-

1973 1699 2078 1753 que
2105 1684 2277 1745 adest,
2311 1685 2500 1753 inquit,
2527 1686 2723 1756 ubique
2748 1687 3078 1743 dominatum
3111 1692 3341 1757 obtinet,
3366 1693 3563 1764 ubique

1973 1783 2097 1828 stat.
2126 1774 2190 1828 Et
2221 1775 2494 1843 fructiﬁcat
2523 1788 2569 1831 et
2595 1779 2790 1843 crescit,
2819 1780 2948 1834 sicut
2977 1781 3030 1834 in
3061 1783 3219 1836 vobis.
3255 1783 3560 1840 Fructiﬁcat

1977 1880 2072 1935 per
2091 1880 2273 1935 opera,
2300 1877 2524 1936 augetur
2547 1868 2688 1936 quod
2717 1870 2915 1924 multos
2936 1880 3194 1938 assumat,
3225 1873 3364 1942 quod
3395 1877 3561 1944 magis

1975 1958 2216 2014 ﬁrmetur
2245 1974 2308 2014 ac
2334 1960 2654 2015 stabiliatur.
2703 1961 2910 2016 Etenim
2945 1965 3140 2032 planta:
3182 1981 3396 2036 quoque
3437 1978 3561 2022 tunc

1972 2051 2154 2106 densa:
2181 2052 2328 2112 ﬁunt.
2358 2053 2572 2122 quando
2599 2054 2771 2122 planta
2803 2053 2962 2109 fuerit
2989 2055 3194 2110 ﬁrmata
3219 2073 3282 2111 ac
3304 2058 3554 2113 stabilita.

1973 2143 2117 2198 Sicut
2144 2145 2197 2198 in
2227 2144 2380 2198 vobis.
2409 2145 2719 2200 Auditorem
2750 2146 2994 2202 laudibus
3022 2159 3374 2217 prmoccurat.
3405 2160 3462 2204 ut
3493 2167 3559 2204 nc

1975 2237 2172 2291 invitus
2200 2238 2436 2292 recedat.
2471 2236 2556 2292 Ex
2579 2254 2639 2291 ea
2665 2238 2748 2292 die
2765 2255 2866 2306 qua
2890 2239 3175 2295 audivistis.
3207 2242 3298 2296 Est
3320 2241 3561 2296 mirabile

1973 2328 2113 2394 quod
2141 2329 2250 2382 cito
2277 2329 2580 2384 accessistis
2606 2339 2660 2383 et
2681 2330 2984 2384 credidistis
3008 2373 3022 2397 ,
3051 2340 3107 2387 et
3135 2332 3315 2387 statim
3346 2348 3375 2386 a
3407 2333 3557 2401 prin-

1973 2419 2111 2488 cipio
2135 2419 2336 2473 fructus
2362 2419 2690 2473 ostendistis.
2712 2420 2756 2472 A
2779 2437 2878 2486 quo
2901 2422 2984 2474 die
3004 2423 3286 2485 audivistis,
3311 2432 3358 2477 et
3378 2439 3563 2494 cogno-

1973 2510 2113 2564 vistis
2132 2510 2350 2579 gratiam
2375 2509 2472 2563 Dei
2511 2511 2561 2563 in
2601 2511 2826 2563 veritate.
2851 2510 2966 2564 Non
2992 2512 3042 2565 in
3070 2527 3340 2577 sermone,
3369 2513 3557 2583 inquit,

1976 2616 2148 2668 neque
2191 2601 2241 2654 in
2283 2600 2595 2669 deceptione
2620 2641 2634 2663 ,
2668 2601 2765 2654 scd
2806 2601 2856 2654 in
2901 2601 3030 2670 ipsis
3073 2601 3246 2656 factis.
3289 2603 3399 2658 lloc
3433 2621 3562 2674 ergo

1977 2693 2469 2761 dicit,l“ractiﬁcat;
2509 2693 2594 2746 vel
2637 2693 2785 2762 signa
2835 2701 2890 2747 et
2939 2694 3191 2748 miracula
3221 2695 3363 2764 quod
3403 2697 3558 2749 simul

1977 2783 2276 2854 accepistis,
2309 2794 2356 2840 et
2382 2784 2606 2855 gratiam
2623 2784 2712 2840 Dei
2732 2783 3074 2855 cognovistis.
3100 2785 3230 2840 Cum
3262 2799 3389 2856 ergo
3411 2800 3559 2838 suam

1978 2876 2154 2929 statim
2199 2875 2510 2929 ostenderat
2541 2875 2785 2929 virtutem
2809 2917 2821 2934 .
2851 2875 3122 2946 quomodo
3153 2891 3258 2928 non
3303 2886 3384 2930 est
3417 2875 3560 2930 difﬁ-

1978 2966 2080 3020 cile
2119 2975 2176 3020 ut
2199 2965 2249 3021 ei
2280 2980 2420 3020 nunc
2460 2981 2564 3020 non
2612 2965 2899 3020 credatur?
2937 2967 2988 3020 7.
3023 2965 3168 3020 Sicut
3211 2965 3459 3019 didicistis
3499 2967 3558 3021 ab

1981 3056 2230 3127 Epaphra
2250 3059 2511 3112 carissimo
2533 3074 2770 3112 conservo
2791 3068 2982 3112 nostro.
3013 3059 3143 3111 Eum
3170 3058 3461 3113 verisimile
3480 3070 3564 3114 est

1981 3150 2088 3203 illic
2115 3149 2431 3218 praedicasse
2465 3171 2478 3206 :
2510 3149 2769 3204 didicistis
2810 3150 3161 3218 evangelium.
3214 3149 3415 3204 Deinde
3463 3165 3556 3205 os-

1985 3239 2209 3295 tendens
2237 3256 2356 3294 eum
2376 3255 2496 3295 esse
2523 3240 2626 3295 ﬁde
2645 3240 2886 3310 dignum,
2910 3239 3042 3294 dicit
3066 3259 3078 3293 :
3101 3239 3352 3294 Conserva
3369 3251 3559 3295 nostro.

1987 3333 2088 3396 Qui
2113 3341 2182 3386 est
2209 3332 2375 3400 fidelis
2406 3348 2496 3400 pro
2521 3331 2658 3385 vobis
2688 3333 2913 3385 minister
2941 3331 3156 3398 Christi,
3185 3333 3239 3387 8.
3286 3333 3374 3402 qui
3413 3333 3564 3385 etiam

1983 3426 2319 3496 manifestavit
2362 3424 2504 3480 nobis
2537 3425 2855 3479 dilectionem
2884 3435 3099 3478 vestram
3145 3426 3196 3477 in
3240 3426 3440 3492 spiritu.
3487 3424 3564 3479 Ne

1983 3519 2257 3584 dubitetis,
2290 3518 2496 3588 inquit,
2528 3518 2596 3572 de
2627 3531 2722 3585 spe
2767 3517 2936 3570 l'utura
2971 3534 2984 3570 :
3018 3515 3209 3570 videtis
3239 3517 3421 3570 orbem
3455 3524 3563 3569 ter-

1985 3627 2166 3667 rarum
2194 3609 2454 3666 converti.
2492 3607 2562 3662 Et
2601 3605 2729 3678 quid
2757 3621 2891 3677 opus
2921 3614 3005 3659 est
3048 3605 3231 3660 dicere
3271 3621 3389 3674 qua:
3437 3605 3569 3658 ﬁunt

1987 3703 2125 3756 inter
2151 3701 2325 3754 alios?
2351 3715 2470 3768 qmc
2498 3706 2624 3752 sunt
2655 3699 2792 3752 inter
2815 3710 2910 3750 vos
2942 3696 3110 3764 ipsos,
3139 3703 3263 3748 sunt
3290 3696 3400 3763 ipsa
3437 3709 3569 3764 quo-

1985 3809 2089 3862 que
2111 3792 2227 3846 sine
2258 3791 2360 3845 illis
2389 3789 2492 3845 ﬁde
2520 3789 2701 3860 digna.
2727 3787 3038 3858 Cognovistis
3064 3787 3206 3841 enim
3233 3786 3331 3840 Dei
3352 3787 3567 3855 gratiam

1987 3885 2037 3940 iu
2065 3886 2303 3948 veritate;
2336 3883 2437 3938 huc
2465 3891 2578 3948 est,
2615 3881 2668 3936 in
2713 3881 2886 3935 lactis.
2919 3879 3277 3948 Quamobrem
3311 3878 3418 3932 duo
3446 3887 3572 3932 sunt

1987 3993 2105 4047 quae
2131 3975 2306 4028 futura
2332 3974 2670 4036 conlirment,
2703 3982 2758 4026 et
2780 3971 2921 4042 quod
2943 3984 3132 4025 omnes
3146 3968 3495 4034 crediderint,
3520 3979 3574 4023 et

1987 4068 2128 4138 quod
2160 4083 2255 4122 vos
2287 4086 2299 4119 :
2330 4075 2385 4122 et
2415 4082 2519 4120 non
2551 4066 2652 4119 alia
2681 4063 2894 4132 quidem
2925 4062 3060 4118 facta
3086 4071 3230 4123 sunt,
3263 4061 3362 4116 alia
3391 4069 3567 4115 autem

1989 4159 2120 4214 dixit
2151 4157 2444 4229 Epaphras.
2481 4155 2579 4220 Qui
2626 4165 2698 4208 est
2723 4194 2738 4220 ,
2763 4154 2953 4222 inquit,
2983 4151 3191 4221 ﬁdelis;
3219 4150 3319 4202 hoc
3346 4158 3448 4211 est,
3479 4164 3563 4202 ve-

1991 4265 2107 4304 rax.
2133 4247 2434 4314 Quomodo,
2465 4244 2570 4298 Pro
2590 4245 2726 4298 vobis
2744 4244 3004 4296 minister?
3023 4241 3176 4307 Quod
3199 4239 3262 4292 ad
3290 4239 3462 4306 ipsum
3486 4253 3573 4293 ειε-

1990 4343 2246 4403 cess-erit,
2281 4349 2335 4393 et
2375 4339 2550 4403 nobis,
2599 4337 2801 4405 inquit,
2842 4335 3136 4390 ostenderit
3178 4341 3408 4386 vestram
3437 4329 3570 4382 di|e~

1998 4433 2231 4488 ctioncm
2259 4429 2310 4482 in
2343 4428 2566 4498 spiritu;
2597 4427 2698 4480 hoc
2720 4423 3156 4493 est,spiritualetn
3184 4423 3234 4476 in
3263 4435 3381 4475 nos.
3405 4419 3461 4474 Si
3488 4418 3574 4471 hic

1995 4532 2077 4579 est
2105 4520 2302 4578 Christi
2343 4519 2614 4580 minister.
2638 4515 2909 4588 quomodo
2945 4515 3124 4569 dicitis
3163 4527 3257 4566 vos
3296 4510 3490 4567 adduci
3519 4517 3576 4566 et

1995 4614 2268 4672 conciliari
2296 4629 2393 4683 per
2416 4611 2675 4681 angelos?
2707 4608 2806 4674 Qui
2833 4606 2972 4661 nobis
2992 4606 3163 4670 etiam,
3195 4603 3384 4674 inquit,
3406 4602 3572 4654 mani-

1996 4709 2194 4780 {estavit
2225 4706 2538 4760 dilectionem
2566 4711 2778 4755 vestram
2819 4699 2873 4752 in
2899 4697 3103 4764 spiritu.
3143 4695 3268 4750 Ηίεε
3293 4703 3374 4749 cst
3398 4692 3573 4748 admi-

1996 4798 2180 4856 rabilis
2208 4797 2464 4865 ﬁrmaque
2487 4803 2540 4847 et
2560 4789 2764 4846 stabilis
2782 4788 2998 4843 dilectio
3027 4803 3039 4839 :
3075 4801 3195 4840 nam
3213 4785 3330 4839 alia:
3357 4782 3570 4854 quidem

1997 4893 2169 4947 solum
2197 4888 2395 4942 habent
2424 4899 2616 4939 nomen
2643 4881 2962 4936 dilectionis.
3003 4878 3140 4934 Sunt
3175 4885 3350 4932 antem
3381 4875 3574 4944 aliqua:

2000 5000 2103 5039 non
2128 4977 2468 5050 bujusmodi;
2500 4974 2592 5028 sed
2622 4989 2726 5027 non
2753 4981 2838 5028 est
2880 4972 2984 5027 hoc
3021 4969 3290 5027 amicitia:
3313 4964 3574 5037 quamobv

1997 5090 2110 5131 rem
2132 5087 2195 5127 ea
2223 5078 2307 5125 est
2333 5067 2486 5124 facile
2505 5064 2851 5120 dissolubilis.

2069 5167 2123 5220 3.
2157 5161 2504 5216 Amicitiarum
2535 5157 2676 5210 varia
2705 5170 2906 5226 genera.
2939 5182 3009 5194 ——
3037 5151 3212 5206 Multa:
3253 5157 3377 5202 sunt
3416 5159 3575 5200 occa.

2000 5258 2180 5312 siones
2203 5247 2550 5308 concilianda:
2577 5245 2828 5301 amicitiae
2857 5263 2871 5298 :
2901 5253 2956 5298 ct
2982 5252 3164 5309 turpes
3191 5237 3407 5309 quidem
3435 5250 3576 5307 prus.

2003 5348 2360 5405 termittemus
2388 5359 2402 5396 :
2437 5355 2596 5396 nemo
2615 5340 2756 5394 enim
2781 5336 2934 5392 nobis
2953 5331 3164 5402 objiciet
3186 5331 3301 5386 illas
3327 5344 3433 5384 non
3459 5342 3581 5383 esse

2001 5439 2204 5498 malas;
2235 5434 2328 5490 sed
2351 5433 2394 5487 si
2411 5431 2593 5496 vultis,
2623 5430 2676 5484 in
2705 5427 2936 5482 medium
2965 5423 3290 5478 adducamus
3309 5421 3581 5475 naturales

2002 5540 2057 5586 et
2084 5544 2204 5600 qua:
2237 5525 2303 5580 ad
2334 5525 2470 5577 hanc
2505 5522 2665 5574 vitam
2691 5515 2949 5588 agendam
2977 5511 3265 5583 pertinent.
3295 5511 3470 5580 Atque
3496 5509 3580 5563 ha:

2003 5620 2217 5691 quidem
2245 5615 2310 5670 ad
2340 5614 2476 5667 hanc
2503 5611 2662 5665 vitam
2693 5607 2960 5680 pertinent
2985 5622 2999 5658 :
3025 5603 3171 5659 verbi
3210 5602 3379 5672 gratia
3404 5639 3420 5666 ,
3459 5615 3582 5655 cum

2010 5716 2076 5772 de
2098 5713 2274 5784 aliquo
2299 5705 2561 5780 quispiam
2592 5713 2673 5760 est
2714 5702 2846 5758 bene
2884 5699 3138 5765 meritus,
3185 5711 3307 5755 cum
3352 5694 3580 5752 amicum
