  <div class='ocr_page' id='page_1' title='image "/cluster/home/n/w/nwhite01/storage/ocr_20150623/62/hvd.32044054086319/307.png"; bbox 0 0 4064 6210; ppageno 0'>
   <div class='ocr_carea' id='block_1_1' title="bbox 553 281 659 338">
    <p class='ocr_par' dir='ltr' id='par_1_1' title="bbox 553 281 659 338">
     <span class='ocr_line' id='line_1_1' title="bbox 553 281 659 338; baseline -0.009 -1"><span class='ocrx_word' id='word_1_1' title='bbox 553 281 659 338; x_wconf 77' lang='lat'><strong>303</strong></span> 
     </span>
    </p>
   </div>
   <div class='ocr_carea' id='block_1_2' title="bbox 557 397 2140 469">
    <p class='ocr_par' dir='ltr' id='par_1_2' title="bbox 557 397 2140 469">
     <span class='ocr_line' id='line_1_2' title="bbox 557 397 2140 469; baseline 0.002 -18"><span class='ocrx_word' id='word_1_2' title='bbox 557 398 764 466; x_wconf 84' lang='lat' dir='ltr'><strong>paravit</strong></span> <span class='ocrx_word' id='word_1_3' title='bbox 789 413 820 452; x_wconf 74' lang='grc' dir='ltr'><strong>ι</strong></span> <span class='ocrx_word' id='word_1_4' title='bbox 849 397 1161 469; x_wconf 85' lang='lat' dir='ltr'><strong>majoribus,</strong></span> <span class='ocrx_word' id='word_1_5' title='bbox 1190 415 1312 455; x_wconf 88' lang='lat' dir='ltr'><strong>cum</strong></span> <span class='ocrx_word' id='word_1_6' title='bbox 1333 400 1434 455; x_wconf 90' lang='lat' dir='ltr'><strong>fuit</strong></span> <span class='ocrx_word' id='word_1_7' title='bbox 1451 401 1631 456; x_wconf 86' lang='lat' dir='ltr'><strong>socius</strong></span> <span class='ocrx_word' id='word_1_8' title='bbox 1654 415 1854 456; x_wconf 68' lang='lat' dir='ltr'><strong>mensae</strong></span> <span class='ocrx_word' id='word_1_9' title='bbox 1879 409 2140 469; x_wconf 87' lang='lat' dir='ltr'><strong>autpere-</strong></span> 
     </span>
    </p>
   </div>
   <div class='ocr_carea' id='block_1_3' title="bbox 552 488 2142 562">
    <p class='ocr_par' dir='ltr' id='par_1_3' title="bbox 552 488 2142 562">
     <span class='ocr_line' id='line_1_3' title="bbox 552 488 2142 562; baseline 0.002 -21"><span class='ocrx_word' id='word_1_10' title='bbox 552 488 890 558; x_wconf 79' lang='lat' dir='ltr'><strong>griuationis,</strong></span> <span class='ocrx_word' id='word_1_11' title='bbox 921 499 1016 546; x_wconf 83' lang='lat' dir='ltr'><strong>aut</strong></span> <span class='ocrx_word' id='word_1_12' title='bbox 1041 500 1127 546; x_wconf 86' lang='lat' dir='ltr'><strong>est</strong></span> <span class='ocrx_word' id='word_1_13' title='bbox 1147 491 1353 546; x_wconf 90' lang='lat' dir='ltr'><strong>vicinus</strong></span> <span class='ocrx_word' id='word_1_14' title='bbox 1374 510 1388 547; x_wconf 88' lang='lat'><strong>:</strong></span> <span class='ocrx_word' id='word_1_15' title='bbox 1407 502 1532 546; x_wconf 92' lang='lat' dir='ltr'><strong>sunt</strong></span> <span class='ocrx_word' id='word_1_16' title='bbox 1557 490 1639 546; x_wconf 72' lang='lat' dir='ltr'><strong>hae</strong></span> <span class='ocrx_word' id='word_1_17' title='bbox 1662 506 1874 562; x_wconf 84' lang='lat' dir='ltr'><strong>quoque</strong></span> <span class='ocrx_word' id='word_1_18' title='bbox 1905 493 2142 562; x_wconf 72' lang='lat' dir='ltr'><strong>pulchra:</strong></span> 
     </span>
    </p>
   </div>
   <div class='ocr_carea' id='block_1_4' title="bbox 552 579 2140 654">
    <p class='ocr_par' dir='ltr' id='par_1_4' title="bbox 552 579 2140 654">
     <span class='ocr_line' id='line_1_4' title="bbox 552 579 2140 654; baseline 0.004 -22"><span class='ocrx_word' id='word_1_19' title='bbox 552 589 606 632; x_wconf 88' lang='lat' dir='ltr'><strong>et</strong></span> <span class='ocrx_word' id='word_1_20' title='bbox 639 579 879 635; x_wconf 33' lang='lat' dir='ltr'><strong>honestae</strong></span> <span class='ocrx_word' id='word_1_21' title='bbox 911 597 925 634; x_wconf 93' lang='lat'><strong>:</strong></span> <span class='ocrx_word' id='word_1_22' title='bbox 953 591 1045 636; x_wconf 89' lang='lat' dir='ltr'><strong>aut</strong></span> <span class='ocrx_word' id='word_1_23' title='bbox 1079 590 1163 636; x_wconf 91' lang='lat' dir='ltr'><strong>est</strong></span> <span class='ocrx_word' id='word_1_24' title='bbox 1191 580 1430 652; x_wconf 87' lang='lat' dir='ltr'><strong>ejusdem</strong></span> <span class='ocrx_word' id='word_1_25' title='bbox 1471 583 1602 636; x_wconf 86' lang='lat' dir='ltr'><strong>artis</strong></span> <span class='ocrx_word' id='word_1_26' title='bbox 1631 599 1645 638; x_wconf 93' lang='lat'><strong>:</strong></span> <span class='ocrx_word' id='word_1_27' title='bbox 1674 593 1834 653; x_wconf 90' lang='lat' dir='ltr'><strong>atque</strong></span> <span class='ocrx_word' id='word_1_28' title='bbox 1865 582 1982 638; x_wconf 73' lang='lat' dir='ltr'><strong>ham</strong></span> <span class='ocrx_word' id='word_1_29' title='bbox 2025 585 2140 654; x_wconf 85' lang='lat' dir='ltr'><strong>qui-</strong></span> 
     </span>
    </p>
   </div>
   <div class='ocr_carea' id='block_1_5' title="bbox 552 669 2137 737">
    <p class='ocr_par' dir='ltr' id='par_1_5' title="bbox 552 669 2137 737">
     <span class='ocr_line' id='line_1_5' title="bbox 552 669 2137 737; baseline 0.004 -14"><span class='ocrx_word' id='word_1_30' title='bbox 552 669 675 724; x_wconf 85' lang='lat' dir='ltr'><strong>dem</strong></span> <span class='ocrx_word' id='word_1_31' title='bbox 730 687 835 726; x_wconf 93' lang='lat' dir='ltr'><strong>non</strong></span> <span class='ocrx_word' id='word_1_32' title='bbox 891 681 974 726; x_wconf 91' lang='lat' dir='ltr'><strong>est</strong></span> <span class='ocrx_word' id='word_1_33' title='bbox 1020 672 1268 737; x_wconf 88' lang='lat' dir='ltr'><strong>sincera;</strong></span> <span class='ocrx_word' id='word_1_34' title='bbox 1333 672 1494 728; x_wconf 87' lang='lat' dir='ltr'><strong>habet</strong></span> <span class='ocrx_word' id='word_1_35' title='bbox 1545 674 1692 728; x_wconf 89' lang='lat' dir='ltr'><strong>enim</strong></span> <span class='ocrx_word' id='word_1_36' title='bbox 1741 675 2137 730; x_wconf 61' lang='lat' dir='ltr'><strong>aemulationem</strong></span> 
     </span>
    </p>
   </div>
   <div class='ocr_carea' id='block_1_6' title="bbox 557 763 2137 838">
    <p class='ocr_par' dir='ltr' id='par_1_6' title="bbox 557 763 2137 838">
     <span class='ocr_line' id='line_1_6' title="bbox 557 763 2137 838; baseline 0.006 -24"><span class='ocrx_word' id='word_1_37' title='bbox 557 763 838 830; x_wconf 82' lang='lat' dir='ltr'><strong>quamdam</strong></span> <span class='ocrx_word' id='word_1_38' title='bbox 865 772 920 818; x_wconf 94' lang='lat' dir='ltr'><strong>et</strong></span> <span class='ocrx_word' id='word_1_39' title='bbox 944 764 1221 818; x_wconf 84' lang='lat' dir='ltr'><strong>invidiam.</strong></span> <span class='ocrx_word' id='word_1_40' title='bbox 1251 764 1533 821; x_wconf 84' lang='lat' dir='ltr'><strong>Naturales</strong></span> <span class='ocrx_word' id='word_1_41' title='bbox 1559 776 1738 820; x_wconf 84' lang='lat' dir='ltr'><strong>autem</strong></span> <span class='ocrx_word' id='word_1_42' title='bbox 1758 807 1773 832; x_wconf 89' lang='lat'><strong>,</strong></span> <span class='ocrx_word' id='word_1_43' title='bbox 1808 777 1866 821; x_wconf 85' lang='grc' dir='ltr'><strong>ιιι</strong></span> <span class='ocrx_word' id='word_1_44' title='bbox 1891 778 2015 836; x_wconf 87' lang='lat' dir='ltr'><strong>puta</strong></span> <span class='ocrx_word' id='word_1_45' title='bbox 2046 782 2137 838; x_wconf 87' lang='lat' dir='ltr'><strong>pa-</strong></span> 
     </span>
    </p>
   </div>
   <div class='ocr_carea' id='block_1_7' title="bbox 553 854 2134 929">
    <p class='ocr_par' dir='ltr' id='par_1_7' title="bbox 553 854 2134 929">
     <span class='ocr_line' id='line_1_7' title="bbox 553 854 2134 929; baseline 0.006 -24"><span class='ocrx_word' id='word_1_46' title='bbox 553 857 650 908; x_wconf 89' lang='lat' dir='ltr'><strong>tris</strong></span> <span class='ocrx_word' id='word_1_47' title='bbox 681 869 804 923; x_wconf 78' lang='lat' dir='ltr'><strong>erga</strong></span> <span class='ocrx_word' id='word_1_48' title='bbox 827 854 1015 922; x_wconf 88' lang='lat' dir='ltr'><strong>filium,</strong></span> <span class='ocrx_word' id='word_1_49' title='bbox 1036 855 1128 910; x_wconf 89' lang='lat' dir='ltr'><strong>filii</strong></span> <span class='ocrx_word' id='word_1_50' title='bbox 1150 871 1274 926; x_wconf 76' lang='lat' dir='ltr'><strong>erga</strong></span> <span class='ocrx_word' id='word_1_51' title='bbox 1299 867 1524 926; x_wconf 82' lang='lat' dir='ltr'><strong>patrem,</strong></span> <span class='ocrx_word' id='word_1_52' title='bbox 1543 859 1724 915; x_wconf 81' lang='lat' dir='ltr'><strong>fratris</strong></span> <span class='ocrx_word' id='word_1_53' title='bbox 1741 875 1866 929; x_wconf 81' lang='lat' dir='ltr'><strong>erga</strong></span> <span class='ocrx_word' id='word_1_54' title='bbox 1891 859 2134 928; x_wconf 77' lang='lat' dir='ltr'><strong>fratrem,</strong></span> 
     </span>
    </p>
   </div>
   <div class='ocr_carea' id='block_1_8' title="bbox 546 948 2133 1021">
    <p class='ocr_par' dir='ltr' id='par_1_8' title="bbox 546 948 2133 1021">
     <span class='ocr_line' id='line_1_8' title="bbox 546 948 2133 1021; baseline 0.006 -24"><span class='ocrx_word' id='word_1_55' title='bbox 546 948 631 997; x_wconf 84' lang='lat' dir='ltr'><strong>avi</strong></span> <span class='ocrx_word' id='word_1_56' title='bbox 661 959 785 1015; x_wconf 80' lang='lat' dir='ltr'><strong>erga</strong></span> <span class='ocrx_word' id='word_1_57' title='bbox 817 956 1086 1016; x_wconf 88' lang='lat' dir='ltr'><strong>nepotem,</strong></span> <span class='ocrx_word' id='word_1_58' title='bbox 1120 949 1309 1004; x_wconf 88' lang='lat' dir='ltr'><strong>matris</strong></span> <span class='ocrx_word' id='word_1_59' title='bbox 1337 964 1463 1021; x_wconf 78' lang='lat' dir='ltr'><strong>erga</strong></span> <span class='ocrx_word' id='word_1_60' title='bbox 1484 949 1665 1016; x_wconf 83' lang='lat' dir='ltr'><strong>ﬁlios;</strong></span> <span class='ocrx_word' id='word_1_61' title='bbox 1689 952 1733 1006; x_wconf 91' lang='lat' dir='ltr'><strong>si</strong></span> <span class='ocrx_word' id='word_1_62' title='bbox 1754 953 1914 1008; x_wconf 87' lang='lat' dir='ltr'><strong>vultis</strong></span> <span class='ocrx_word' id='word_1_63' title='bbox 1933 962 2133 1021; x_wconf 89' lang='lat' dir='ltr'><strong>autem,</strong></span> 
     </span>
    </p>
   </div>
   <div class='ocr_carea' id='block_1_9' title="bbox 550 1039 2133 1112">
    <p class='ocr_par' dir='ltr' id='par_1_9' title="bbox 550 1039 2133 1112">
     <span class='ocr_line' id='line_1_9' title="bbox 550 1039 2133 1112; baseline 0.006 -21"><span class='ocrx_word' id='word_1_64' title='bbox 550 1039 732 1092; x_wconf 80' lang='lat' dir='ltr'><strong>uxoris</strong></span> <span class='ocrx_word' id='word_1_65' title='bbox 758 1055 969 1111; x_wconf 84' lang='lat' dir='ltr'><strong>quoque</strong></span> <span class='ocrx_word' id='word_1_66' title='bbox 998 1057 1124 1112; x_wconf 77' lang='lat' dir='ltr'><strong>erga</strong></span> <span class='ocrx_word' id='word_1_67' title='bbox 1147 1045 1398 1098; x_wconf 90' lang='lat' dir='ltr'><strong>maritum</strong></span> <span class='ocrx_word' id='word_1_68' title='bbox 1428 1060 1442 1097; x_wconf 89' lang='lat'><strong>:</strong></span> <span class='ocrx_word' id='word_1_69' title='bbox 1475 1057 1665 1099; x_wconf 90' lang='lat' dir='ltr'><strong>omnes</strong></span> <span class='ocrx_word' id='word_1_70' title='bbox 1690 1046 1833 1100; x_wconf 89' lang='lat' dir='ltr'><strong>enim</strong></span> <span class='ocrx_word' id='word_1_71' title='bbox 1855 1048 2133 1100; x_wconf 89' lang='lat' dir='ltr'><strong>matrimo-</strong></span> 
     </span>
    </p>
   </div>
   <div class='ocr_carea' id='block_1_10' title="bbox 503 1109 2135 1204">
    <p class='ocr_par' dir='ltr' id='par_1_10' title="bbox 503 1109 2135 1204">
     <span class='ocr_line' id='line_1_10' title="bbox 503 1109 2135 1204; baseline 0.007 -23"><span class='ocrx_word' id='word_1_72' title='bbox 503 1109 506 1114; x_wconf 50' lang='grc'><em>’</em></span> <span class='ocrx_word' id='word_1_73' title='bbox 550 1129 722 1185; x_wconf 91' lang='lat' dir='ltr'><strong>uiales</strong></span> <span class='ocrx_word' id='word_1_74' title='bbox 746 1109 974 1187; x_wconf 12' lang='lat' dir='ltr'><strong>suntﬁad</strong></span> <span class='ocrx_word' id='word_1_75' title='bbox 1015 1109 1180 1188; x_wconf 75' lang='lat' dir='ltr'><strong>vitam</strong></span> <span class='ocrx_word' id='word_1_76' title='bbox 1221 1135 1550 1204; x_wconf 72' lang='lat' dir='ltr'><strong>pertinentes</strong></span> <span class='ocrx_word' id='word_1_77' title='bbox 1597 1145 1653 1191; x_wconf 89' lang='lat' dir='ltr'><strong>et</strong></span> <span class='ocrx_word' id='word_1_78' title='bbox 1697 1145 2001 1192; x_wconf 83' lang='lat' dir='ltr'><strong>terrestres.</strong></span> <span class='ocrx_word' id='word_1_79' title='bbox 2041 1137 2135 1192; x_wconf 72' lang='lat' dir='ltr'><strong>Ha:</strong></span> 
     </span>
    </p>
   </div>
   <div class='ocr_carea' id='block_1_11' title="bbox 546 1222 2136 1289">
    <p class='ocr_par' dir='ltr' id='par_1_11' title="bbox 546 1222 2136 1289">
     <span class='ocr_line' id='line_1_11' title="bbox 546 1222 2136 1289; baseline 0.007 -16"><span class='ocrx_word' id='word_1_80' title='bbox 546 1222 759 1289; x_wconf 86' lang='lat' dir='ltr'><strong>quidem</strong></span> <span class='ocrx_word' id='word_1_81' title='bbox 803 1223 1055 1280; x_wconf 91' lang='lat' dir='ltr'><strong>videntur</strong></span> <span class='ocrx_word' id='word_1_82' title='bbox 1090 1224 1193 1279; x_wconf 82' lang='lat' dir='ltr'><strong>illis</strong></span> <span class='ocrx_word' id='word_1_83' title='bbox 1221 1240 1342 1281; x_wconf 88' lang='lat' dir='ltr'><strong>esse</strong></span> <span class='ocrx_word' id='word_1_84' title='bbox 1373 1227 1800 1283; x_wconf 82' lang='lat' dir='ltr'><strong>vehementiores</strong></span> <span class='ocrx_word' id='word_1_85' title='bbox 1840 1247 1853 1282; x_wconf 91' lang='lat'><strong>:</strong></span> <span class='ocrx_word' id='word_1_86' title='bbox 1888 1229 2136 1284; x_wconf 89' lang='lat' dir='ltr'><strong>videntur</strong></span> 
     </span>
    </p>
   </div>
   <div class='ocr_carea' id='block_1_12' title="bbox 546 1314 2132 1389">
    <p class='ocr_par' dir='ltr' id='par_1_12' title="bbox 546 1314 2132 1389">
     <span class='ocr_line' id='line_1_12' title="bbox 546 1314 2132 1389; baseline 0.007 -25"><span class='ocrx_word' id='word_1_87' title='bbox 546 1324 748 1378; x_wconf 87' lang='lat' dir='ltr'><strong>autem,</strong></span> <span class='ocrx_word' id='word_1_88' title='bbox 775 1314 908 1378; x_wconf 88' lang='lat' dir='ltr'><strong>dixi,</strong></span> <span class='ocrx_word' id='word_1_89' title='bbox 938 1317 1059 1385; x_wconf 90' lang='lat' dir='ltr'><strong>quia</strong></span> <span class='ocrx_word' id='word_1_90' title='bbox 1088 1331 1234 1385; x_wconf 68' lang='lat' dir='ltr'><strong>saepe</strong></span> <span class='ocrx_word' id='word_1_91' title='bbox 1275 1332 1306 1372; x_wconf 90' lang='lat' dir='ltr'><strong>a</strong></span> <span class='ocrx_word' id='word_1_92' title='bbox 1351 1318 1658 1374; x_wconf 88' lang='lat' dir='ltr'><strong>memoratis</strong></span> <span class='ocrx_word' id='word_1_93' title='bbox 1682 1328 2019 1389; x_wconf 82' lang='lat' dir='ltr'><strong>superantur.</strong></span> <span class='ocrx_word' id='word_1_94' title='bbox 2067 1321 2132 1375; x_wconf 87' lang='lat' dir='ltr'><strong>Et</strong></span> 
     </span>
    </p>
   </div>
   <div class='ocr_carea' id='block_1_13' title="bbox 546 1403 2132 1474">
    <p class='ocr_par' dir='ltr' id='par_1_13' title="bbox 546 1403 2132 1474">
     <span class='ocr_line' id='line_1_13' title="bbox 546 1403 2132 1474; baseline 0.008 -20"><span class='ocrx_word' id='word_1_95' title='bbox 546 1403 828 1471; x_wconf 88' lang='lat' dir='ltr'><strong>aliquando</strong></span> <span class='ocrx_word' id='word_1_96' title='bbox 855 1405 1072 1474; x_wconf 86' lang='lat' dir='ltr'><strong>quidem</strong></span> <span class='ocrx_word' id='word_1_97' title='bbox 1106 1407 1202 1462; x_wconf 88' lang='lat' dir='ltr'><strong>visi</strong></span> <span class='ocrx_word' id='word_1_98' title='bbox 1238 1417 1364 1463; x_wconf 90' lang='lat' dir='ltr'><strong>sunt</strong></span> <span class='ocrx_word' id='word_1_99' title='bbox 1388 1409 1546 1463; x_wconf 86' lang='lat' dir='ltr'><strong>amici</strong></span> <span class='ocrx_word' id='word_1_100' title='bbox 1577 1409 1764 1464; x_wconf 90' lang='lat' dir='ltr'><strong>melius</strong></span> <span class='ocrx_word' id='word_1_101' title='bbox 1791 1419 1844 1464; x_wconf 91' lang='lat' dir='ltr'><strong>et</strong></span> <span class='ocrx_word' id='word_1_102' title='bbox 1867 1411 2132 1466; x_wconf 86' lang='lat' dir='ltr'><strong>sincerius</strong></span> 
     </span>
    </p>
   </div>
   <div class='ocr_carea' id='block_1_14' title="bbox 545 1493 2130 1574">
    <p class='ocr_par' dir='ltr' id='par_1_14' title="bbox 545 1493 2130 1574">
     <span class='ocr_line' id='line_1_14' title="bbox 545 1493 2130 1574; baseline 0.008 -28"><span class='ocrx_word' id='word_1_103' title='bbox 545 1493 720 1548; x_wconf 77' lang='lat' dir='ltr'><strong>allecti</strong></span> <span class='ocrx_word' id='word_1_104' title='bbox 743 1511 900 1566; x_wconf 91' lang='lat' dir='ltr'><strong>quam</strong></span> <span class='ocrx_word' id='word_1_105' title='bbox 929 1497 1138 1565; x_wconf 79' lang='lat' dir='ltr'><strong>fratres,</strong></span> <span class='ocrx_word' id='word_1_106' title='bbox 1171 1508 1226 1554; x_wconf 89' lang='lat' dir='ltr'><strong>et</strong></span> <span class='ocrx_word' id='word_1_107' title='bbox 1253 1515 1408 1571; x_wconf 86' lang='lat' dir='ltr'><strong>quam</strong></span> <span class='ocrx_word' id='word_1_108' title='bbox 1439 1501 1533 1555; x_wconf 86' lang='lat' dir='ltr'><strong>filii</strong></span> <span class='ocrx_word' id='word_1_109' title='bbox 1562 1501 1613 1555; x_wconf 91' lang='lat' dir='ltr'><strong>in</strong></span> <span class='ocrx_word' id='word_1_110' title='bbox 1644 1512 1892 1570; x_wconf 87' lang='lat' dir='ltr'><strong>parentes</strong></span> <span class='ocrx_word' id='word_1_111' title='bbox 1919 1519 1934 1558; x_wconf 90' lang='lat'><strong>:</strong></span> <span class='ocrx_word' id='word_1_112' title='bbox 1959 1511 2014 1559; x_wconf 89' lang='lat' dir='ltr'><strong>et</strong></span> <span class='ocrx_word' id='word_1_113' title='bbox 2040 1503 2130 1574; x_wconf 88' lang='lat' dir='ltr'><strong>qui</strong></span> 
     </span>
    </p>
   </div>
   <div class='ocr_carea' id='block_1_15' title="bbox 543 1583 2127 1663">
    <p class='ocr_par' dir='ltr' id='par_1_15' title="bbox 543 1583 2127 1663">
     <span class='ocr_line' id='line_1_15' title="bbox 543 1583 2127 1663; baseline 0.009 -28"><span class='ocrx_word' id='word_1_114' title='bbox 543 1583 643 1638; x_wconf 80' lang='lat' dir='ltr'><strong>fuit</strong></span> <span class='ocrx_word' id='word_1_115' title='bbox 665 1585 878 1654; x_wconf 89' lang='lat' dir='ltr'><strong>quidem</strong></span> <span class='ocrx_word' id='word_1_116' title='bbox 900 1591 1131 1658; x_wconf 78' lang='lat' dir='ltr'><strong>genitus,</strong></span> <span class='ocrx_word' id='word_1_117' title='bbox 1165 1605 1272 1645; x_wconf 91' lang='lat' dir='ltr'><strong>non</strong></span> <span class='ocrx_word' id='word_1_118' title='bbox 1303 1605 1457 1659; x_wconf 89' lang='lat' dir='ltr'><strong>opem</strong></span> <span class='ocrx_word' id='word_1_119' title='bbox 1500 1591 1651 1657; x_wconf 84' lang='lat' dir='ltr'><strong>tulit;</strong></span> <span class='ocrx_word' id='word_1_120' title='bbox 1681 1594 1768 1663; x_wconf 88' lang='lat' dir='ltr'><strong>qui</strong></span> <span class='ocrx_word' id='word_1_121' title='bbox 1799 1602 1976 1649; x_wconf 89' lang='lat' dir='ltr'><strong>autem</strong></span> <span class='ocrx_word' id='word_1_122' title='bbox 2003 1609 2127 1650; x_wconf 90' lang='lat' dir='ltr'><strong>eum</strong></span> 
     </span>
    </p>
   </div>
   <div class='ocr_carea' id='block_1_16' title="bbox 546 1679 2126 1750">
    <p class='ocr_par' dir='ltr' id='par_1_16' title="bbox 546 1679 2126 1750">
     <span class='ocr_line' id='line_1_16' title="bbox 546 1679 2126 1750; baseline 0.009 -23"><span class='ocrx_word' id='word_1_123' title='bbox 546 1691 650 1728; x_wconf 86' lang='lat' dir='ltr'><strong>non</strong></span> <span class='ocrx_word' id='word_1_124' title='bbox 679 1679 966 1746; x_wconf 78' lang='lat' dir='ltr'><strong>cognovit,</strong></span> <span class='ocrx_word' id='word_1_125' title='bbox 995 1679 1161 1733; x_wconf 87' lang='lat' dir='ltr'><strong>adfuit</strong></span> <span class='ocrx_word' id='word_1_126' title='bbox 1201 1689 1259 1737; x_wconf 84' lang='lat' dir='ltr'><strong>et</strong></span> <span class='ocrx_word' id='word_1_127' title='bbox 1295 1696 1453 1750; x_wconf 89' lang='lat' dir='ltr'><strong>opem</strong></span> <span class='ocrx_word' id='word_1_128' title='bbox 1505 1682 1644 1738; x_wconf 90' lang='lat' dir='ltr'><strong>tulit.</strong></span> <span class='ocrx_word' id='word_1_129' title='bbox 1687 1683 1909 1740; x_wconf 84' lang='lat' dir='ltr'><strong>Dilectio</strong></span> <span class='ocrx_word' id='word_1_130' title='bbox 1950 1695 2126 1742; x_wconf 90' lang='lat' dir='ltr'><strong>autem</strong></span> 
     </span>
    </p>
   </div>
   <div class='ocr_carea' id='block_1_17' title="bbox 539 1768 2129 1848">
    <p class='ocr_par' dir='ltr' id='par_1_17' title="bbox 539 1768 2129 1848">
     <span class='ocr_line' id='line_1_17' title="bbox 539 1768 2129 1848; baseline 0.011 -31"><span class='ocrx_word' id='word_1_131' title='bbox 539 1768 833 1834; x_wconf 81' lang='lat' dir='ltr'><strong>spiritualis</strong></span> <span class='ocrx_word' id='word_1_132' title='bbox 860 1779 943 1824; x_wconf 88' lang='lat' dir='ltr'><strong>est</strong></span> <span class='ocrx_word' id='word_1_133' title='bbox 971 1771 1210 1826; x_wconf 90' lang='lat' dir='ltr'><strong>omnium</strong></span> <span class='ocrx_word' id='word_1_134' title='bbox 1241 1788 1492 1843; x_wconf 87' lang='lat' dir='ltr'><strong>suprema</strong></span> <span class='ocrx_word' id='word_1_135' title='bbox 1517 1815 1533 1842; x_wconf 86' lang='lat'><strong>,</strong></span> <span class='ocrx_word' id='word_1_136' title='bbox 1577 1776 1736 1832; x_wconf 87' lang='lat' dir='ltr'><strong>veluti</strong></span> <span class='ocrx_word' id='word_1_137' title='bbox 1765 1778 2006 1848; x_wconf 69' lang='lat' dir='ltr'><strong>quwdatn</strong></span> <span class='ocrx_word' id='word_1_138' title='bbox 2043 1795 2129 1834; x_wconf 82' lang='lat' dir='ltr'><strong>re-</strong></span> 
     </span>
    </p>
   </div>
   <div class='ocr_carea' id='block_1_18' title="bbox 539 1859 2123 1942">
    <p class='ocr_par' dir='ltr' id='par_1_18' title="bbox 539 1859 2123 1942">
     <span class='ocr_line' id='line_1_18' title="bbox 539 1859 2123 1942; baseline 0.014 -36"><span class='ocrx_word' id='word_1_139' title='bbox 539 1859 684 1924; x_wconf 73' lang='lat' dir='ltr'><strong>gina,</strong></span> <span class='ocrx_word' id='word_1_140' title='bbox 703 1875 822 1928; x_wconf 63' lang='lat' dir='ltr'><strong>qua;</strong></span> <span class='ocrx_word' id='word_1_141' title='bbox 854 1863 906 1915; x_wconf 88' lang='lat' dir='ltr'><strong>in</strong></span> <span class='ocrx_word' id='word_1_142' title='bbox 933 1876 1059 1918; x_wconf 88' lang='lat' dir='ltr'><strong>suos</strong></span> <span class='ocrx_word' id='word_1_143' title='bbox 1088 1865 1414 1921; x_wconf 89' lang='lat' dir='ltr'><strong>dominatum</strong></span> <span class='ocrx_word' id='word_1_144' title='bbox 1441 1868 1665 1934; x_wconf 82' lang='lat' dir='ltr'><strong>obtinet,</strong></span> <span class='ocrx_word' id='word_1_145' title='bbox 1689 1871 2018 1942; x_wconf 87' lang='lat' dir='ltr'><strong>honestaque</strong></span> <span class='ocrx_word' id='word_1_146' title='bbox 2045 1882 2123 1929; x_wconf 87' lang='lat' dir='ltr'><strong>est</strong></span> 
     </span>
    </p>
   </div>
   <div class='ocr_carea' id='block_1_19' title="bbox 538 1951 2124 2023">
    <p class='ocr_par' dir='ltr' id='par_1_19' title="bbox 538 1951 2124 2023">
     <span class='ocr_line' id='line_1_19' title="bbox 538 1951 2124 2023; baseline 0.011 -22"><span class='ocrx_word' id='word_1_147' title='bbox 538 1951 719 2017; x_wconf 86' lang='lat' dir='ltr'><strong>specie</strong></span> <span class='ocrx_word' id='word_1_148' title='bbox 763 1953 1094 2023; x_wconf 90' lang='lat' dir='ltr'><strong>pulchroque</strong></span> <span class='ocrx_word' id='word_1_149' title='bbox 1124 1955 1305 2012; x_wconf 87' lang='lat' dir='ltr'><strong>habitu</strong></span> <span class='ocrx_word' id='word_1_150' title='bbox 1336 1974 1350 2013; x_wconf 88' lang='lat'><strong>:</strong></span> <span class='ocrx_word' id='word_1_151' title='bbox 1385 1959 1514 2014; x_wconf 86' lang='lat' dir='ltr'><strong>nihil</strong></span> <span class='ocrx_word' id='word_1_152' title='bbox 1541 1961 1682 2015; x_wconf 89' lang='lat' dir='ltr'><strong>enim</strong></span> <span class='ocrx_word' id='word_1_153' title='bbox 1726 1970 1978 2017; x_wconf 85' lang='lat' dir='ltr'><strong>terrestre</strong></span> <span class='ocrx_word' id='word_1_154' title='bbox 2003 1977 2124 2019; x_wconf 87' lang='lat' dir='ltr'><strong>eam</strong></span> 
     </span>
    </p>
   </div>
   <div class='ocr_carea' id='block_1_20' title="bbox 543 2039 2118 2120">
    <p class='ocr_par' dir='ltr' id='par_1_20' title="bbox 543 2039 2118 2120">
     <span class='ocr_line' id='line_1_20' title="bbox 543 2039 2118 2120; baseline 0.01 -29"><span class='ocrx_word' id='word_1_155' title='bbox 543 2039 682 2107; x_wconf 81' lang='lat' dir='ltr'><strong>parit</strong></span> <span class='ocrx_word' id='word_1_156' title='bbox 707 2043 846 2098; x_wconf 80' lang='lat' dir='ltr'><strong>sicut</strong></span> <span class='ocrx_word' id='word_1_157' title='bbox 889 2045 1033 2099; x_wconf 89' lang='lat' dir='ltr'><strong>illam</strong></span> <span class='ocrx_word' id='word_1_158' title='bbox 1056 2089 1070 2111; x_wconf 94' lang='lat'><strong>,</strong></span> <span class='ocrx_word' id='word_1_159' title='bbox 1101 2063 1208 2102; x_wconf 91' lang='lat' dir='ltr'><strong>non</strong></span> <span class='ocrx_word' id='word_1_160' title='bbox 1247 2051 1612 2118; x_wconf 88' lang='lat' dir='ltr'><strong>consuetudo,</strong></span> <span class='ocrx_word' id='word_1_161' title='bbox 1647 2065 1752 2106; x_wconf 90' lang='lat' dir='ltr'><strong>non</strong></span> <span class='ocrx_word' id='word_1_162' title='bbox 1782 2052 2118 2120; x_wconf 88' lang='lat' dir='ltr'><strong>beneficium,</strong></span> 
     </span>
    </p>
   </div>
   <div class='ocr_carea' id='block_1_21' title="bbox 539 2143 2124 2214">
    <p class='ocr_par' dir='ltr' id='par_1_21' title="bbox 539 2143 2124 2214">
     <span class='ocr_line' id='line_1_21' title="bbox 539 2143 2124 2214; baseline 0.011 -30"><span class='ocrx_word' id='word_1_163' title='bbox 539 2147 647 2186; x_wconf 87' lang='lat' dir='ltr'><strong>non</strong></span> <span class='ocrx_word' id='word_1_164' title='bbox 703 2145 911 2201; x_wconf 88' lang='lat' dir='ltr'><strong>natura,</strong></span> <span class='ocrx_word' id='word_1_165' title='bbox 941 2154 1044 2192; x_wconf 93' lang='lat' dir='ltr'><strong>nou</strong></span> <span class='ocrx_word' id='word_1_166' title='bbox 1091 2156 1298 2206; x_wconf 89' lang='lat' dir='ltr'><strong>aurum,</strong></span> <span class='ocrx_word' id='word_1_167' title='bbox 1329 2143 1422 2197; x_wconf 88' lang='lat' dir='ltr'><strong>sed</strong></span> <span class='ocrx_word' id='word_1_168' title='bbox 1468 2159 1499 2198; x_wconf 86' lang='lat' dir='ltr'><strong>a</strong></span> <span class='ocrx_word' id='word_1_169' title='bbox 1551 2146 1800 2214; x_wconf 89' lang='lat' dir='ltr'><strong>supernis</strong></span> <span class='ocrx_word' id='word_1_170' title='bbox 1848 2145 2124 2201; x_wconf 86' lang='lat' dir='ltr'><strong>descendit</strong></span> 
     </span>
    </p>
   </div>
   <div class='ocr_carea' id='block_1_22' title="bbox 534 2228 2122 2307">
    <p class='ocr_par' dir='ltr' id='par_1_22' title="bbox 534 2228 2122 2307">
     <span class='ocr_line' id='line_1_22' title="bbox 534 2228 2122 2307; baseline 0.008 -27"><span class='ocrx_word' id='word_1_171' title='bbox 534 2241 570 2280; x_wconf 86' lang='lat' dir='ltr'><strong>e</strong></span> <span class='ocrx_word' id='word_1_172' title='bbox 595 2228 748 2282; x_wconf 77' lang='lat' dir='ltr'><strong>cat-lo.</strong></span> <span class='ocrx_word' id='word_1_173' title='bbox 782 2230 842 2283; x_wconf 80' lang='lat' dir='ltr'><strong>Et</strong></span> <span class='ocrx_word' id='word_1_174' title='bbox 863 2231 990 2300; x_wconf 90' lang='lat' dir='ltr'><strong>quid</strong></span> <span class='ocrx_word' id='word_1_175' title='bbox 1019 2232 1251 2299; x_wconf 89' lang='lat' dir='ltr'><strong>miraris,</strong></span> <span class='ocrx_word' id='word_1_176' title='bbox 1287 2236 1329 2289; x_wconf 93' lang='lat' dir='ltr'><strong>si</strong></span> <span class='ocrx_word' id='word_1_177' title='bbox 1360 2235 1619 2291; x_wconf 88' lang='lat' dir='ltr'><strong>beneficio</strong></span> <span class='ocrx_word' id='word_1_178' title='bbox 1648 2252 1754 2291; x_wconf 91' lang='lat' dir='ltr'><strong>non</strong></span> <span class='ocrx_word' id='word_1_179' title='bbox 1775 2248 1896 2307; x_wconf 83' lang='lat' dir='ltr'><strong>eget</strong></span> <span class='ocrx_word' id='word_1_180' title='bbox 1919 2247 1974 2292; x_wconf 93' lang='lat' dir='ltr'><strong>ut</strong></span> <span class='ocrx_word' id='word_1_181' title='bbox 1993 2253 2122 2293; x_wconf 89' lang='lat' dir='ltr'><strong>con-</strong></span> 
     </span>
    </p>
   </div>
   <div class='ocr_carea' id='block_1_23' title="bbox 535 2316 2118 2397">
    <p class='ocr_par' dir='ltr' id='par_1_23' title="bbox 535 2316 2118 2397">
     <span class='ocr_line' id='line_1_23' title="bbox 535 2316 2118 2397; baseline 0.01 -29"><span class='ocrx_word' id='word_1_182' title='bbox 535 2316 722 2382; x_wconf 86' lang='lat' dir='ltr'><strong>sistat,</strong></span> <span class='ocrx_word' id='word_1_183' title='bbox 752 2333 872 2372; x_wconf 92' lang='lat' dir='ltr'><strong>cum</strong></span> <span class='ocrx_word' id='word_1_184' title='bbox 927 2336 993 2376; x_wconf 88' lang='lat' dir='ltr'><strong>uc</strong></span> <span class='ocrx_word' id='word_1_185' title='bbox 1035 2322 1078 2376; x_wconf 90' lang='lat' dir='ltr'><strong>si</strong></span> <span class='ocrx_word' id='word_1_186' title='bbox 1130 2324 1254 2377; x_wconf 89' lang='lat' dir='ltr'><strong>mali</strong></span> <span class='ocrx_word' id='word_1_187' title='bbox 1300 2326 1514 2394; x_wconf 86' lang='lat' dir='ltr'><strong>quidem</strong></span> <span class='ocrx_word' id='word_1_188' title='bbox 1564 2327 1851 2396; x_wconf 87' lang='lat' dir='ltr'><strong>quidquam</strong></span> <span class='ocrx_word' id='word_1_189' title='bbox 1897 2329 2118 2397; x_wconf 87' lang='lat' dir='ltr'><strong>accipiat</strong></span> 
     </span>
    </p>
   </div>
   <div class='ocr_carea' id='block_1_24' title="bbox 533 2410 2120 2487">
    <p class='ocr_par' dir='ltr' id='par_1_24' title="bbox 533 2410 2120 2487">
     <span class='ocr_line' id='line_1_24' title="bbox 533 2410 2120 2487; baseline 0.008 -27"><span class='ocrx_word' id='word_1_190' title='bbox 533 2410 841 2478; x_wconf 77' lang='lat' dir='ltr'><strong>evertatur?</strong></span> <span class='ocrx_word' id='word_1_191' title='bbox 863 2410 1014 2478; x_wconf 82' lang='lat' dir='ltr'><strong>Quod</strong></span> <span class='ocrx_word' id='word_1_192' title='bbox 1041 2423 1218 2467; x_wconf 89' lang='lat' dir='ltr'><strong>autem</strong></span> <span class='ocrx_word' id='word_1_193' title='bbox 1250 2415 1364 2470; x_wconf 69' lang='lat' dir='ltr'><strong>hzec</strong></span> <span class='ocrx_word' id='word_1_194' title='bbox 1391 2419 1461 2470; x_wconf 93' lang='lat' dir='ltr'><strong>sit</strong></span> <span class='ocrx_word' id='word_1_195' title='bbox 1490 2417 1576 2471; x_wconf 89' lang='lat' dir='ltr'><strong>illa</strong></span> <span class='ocrx_word' id='word_1_196' title='bbox 1609 2418 1798 2487; x_wconf 85' lang='lat' dir='ltr'><strong>major,</strong></span> <span class='ocrx_word' id='word_1_197' title='bbox 1832 2419 1954 2472; x_wconf 89' lang='lat' dir='ltr'><strong>audi</strong></span> <span class='ocrx_word' id='word_1_198' title='bbox 1981 2419 2120 2474; x_wconf 86' lang='lat' dir='ltr'><strong>Pau-</strong></span> 
     </span>
    </p>
   </div>
   <div class='ocr_carea' id='block_1_25' title="bbox 533 2499 2121 2578">
    <p class='ocr_par' dir='ltr' id='par_1_25' title="bbox 533 2499 2121 2578">
     <span class='ocr_line' id='line_1_25' title="bbox 533 2499 2121 2578; baseline 0.008 -26"><span class='ocrx_word' id='word_1_199' title='bbox 533 2501 641 2552; x_wconf 91' lang='lat' dir='ltr'><strong>lum</strong></span> <span class='ocrx_word' id='word_1_200' title='bbox 689 2499 952 2556; x_wconf 80' lang='lat' dir='ltr'><strong>dicentem</strong></span> <span class='ocrx_word' id='word_1_201' title='bbox 997 2521 1014 2560; x_wconf 86' lang='lat'><strong>:</strong></span> <span class='ocrx_word' id='word_1_202' title='bbox 1058 2503 1302 2573; x_wconf 83' lang='lat' dir='ltr'><strong>Optarent</strong></span> <span class='ocrx_word' id='word_1_203' title='bbox 1347 2524 1438 2577; x_wconf 88' lang='lat' dir='ltr'><strong>ego</strong></span> <span class='ocrx_word' id='word_1_204' title='bbox 1479 2509 1589 2578; x_wconf 86' lang='lat' dir='ltr'><strong>ipse</strong></span> <span class='ocrx_word' id='word_1_205' title='bbox 1633 2526 1740 2563; x_wconf 85' lang='lat' dir='ltr'><strong>esse</strong></span> <span class='ocrx_word' id='word_1_206' title='bbox 1778 2511 2048 2564; x_wconf 81' lang='lat' dir='ltr'><strong>anathema</strong></span> <span class='ocrx_word' id='word_1_207' title='bbox 2089 2528 2121 2564; x_wconf 90' lang='lat' dir='ltr'><strong>a</strong></span> 
     </span>
    </p>
   </div>
   <div class='ocr_carea' id='block_1_26' title="bbox 532 2589 2120 2672">
    <p class='ocr_par' dir='ltr' id='par_1_26' title="bbox 532 2589 2120 2672">
     <span class='ocr_line' id='line_1_26' title="bbox 532 2589 2120 2672; baseline 0.009 -28"><span class='ocrx_word' id='word_1_208' title='bbox 532 2589 735 2645; x_wconf 85' lang='lat' dir='ltr'><strong>Christo</strong></span> <span class='ocrx_word' id='word_1_209' title='bbox 763 2609 856 2660; x_wconf 84' lang='lat' dir='ltr'><strong>pro</strong></span> <span class='ocrx_word' id='word_1_210' title='bbox 885 2595 1130 2664; x_wconf 71' lang='lat' dir='ltr'><strong>fratribus</strong></span> <span class='ocrx_word' id='word_1_211' title='bbox 1159 2599 1280 2651; x_wconf 84' lang='lat' dir='ltr'><strong>meis</strong></span> <span class='ocrx_word' id='word_1_212' title='bbox 1304 2597 1478 2668; x_wconf 85' lang='lat' dir='ltr'><strong>(Rom.</strong></span> <span class='ocrx_word' id='word_1_213' title='bbox 1503 2600 1557 2654; x_wconf 92' lang='lat'><strong>9.</strong></span> <span class='ocrx_word' id='word_1_214' title='bbox 1586 2601 1662 2671; x_wconf 84' lang='lat'><strong>5).</strong></span> <span class='ocrx_word' id='word_1_215' title='bbox 1691 2603 1822 2667; x_wconf 89' lang='lat' dir='ltr'><strong>Quis</strong></span> <span class='ocrx_word' id='word_1_216' title='bbox 1845 2603 1946 2657; x_wconf 90' lang='lat' dir='ltr'><strong>hoc</strong></span> <span class='ocrx_word' id='word_1_217' title='bbox 1970 2611 2120 2672; x_wconf 82' lang='lat' dir='ltr'><strong>pater</strong></span> 
     </span>
    </p>
   </div>
   <div class='ocr_carea' id='block_1_27' title="bbox 531 2687 2119 2761">
    <p class='ocr_par' dir='ltr' id='par_1_27' title="bbox 531 2687 2119 2761">
     <span class='ocr_line' id='line_1_27' title="bbox 531 2687 2119 2761; baseline 0.008 -23"><span class='ocrx_word' id='word_1_218' title='bbox 531 2687 821 2754; x_wconf 86' lang='lat' dir='ltr'><strong>optaverit,</strong></span> <span class='ocrx_word' id='word_1_219' title='bbox 860 2702 979 2744; x_wconf 88' lang='lat' dir='ltr'><strong>esse</strong></span> <span class='ocrx_word' id='word_1_220' title='bbox 1016 2689 1069 2743; x_wconf 91' lang='lat' dir='ltr'><strong>iu</strong></span> <span class='ocrx_word' id='word_1_221' title='bbox 1107 2692 1306 2746; x_wconf 85' lang='lat' dir='ltr'><strong>malis?</strong></span> <span class='ocrx_word' id='word_1_222' title='bbox 1336 2692 1405 2746; x_wconf 87' lang='lat' dir='ltr'><strong>Et</strong></span> <span class='ocrx_word' id='word_1_223' title='bbox 1436 2709 1619 2748; x_wconf 88' lang='lat' dir='ltr'><strong>rursus</strong></span> <span class='ocrx_word' id='word_1_224' title='bbox 1652 2713 1667 2749; x_wconf 89' lang='lat'>:</span> <span class='ocrx_word' id='word_1_225' title='bbox 1698 2695 1920 2761; x_wconf 81' lang='lat' dir='ltr'><strong>Resolvi,</strong></span> <span class='ocrx_word' id='word_1_226' title='bbox 1951 2707 2119 2751; x_wconf 78' lang='lat' dir='ltr'><strong>etesse</strong></span> 
     </span>
    </p>
   </div>
   <div class='ocr_carea' id='block_1_28' title="bbox 527 2776 2118 2850">
    <p class='ocr_par' dir='ltr' id='par_1_28' title="bbox 527 2776 2118 2850">
     <span class='ocr_line' id='line_1_28' title="bbox 527 2776 2118 2850; baseline 0.009 -22"><span class='ocrx_word' id='word_1_227' title='bbox 527 2793 645 2830; x_wconf 84' lang='lat' dir='ltr'><strong>cum</strong></span> <span class='ocrx_word' id='word_1_228' title='bbox 673 2776 874 2832; x_wconf 83' lang='lat' dir='ltr'><strong>Christo</strong></span> <span class='ocrx_word' id='word_1_229' title='bbox 901 2780 1049 2850; x_wconf 83' lang='lat' dir='ltr'><strong>longe</strong></span> <span class='ocrx_word' id='word_1_230' title='bbox 1083 2791 1156 2836; x_wconf 83' lang='lat' dir='ltr'><strong>est</strong></span> <span class='ocrx_word' id='word_1_231' title='bbox 1184 2783 1401 2847; x_wconf 70' lang='lat' dir='ltr'><strong>melius;</strong></span> <span class='ocrx_word' id='word_1_232' title='bbox 1437 2801 1644 2838; x_wconf 87' lang='lat' dir='ltr'><strong>manere</strong></span> <span class='ocrx_word' id='word_1_233' title='bbox 1674 2795 1844 2839; x_wconf 86' lang='lat' dir='ltr'><strong>autem</strong></span> <span class='ocrx_word' id='word_1_234' title='bbox 1874 2789 1926 2841; x_wconf 84' lang='lat' dir='ltr'><strong>in</strong></span> <span class='ocrx_word' id='word_1_235' title='bbox 1963 2805 2118 2843; x_wconf 84' lang='lat' dir='ltr'><strong>carne</strong></span> 
     </span>
    </p>
   </div>
   <div class='ocr_carea' id='block_1_29' title="bbox 527 2871 2112 2950">
    <p class='ocr_par' dir='ltr' id='par_1_29' title="bbox 527 2871 2112 2950">
     <span class='ocr_line' id='line_1_29' title="bbox 527 2871 2112 2950; baseline 0.009 -30"><span class='ocrx_word' id='word_1_236' title='bbox 527 2877 604 2922; x_wconf 83' lang='lat' dir='ltr'><strong>est</strong></span> <span class='ocrx_word' id='word_1_237' title='bbox 629 2871 789 2941; x_wconf 85' lang='lat' dir='ltr'><strong>magis</strong></span> <span class='ocrx_word' id='word_1_238' title='bbox 814 2874 1149 2926; x_wconf 84' lang='lat' dir='ltr'><strong>necessarium</strong></span> <span class='ocrx_word' id='word_1_239' title='bbox 1173 2886 1378 2944; x_wconf 81' lang='lat' dir='ltr'><strong>propter</strong></span> <span class='ocrx_word' id='word_1_240' title='bbox 1401 2892 1484 2928; x_wconf 84' lang='lat' dir='ltr'><strong>uos</strong></span> <span class='ocrx_word' id='word_1_241' title='bbox 1515 2875 1775 2946; x_wconf 77' lang='lat' dir='ltr'><strong>(Philipp.</strong></span> <span class='ocrx_word' id='word_1_242' title='bbox 1806 2880 1855 2933; x_wconf 98' lang='grc'><strong>1.</strong></span> <span class='ocrx_word' id='word_1_243' title='bbox 1885 2878 1975 2934; x_wconf 75' lang='grc'><strong>25.</strong></span> <span class='ocrx_word' id='word_1_244' title='bbox 1998 2880 2112 2950; x_wconf 74' lang='grc'><strong>21).</strong></span> 
     </span>
    </p>
   </div>
   <div class='ocr_carea' id='block_1_30' title="bbox 526 2960 2116 3040">
    <p class='ocr_par' dir='ltr' id='par_1_30' title="bbox 526 2960 2116 3040">
     <span class='ocr_line' id='line_1_30' title="bbox 526 2960 2116 3040; baseline 0.011 -29"><span class='ocrx_word' id='word_1_245' title='bbox 526 2960 783 3026; x_wconf 78' lang='lat' dir='ltr'><strong>Quantam</strong></span> <span class='ocrx_word' id='word_1_246' title='bbox 812 2971 982 3018; x_wconf 84' lang='lat' dir='ltr'><strong>mater</strong></span> <span class='ocrx_word' id='word_1_247' title='bbox 1008 2963 1126 3019; x_wconf 82' lang='lat' dir='ltr'><strong>haec</strong></span> <span class='ocrx_word' id='word_1_248' title='bbox 1157 2965 1408 3021; x_wconf 89' lang='lat' dir='ltr'><strong>voluisset</strong></span> <span class='ocrx_word' id='word_1_249' title='bbox 1435 2967 1632 3034; x_wconf 89' lang='lat' dir='ltr'><strong>dicere,</strong></span> <span class='ocrx_word' id='word_1_250' title='bbox 1670 2978 1726 3023; x_wconf 90' lang='lat' dir='ltr'><strong>ut</strong></span> <span class='ocrx_word' id='word_1_251' title='bbox 1752 2985 1846 3024; x_wconf 86' lang='lat' dir='ltr'><strong>sua</strong></span> <span class='ocrx_word' id='word_1_252' title='bbox 1871 2970 2116 3040; x_wconf 78' lang='lat' dir='ltr'><strong>despice-</strong></span> 
     </span>
    </p>
   </div>
   <div class='ocr_carea' id='block_1_31' title="bbox 529 3052 2114 3117">
    <p class='ocr_par' dir='ltr' id='par_1_31' title="bbox 529 3052 2114 3117">
     <span class='ocr_line' id='line_1_31' title="bbox 529 3052 2114 3117; baseline 0.009 -14"><span class='ocrx_word' id='word_1_253' title='bbox 529 3052 650 3105; x_wconf 85' lang='lat' dir='ltr'><strong>ret?</strong></span> <span class='ocrx_word' id='word_1_254' title='bbox 685 3053 751 3107; x_wconf 88' lang='lat' dir='ltr'><strong>Et</strong></span> <span class='ocrx_word' id='word_1_255' title='bbox 795 3069 981 3109; x_wconf 90' lang='lat' dir='ltr'><strong>rursus</strong></span> <span class='ocrx_word' id='word_1_256' title='bbox 1025 3056 1147 3110; x_wconf 92' lang='lat' dir='ltr'><strong>audi</strong></span> <span class='ocrx_word' id='word_1_257' title='bbox 1195 3072 1318 3112; x_wconf 87' lang='lat' dir='ltr'><strong>ettm</strong></span> <span class='ocrx_word' id='word_1_258' title='bbox 1363 3059 1664 3114; x_wconf 89' lang='lat' dir='ltr'><strong>dicentem:</strong></span> <span class='ocrx_word' id='word_1_259' title='bbox 1703 3063 1879 3116; x_wconf 80' lang='lat' dir='ltr'><strong>Orbati</strong></span> <span class='ocrx_word' id='word_1_260' title='bbox 1922 3065 2054 3116; x_wconf 82' lang='lat' dir='ltr'><strong>enim</strong></span> <span class='ocrx_word' id='word_1_261' title='bbox 2082 3082 2114 3117; x_wconf 88' lang='lat' dir='ltr'><strong>a</strong></span> 
     </span>
    </p>
   </div>
   <div class='ocr_carea' id='block_1_32' title="bbox 526 3145 2107 3221">
    <p class='ocr_par' dir='ltr' id='par_1_32' title="bbox 526 3145 2107 3221">
     <span class='ocr_line' id='line_1_32' title="bbox 526 3145 2107 3221; baseline 0.011 -25"><span class='ocrx_word' id='word_1_262' title='bbox 526 3145 664 3196; x_wconf 84' lang='lat' dir='ltr'><strong>vobis</strong></span> <span class='ocrx_word' id='word_1_263' title='bbox 685 3145 752 3197; x_wconf 85' lang='lat' dir='ltr'><strong>ad</strong></span> <span class='ocrx_word' id='word_1_264' title='bbox 776 3155 974 3214; x_wconf 79' lang='lat' dir='ltr'><strong>tempus</strong></span> <span class='ocrx_word' id='word_1_265' title='bbox 996 3147 1155 3216; x_wconf 69' lang='lat' dir='ltr'><strong>horae,</strong></span> <span class='ocrx_word' id='word_1_266' title='bbox 1175 3160 1403 3219; x_wconf 85' lang='lat' dir='ltr'><strong>aspectu,</strong></span> <span class='ocrx_word' id='word_1_267' title='bbox 1437 3169 1536 3206; x_wconf 86' lang='lat' dir='ltr'><strong>non</strong></span> <span class='ocrx_word' id='word_1_268' title='bbox 1564 3155 1716 3208; x_wconf 82' lang='lat' dir='ltr'><strong>corde</strong></span> <span class='ocrx_word' id='word_1_269' title='bbox 1741 3156 1814 3221; x_wconf 93' lang='grc'><strong>(1.</strong></span> <span class='ocrx_word' id='word_1_270' title='bbox 1843 3155 2023 3212; x_wconf 81' lang='lat' dir='ltr'><strong>Thess.</strong></span> <span class='ocrx_word' id='word_1_271' title='bbox 2047 3159 2107 3213; x_wconf 75' lang='grc'><strong>2.</strong></span> 
     </span>
    </p>
   </div>
   <div class='ocr_carea' id='block_1_33' title="bbox 528 3234 2112 3315">
    <p class='ocr_par' dir='ltr' id='par_1_33' title="bbox 528 3234 2112 3315">
     <span class='ocr_line' id='line_1_33' title="bbox 528 3234 2112 3315; baseline 0.011 -29"><span class='ocrx_word' id='word_1_272' title='bbox 528 3234 642 3303; x_wconf 81' lang='grc'><strong>17).</strong></span> <span class='ocrx_word' id='word_1_273' title='bbox 675 3234 741 3288; x_wconf 82' lang='lat' dir='ltr'><strong>Et</strong></span> <span class='ocrx_word' id='word_1_274' title='bbox 769 3235 855 3290; x_wconf 90' lang='lat' dir='ltr'><strong>hic</strong></span> <span class='ocrx_word' id='word_1_275' title='bbox 877 3237 1090 3306; x_wconf 90' lang='lat' dir='ltr'><strong>quidem</strong></span> <span class='ocrx_word' id='word_1_276' title='bbox 1128 3249 1278 3308; x_wconf 89' lang='lat' dir='ltr'><strong>pater</strong></span> <span class='ocrx_word' id='word_1_277' title='bbox 1307 3245 1628 3299; x_wconf 86' lang='lat' dir='ltr'><strong>contumelia</strong></span> <span class='ocrx_word' id='word_1_278' title='bbox 1659 3245 1880 3302; x_wconf 85' lang='lat' dir='ltr'><strong>affectus</strong></span> <span class='ocrx_word' id='word_1_279' title='bbox 1904 3289 1920 3315; x_wconf 91' lang='lat'><strong>,</strong></span> <span class='ocrx_word' id='word_1_280' title='bbox 1954 3250 2112 3305; x_wconf 88' lang='lat' dir='ltr'><strong>solvit</strong></span> 
     </span>
    </p>
   </div>
   <div class='ocr_carea' id='block_1_34' title="bbox 525 3324 2111 3402">
    <p class='ocr_par' dir='ltr' id='par_1_34' title="bbox 525 3324 2111 3402">
     <span class='ocr_line' id='line_1_34' title="bbox 525 3324 2111 3402; baseline 0.013 -27"><span class='ocrx_word' id='word_1_281' title='bbox 525 3324 854 3391; x_wconf 85' lang='lat' dir='ltr'><strong>amicitiam;</strong></span> <span class='ocrx_word' id='word_1_282' title='bbox 904 3328 1012 3382; x_wconf 93' lang='lat' dir='ltr'><strong>illic</strong></span> <span class='ocrx_word' id='word_1_283' title='bbox 1059 3339 1238 3385; x_wconf 89' lang='lat' dir='ltr'><strong>autem</strong></span> <span class='ocrx_word' id='word_1_284' title='bbox 1284 3347 1388 3388; x_wconf 91' lang='lat' dir='ltr'><strong>non</strong></span> <span class='ocrx_word' id='word_1_285' title='bbox 1422 3335 1604 3390; x_wconf 82' lang='lat' dir='ltr'><strong>itidem</strong></span> <span class='ocrx_word' id='word_1_286' title='bbox 1627 3377 1642 3402; x_wconf 94' lang='lat'><strong>,</strong></span> <span class='ocrx_word' id='word_1_287' title='bbox 1674 3337 1766 3391; x_wconf 91' lang='lat' dir='ltr'><strong>sed</strong></span> <span class='ocrx_word' id='word_1_288' title='bbox 1808 3349 1863 3393; x_wconf 88' lang='lat' dir='ltr'><strong>et</strong></span> <span class='ocrx_word' id='word_1_289' title='bbox 1890 3340 1956 3393; x_wconf 87' lang='lat' dir='ltr'><strong>ad</strong></span> <span class='ocrx_word' id='word_1_290' title='bbox 1989 3340 2111 3396; x_wconf 90' lang='lat' dir='ltr'><strong>illos</strong></span> 
     </span>
    </p>
   </div>
   <div class='ocr_carea' id='block_1_35' title="bbox 523 3413 2109 3490">
    <p class='ocr_par' dir='ltr' id='par_1_35' title="bbox 523 3413 2109 3490">
     <span class='ocr_line' id='line_1_35' title="bbox 523 3413 2109 3490; baseline 0.015 -25"><span class='ocrx_word' id='word_1_291' title='bbox 523 3413 615 3482; x_wconf 87' lang='lat' dir='ltr'><strong>qui</strong></span> <span class='ocrx_word' id='word_1_292' title='bbox 646 3413 910 3484; x_wconf 82' lang='lat' dir='ltr'><strong>lapidibus</strong></span> <span class='ocrx_word' id='word_1_293' title='bbox 938 3422 1260 3489; x_wconf 88' lang='lat' dir='ltr'><strong>appetebant</strong></span> <span class='ocrx_word' id='word_1_294' title='bbox 1285 3424 1453 3490; x_wconf 91' lang='lat' dir='ltr'><strong>abiit,</strong></span> <span class='ocrx_word' id='word_1_295' title='bbox 1477 3441 1572 3482; x_wconf 88' lang='lat' dir='ltr'><strong>eos</strong></span> <span class='ocrx_word' id='word_1_296' title='bbox 1597 3429 1860 3484; x_wconf 85' lang='lat' dir='ltr'><strong>beneficio</strong></span> <span class='ocrx_word' id='word_1_297' title='bbox 1889 3431 2109 3487; x_wconf 84' lang='lat' dir='ltr'><strong>affectu-</strong></span> 
     </span>
    </p>
   </div>
   <div class='ocr_carea' id='block_1_36' title="bbox 524 3505 2104 3585">
    <p class='ocr_par' dir='ltr' id='par_1_36' title="bbox 524 3505 2104 3585">
     <span class='ocr_line' id='line_1_36' title="bbox 524 3505 2104 3585; baseline 0.012 -27"><span class='ocrx_word' id='word_1_298' title='bbox 524 3519 636 3558; x_wconf 89' lang='lat' dir='ltr'><strong>rus.</strong></span> <span class='ocrx_word' id='word_1_299' title='bbox 662 3505 799 3560; x_wconf 65' lang='lat' dir='ltr'><strong>Nihil</strong></span> <span class='ocrx_word' id='word_1_300' title='bbox 827 3517 909 3562; x_wconf 88' lang='lat' dir='ltr'><strong>est</strong></span> <span class='ocrx_word' id='word_1_301' title='bbox 937 3511 1102 3577; x_wconf 89' lang='lat' dir='ltr'><strong>enim,</strong></span> <span class='ocrx_word' id='word_1_302' title='bbox 1131 3513 1261 3566; x_wconf 87' lang='lat' dir='ltr'><strong>nihil</strong></span> <span class='ocrx_word' id='word_1_303' title='bbox 1294 3531 1445 3585; x_wconf 84' lang='lat' dir='ltr'><strong>aeque</strong></span> <span class='ocrx_word' id='word_1_304' title='bbox 1473 3517 1726 3585; x_wconf 89' lang='lat' dir='ltr'><strong>validum,</strong></span> <span class='ocrx_word' id='word_1_305' title='bbox 1760 3528 1815 3573; x_wconf 92' lang='lat' dir='ltr'><strong>ut</strong></span> <span class='ocrx_word' id='word_1_306' title='bbox 1837 3521 2104 3577; x_wconf 88' lang='lat' dir='ltr'><strong>vinculum</strong></span> 
     </span>
    </p>
   </div>
   <div class='ocr_carea' id='block_1_37' title="bbox 523 3596 2107 3678">
    <p class='ocr_par' dir='ltr' id='par_1_37' title="bbox 523 3596 2107 3678">
     <span class='ocr_line' id='line_1_37' title="bbox 523 3596 2107 3678; baseline 0.013 -31"><span class='ocrx_word' id='word_1_307' title='bbox 523 3596 763 3665; x_wconf 80' lang='lat' dir='ltr'><strong>spiritus.</strong></span> <span class='ocrx_word' id='word_1_308' title='bbox 796 3599 895 3665; x_wconf 89' lang='lat' dir='ltr'><strong>Qui</strong></span> <span class='ocrx_word' id='word_1_309' title='bbox 924 3601 1067 3655; x_wconf 90' lang='lat' dir='ltr'><strong>enim</strong></span> <span class='ocrx_word' id='word_1_310' title='bbox 1097 3604 1240 3672; x_wconf 89' lang='lat' dir='ltr'><strong>quod</strong></span> <span class='ocrx_word' id='word_1_311' title='bbox 1269 3606 1336 3660; x_wconf 89' lang='lat' dir='ltr'><strong>sit</strong></span> <span class='ocrx_word' id='word_1_312' title='bbox 1365 3607 1626 3664; x_wconf 87' lang='lat' dir='ltr'><strong>beneficio</strong></span> <span class='ocrx_word' id='word_1_313' title='bbox 1650 3610 1872 3666; x_wconf 82' lang='lat' dir='ltr'><strong>affectus</strong></span> <span class='ocrx_word' id='word_1_314' title='bbox 1897 3653 1911 3678; x_wconf 87' lang='lat'><strong>,</strong></span> <span class='ocrx_word' id='word_1_315' title='bbox 1939 3613 2107 3668; x_wconf 90' lang='lat' dir='ltr'><strong>evasit</strong></span> 
     </span>
    </p>
   </div>
   <div class='ocr_carea' id='block_1_38' title="bbox 521 3689 2104 3776">
    <p class='ocr_par' dir='ltr' id='par_1_38' title="bbox 521 3689 2104 3776">
     <span class='ocr_line' id='line_1_38' title="bbox 521 3689 2104 3776; baseline 0.015 -37"><span class='ocrx_word' id='word_1_316' title='bbox 521 3689 754 3755; x_wconf 88' lang='lat' dir='ltr'><strong>amicus;</strong></span> <span class='ocrx_word' id='word_1_317' title='bbox 788 3693 830 3744; x_wconf 94' lang='lat' dir='ltr'><strong>si</strong></span> <span class='ocrx_word' id='word_1_318' title='bbox 865 3690 966 3746; x_wconf 89' lang='lat' dir='ltr'><strong>hoc</strong></span> <span class='ocrx_word' id='word_1_319' title='bbox 991 3705 1248 3763; x_wconf 82' lang='lat' dir='ltr'><strong>perpetuo</strong></span> <span class='ocrx_word' id='word_1_320' title='bbox 1276 3713 1381 3752; x_wconf 91' lang='lat' dir='ltr'><strong>non</strong></span> <span class='ocrx_word' id='word_1_321' title='bbox 1415 3701 1524 3766; x_wconf 85' lang='lat' dir='ltr'><strong>fiat,</strong></span> <span class='ocrx_word' id='word_1_322' title='bbox 1553 3702 1655 3756; x_wconf 92' lang='lat' dir='ltr'><strong>crit</strong></span> <span class='ocrx_word' id='word_1_323' title='bbox 1689 3704 1939 3760; x_wconf 88' lang='lat' dir='ltr'><strong>inimicus</strong></span> <span class='ocrx_word' id='word_1_324' title='bbox 1967 3724 1980 3759; x_wconf 74' lang='grc' dir='ltr'>ε</span> <span class='ocrx_word' id='word_1_325' title='bbox 2013 3708 2104 3776; x_wconf 85' lang='lat' dir='ltr'><strong>qui</strong></span> 
     </span>
    </p>
   </div>
   <div class='ocr_carea' id='block_1_39' title="bbox 517 3785 2106 3864">
    <p class='ocr_par' dir='ltr' id='par_1_39' title="bbox 517 3785 2106 3864">
     <span class='ocr_line' id='line_1_39' title="bbox 517 3785 2106 3864; baseline 0.014 -32"><span class='ocrx_word' id='word_1_326' title='bbox 517 3795 584 3832; x_wconf 86' lang='lat' dir='ltr'><strong>ex</strong></span> <span class='ocrx_word' id='word_1_327' title='bbox 613 3785 999 3839; x_wconf 78' lang='lat' dir='ltr'><strong>consiietudine</strong></span> <span class='ocrx_word' id='word_1_328' title='bbox 1024 3797 1139 3840; x_wconf 88' lang='lat' dir='ltr'><strong>erat</strong></span> <span class='ocrx_word' id='word_1_329' title='bbox 1183 3789 1476 3846; x_wconf 88' lang='lat' dir='ltr'><strong>iudivulsus</strong></span> <span class='ocrx_word' id='word_1_330' title='bbox 1501 3833 1515 3855; x_wconf 91' lang='lat'><strong>,</strong></span> <span class='ocrx_word' id='word_1_331' title='bbox 1549 3795 1842 3864; x_wconf 88' lang='lat' dir='ltr'><strong>interrupta</strong></span> <span class='ocrx_word' id='word_1_332' title='bbox 1876 3814 2106 3854; x_wconf 83' lang='lat' dir='ltr'><strong>consue-</strong></span> 
     </span>
    </p>
   </div>
   <div class='ocr_carea' id='block_1_40' title="bbox 523 3868 2104 3952">
    <p class='ocr_par' dir='ltr' id='par_1_40' title="bbox 523 3868 2104 3952">
     <span class='ocr_line' id='line_1_40' title="bbox 523 3868 2104 3952; baseline 0.016 -30"><span class='ocrx_word' id='word_1_333' title='bbox 523 3868 707 3924; x_wconf 89' lang='lat' dir='ltr'><strong>tudine</strong></span> <span class='ocrx_word' id='word_1_334' title='bbox 731 3874 987 3926; x_wconf 81' lang='lat' dir='ltr'><strong>exstinxit</strong></span> <span class='ocrx_word' id='word_1_335' title='bbox 1015 3877 1326 3932; x_wconf 84' lang='lat' dir='ltr'><strong>amicitiam.</strong></span> <span class='ocrx_word' id='word_1_336' title='bbox 1371 3881 1560 3935; x_wconf 85' lang='lat' dir='ltr'><strong>Mulier</strong></span> <span class='ocrx_word' id='word_1_337' title='bbox 1605 3901 1788 3939; x_wconf 89' lang='lat' dir='ltr'><strong>rursus</strong></span> <span class='ocrx_word' id='word_1_338' title='bbox 1811 3927 1826 3952; x_wconf 93' lang='lat'><strong>,</strong></span> <span class='ocrx_word' id='word_1_339' title='bbox 1865 3890 1910 3942; x_wconf 91' lang='lat' dir='ltr'><strong>si</strong></span> <span class='ocrx_word' id='word_1_340' title='bbox 1941 3889 2104 3947; x_wconf 82' lang='lat' dir='ltr'><strong>fuerit</strong></span> 
     </span>
    </p>
   </div>
   <div class='ocr_carea' id='block_1_41' title="bbox 519 3959 2096 4037">
    <p class='ocr_par' dir='ltr' id='par_1_41' title="bbox 519 3959 2096 4037">
     <span class='ocr_line' id='line_1_41' title="bbox 519 3959 2096 4037; baseline 0.015 -24"><span class='ocrx_word' id='word_1_341' title='bbox 519 3959 586 4013; x_wconf 89' lang='lat' dir='ltr'><strong>lis</strong></span> <span class='ocrx_word' id='word_1_342' title='bbox 611 3974 676 4014; x_wconf 90' lang='lat' dir='ltr'><strong>ac</strong></span> <span class='ocrx_word' id='word_1_343' title='bbox 705 3961 990 4028; x_wconf 86' lang='lat' dir='ltr'><strong>dissensio,</strong></span> <span class='ocrx_word' id='word_1_344' title='bbox 1023 3964 1240 4019; x_wconf 89' lang='lat' dir='ltr'><strong>dimittit</strong></span> <span class='ocrx_word' id='word_1_345' title='bbox 1266 3972 1514 4025; x_wconf 88' lang='lat' dir='ltr'><strong>maritum</strong></span> <span class='ocrx_word' id='word_1_346' title='bbox 1545 3984 1599 4028; x_wconf 90' lang='lat' dir='ltr'><strong>et</strong></span> <span class='ocrx_word' id='word_1_347' title='bbox 1626 3976 1786 4030; x_wconf 89' lang='lat' dir='ltr'><strong>solvit</strong></span> <span class='ocrx_word' id='word_1_348' title='bbox 1813 3993 2052 4036; x_wconf 88' lang='lat' dir='ltr'><strong>amorem</strong></span> <span class='ocrx_word' id='word_1_349' title='bbox 2083 4001 2096 4037; x_wconf 90' lang='lat'><strong>:</strong></span> 
     </span>
    </p>
   </div>
   <div class='ocr_carea' id='block_1_42' title="bbox 521 4051 2095 4138">
    <p class='ocr_par' dir='ltr' id='par_1_42' title="bbox 521 4051 2095 4138">
     <span class='ocr_line' id='line_1_42' title="bbox 521 4051 2095 4138; baseline 0.017 -35"><span class='ocrx_word' id='word_1_350' title='bbox 521 4051 681 4117; x_wconf 80' lang='lat' dir='ltr'><strong>(ilius,</strong></span> <span class='ocrx_word' id='word_1_351' title='bbox 710 4052 752 4106; x_wconf 92' lang='lat' dir='ltr'><strong>si</strong></span> <span class='ocrx_word' id='word_1_352' title='bbox 784 4052 876 4106; x_wconf 87' lang='lat' dir='ltr'><strong>diu</strong></span> <span class='ocrx_word' id='word_1_353' title='bbox 899 4056 1161 4111; x_wconf 88' lang='lat' dir='ltr'><strong>viventem</strong></span> <span class='ocrx_word' id='word_1_354' title='bbox 1195 4059 1386 4115; x_wconf 90' lang='lat' dir='ltr'><strong>viderit</strong></span> <span class='ocrx_word' id='word_1_355' title='bbox 1414 4073 1616 4131; x_wconf 77' lang='lat' dir='ltr'><strong>pzitrem</strong></span> <span class='ocrx_word' id='word_1_356' title='bbox 1639 4107 1655 4127; x_wconf 85' lang='lat'><strong>,</strong></span> <span class='ocrx_word' id='word_1_357' title='bbox 1687 4082 1829 4138; x_wconf 66' lang='lat' dir='ltr'><strong>aegre</strong></span> <span class='ocrx_word' id='word_1_358' title='bbox 1874 4070 1996 4126; x_wconf 84' lang='lat' dir='ltr'><strong>fert.</strong></span> <span class='ocrx_word' id='word_1_359' title='bbox 2040 4075 2095 4129; x_wconf 90' lang='lat' dir='ltr'><strong>ln</strong></span> 
     </span>
    </p>
   </div>
   <div class='ocr_carea' id='block_1_43' title="bbox 515 4142 2094 4221">
    <p class='ocr_par' dir='ltr' id='par_1_43' title="bbox 515 4142 2094 4221">
     <span class='ocr_line' id='line_1_43' title="bbox 515 4142 2094 4221; baseline 0.017 -27"><span class='ocrx_word' id='word_1_360' title='bbox 515 4142 704 4210; x_wconf 74' lang='lat' dir='ltr'><strong>Spiritu</strong></span> <span class='ocrx_word' id='word_1_361' title='bbox 730 4154 904 4198; x_wconf 89' lang='lat' dir='ltr'><strong>autem</strong></span> <span class='ocrx_word' id='word_1_362' title='bbox 933 4147 1194 4216; x_wconf 87' lang='lat' dir='ltr'><strong>ejusmodi</strong></span> <span class='ocrx_word' id='word_1_363' title='bbox 1236 4151 1364 4205; x_wconf 86' lang='lat' dir='ltr'><strong>nihil</strong></span> <span class='ocrx_word' id='word_1_364' title='bbox 1394 4163 1476 4208; x_wconf 81' lang='lat' dir='ltr'><strong>est</strong></span> <span class='ocrx_word' id='word_1_365' title='bbox 1505 4173 1518 4208; x_wconf 89' lang='lat'><strong>:</strong></span> <span class='ocrx_word' id='word_1_366' title='bbox 1551 4159 1696 4213; x_wconf 88' lang='lat' dir='ltr'><strong>nullo</strong></span> <span class='ocrx_word' id='word_1_367' title='bbox 1736 4164 1876 4216; x_wconf 88' lang='lat' dir='ltr'><strong>enim</strong></span> <span class='ocrx_word' id='word_1_368' title='bbox 1906 4162 2094 4221; x_wconf 87' lang='lat' dir='ltr'><strong>horum</strong></span> 
     </span>
    </p>
   </div>
   <div class='ocr_carea' id='block_1_44' title="bbox 513 4233 2094 4322">
    <p class='ocr_par' dir='ltr' id='par_1_44' title="bbox 513 4233 2094 4322">
     <span class='ocr_line' id='line_1_44' title="bbox 513 4233 2094 4322; baseline 0.017 -36"><span class='ocrx_word' id='word_1_369' title='bbox 513 4233 746 4288; x_wconf 83' lang='lat' dir='ltr'><strong>solvitur</strong></span> <span class='ocrx_word' id='word_1_370' title='bbox 769 4275 783 4300; x_wconf 88' lang='lat'><strong>,</strong></span> <span class='ocrx_word' id='word_1_371' title='bbox 826 4242 1076 4306; x_wconf 89' lang='lat' dir='ltr'><strong>quoniam</strong></span> <span class='ocrx_word' id='word_1_372' title='bbox 1106 4240 1292 4296; x_wconf 88' lang='lat' dir='ltr'><strong>iisdem</strong></span> <span class='ocrx_word' id='word_1_373' title='bbox 1327 4260 1432 4299; x_wconf 90' lang='lat' dir='ltr'><strong>non</strong></span> <span class='ocrx_word' id='word_1_374' title='bbox 1458 4259 1667 4304; x_wconf 84' lang='lat' dir='ltr'><strong>constat</strong></span> <span class='ocrx_word' id='word_1_375' title='bbox 1701 4268 1714 4316; x_wconf 91' lang='lat'><strong>;</strong></span> <span class='ocrx_word' id='word_1_376' title='bbox 1744 4269 1917 4322; x_wconf 88' lang='lat' dir='ltr'><strong>neque</strong></span> <span class='ocrx_word' id='word_1_377' title='bbox 1963 4268 2094 4312; x_wconf 78' lang='lat' dir='ltr'><strong>tem-</strong></span> 
     </span>
    </p>
   </div>
   <div class='ocr_carea' id='block_1_45' title="bbox 510 4331 2093 4414">
    <p class='ocr_par' dir='ltr' id='par_1_45' title="bbox 510 4331 2093 4414">
     <span class='ocr_line' id='line_1_45' title="bbox 510 4331 2093 4414; baseline 0.016 -35"><span class='ocrx_word' id='word_1_378' title='bbox 510 4341 614 4396; x_wconf 85' lang='lat' dir='ltr'><strong>pus</strong></span> <span class='ocrx_word' id='word_1_379' title='bbox 637 4367 651 4392; x_wconf 92' lang='lat'><strong>,</strong></span> <span class='ocrx_word' id='word_1_380' title='bbox 701 4344 876 4396; x_wconf 85' lang='lat' dir='ltr'><strong>neque</strong></span> <span class='ocrx_word' id='word_1_381' title='bbox 920 4331 1038 4385; x_wconf 74' lang='lat' dir='ltr'><strong>vitae</strong></span> <span class='ocrx_word' id='word_1_382' title='bbox 1069 4334 1360 4404; x_wconf 85' lang='lat' dir='ltr'><strong>longitudo,</strong></span> <span class='ocrx_word' id='word_1_383' title='bbox 1392 4355 1490 4394; x_wconf 89' lang='lat' dir='ltr'><strong>nec</strong></span> <span class='ocrx_word' id='word_1_384' title='bbox 1520 4344 1717 4398; x_wconf 90' lang='lat' dir='ltr'><strong>malum</strong></span> <span class='ocrx_word' id='word_1_385' title='bbox 1747 4349 1852 4414; x_wconf 92' lang='lat' dir='ltr'><strong>pati</strong></span> <span class='ocrx_word' id='word_1_386' title='bbox 1884 4352 1962 4404; x_wconf 87' lang='lat' dir='ltr'><strong>vel</strong></span> <span class='ocrx_word' id='word_1_387' title='bbox 1994 4366 2093 4405; x_wconf 91' lang='lat' dir='ltr'><strong>au-</strong></span> 
     </span>
    </p>
   </div>
   <div class='ocr_carea' id='block_1_46' title="bbox 512 4417 2088 4506">
    <p class='ocr_par' dir='ltr' id='par_1_46' title="bbox 512 4417 2088 4506">
     <span class='ocr_line' id='line_1_46' title="bbox 512 4417 2088 4506; baseline 0.018 -36"><span class='ocrx_word' id='word_1_388' title='bbox 512 4417 648 4482; x_wconf 87' lang='lat' dir='ltr'><strong>dire,</strong></span> <span class='ocrx_word' id='word_1_389' title='bbox 683 4433 785 4474; x_wconf 94' lang='lat' dir='ltr'><strong>non</strong></span> <span class='ocrx_word' id='word_1_390' title='bbox 810 4420 906 4487; x_wconf 89' lang='lat' dir='ltr'><strong>ira,</strong></span> <span class='ocrx_word' id='word_1_391' title='bbox 931 4438 1035 4476; x_wconf 91' lang='lat' dir='ltr'><strong>non</strong></span> <span class='ocrx_word' id='word_1_392' title='bbox 1063 4429 1404 4494; x_wconf 88' lang='lat' dir='ltr'><strong>contumelia,</strong></span> <span class='ocrx_word' id='word_1_393' title='bbox 1436 4448 1608 4502; x_wconf 85' lang='lat' dir='ltr'><strong>neque</strong></span> <span class='ocrx_word' id='word_1_394' title='bbox 1633 4437 1920 4506; x_wconf 84' lang='lat' dir='ltr'><strong>quidquam</strong></span> <span class='ocrx_word' id='word_1_395' title='bbox 1947 4444 2088 4498; x_wconf 89' lang='lat' dir='ltr'><strong>aliud</strong></span> 
     </span>
    </p>
   </div>
   <div class='ocr_carea' id='block_1_47' title="bbox 512 4508 2084 4598">
    <p class='ocr_par' dir='ltr' id='par_1_47' title="bbox 512 4508 2084 4598">
     <span class='ocr_line' id='line_1_47' title="bbox 512 4508 2084 4598; baseline 0.018 -38"><span class='ocrx_word' id='word_1_396' title='bbox 512 4508 748 4574; x_wconf 86' lang='lat' dir='ltr'><strong>invadit,</strong></span> <span class='ocrx_word' id='word_1_397' title='bbox 784 4527 956 4583; x_wconf 87' lang='lat' dir='ltr'><strong>neque</strong></span> <span class='ocrx_word' id='word_1_398' title='bbox 983 4530 1101 4569; x_wconf 90' lang='lat' dir='ltr'><strong>cam</strong></span> <span class='ocrx_word' id='word_1_399' title='bbox 1149 4527 1322 4586; x_wconf 82' lang='lat' dir='ltr'><strong>potest</strong></span> <span class='ocrx_word' id='word_1_400' title='bbox 1361 4522 1675 4580; x_wconf 84' lang='lat' dir='ltr'><strong>dissolvere.</strong></span> <span class='ocrx_word' id='word_1_401' title='bbox 1710 4527 1776 4582; x_wconf 87' lang='lat' dir='ltr'><strong>Et</strong></span> <span class='ocrx_word' id='word_1_402' title='bbox 1823 4539 1882 4583; x_wconf 90' lang='lat' dir='ltr'><strong>ut</strong></span> <span class='ocrx_word' id='word_1_403' title='bbox 1926 4535 2084 4598; x_wconf 87' lang='lat' dir='ltr'><strong>scias,</strong></span> 
     </span>
    </p>
   </div>
   <div class='ocr_carea' id='block_1_48' title="bbox 509 4598 2085 4692">
    <p class='ocr_par' dir='ltr' id='par_1_48' title="bbox 509 4598 2085 4692">
     <span class='ocr_line' id='line_1_48' title="bbox 509 4598 2085 4692; baseline 0.019 -42"><span class='ocrx_word' id='word_1_404' title='bbox 509 4598 772 4669; x_wconf 81' lang='lat' dir='ltr'><strong>lapidibus</strong></span> <span class='ocrx_word' id='word_1_405' title='bbox 815 4606 1167 4672; x_wconf 83' lang='lat' dir='ltr'><strong>appetebatur</strong></span> <span class='ocrx_word' id='word_1_406' title='bbox 1213 4610 1406 4677; x_wconf 84' lang='lat' dir='ltr'><strong>Moses,</strong></span> <span class='ocrx_word' id='word_1_407' title='bbox 1461 4623 1514 4667; x_wconf 89' lang='lat' dir='ltr'><strong>et</strong></span> <span class='ocrx_word' id='word_1_408' title='bbox 1559 4630 1656 4685; x_wconf 94' lang='lat' dir='ltr'><strong>pro</strong></span> <span class='ocrx_word' id='word_1_409' title='bbox 1700 4618 1830 4687; x_wconf 90' lang='lat' dir='ltr'><strong>ipsis</strong></span> <span class='ocrx_word' id='word_1_410' title='bbox 1869 4625 2085 4692; x_wconf 80' lang='lat' dir='ltr'><strong>rogabat</strong></span> 
     </span>
    </p>
   </div>
   <div class='ocr_carea' id='block_1_49' title="bbox 508 4693 2086 4789">
    <p class='ocr_par' dir='ltr' id='par_1_49' title="bbox 508 4693 2086 4789">
     <span class='ocr_line' id='line_1_49' title="bbox 508 4693 2086 4789; baseline 0.019 -45"><span class='ocrx_word' id='word_1_411' title='bbox 508 4693 700 4762; x_wconf 72' lang='lat' dir='ltr'><strong>(Exod.</strong></span> <span class='ocrx_word' id='word_1_412' title='bbox 733 4697 845 4766; x_wconf 88' lang='grc'><strong>17).</strong></span> <span class='ocrx_word' id='word_1_413' title='bbox 876 4699 1006 4766; x_wconf 89' lang='lat' dir='ltr'><strong>Quis</strong></span> <span class='ocrx_word' id='word_1_414' title='bbox 1052 4713 1201 4770; x_wconf 88' lang='lat' dir='ltr'><strong>pater</strong></span> <span class='ocrx_word' id='word_1_415' title='bbox 1239 4705 1339 4762; x_wconf 88' lang='lat' dir='ltr'><strong>hoc</strong></span> <span class='ocrx_word' id='word_1_416' title='bbox 1368 4707 1582 4766; x_wconf 79' lang='lat' dir='ltr'><strong>fecisset</strong></span> <span class='ocrx_word' id='word_1_417' title='bbox 1621 4729 1716 4782; x_wconf 91' lang='lat' dir='ltr'><strong>pro</strong></span> <span class='ocrx_word' id='word_1_418' title='bbox 1743 4731 1808 4770; x_wconf 90' lang='lat' dir='ltr'><strong>eo</strong></span> <span class='ocrx_word' id='word_1_419' title='bbox 1833 4719 1920 4787; x_wconf 91' lang='lat' dir='ltr'><strong>qui</strong></span> <span class='ocrx_word' id='word_1_420' title='bbox 1955 4721 2086 4789; x_wconf 88' lang='lat' dir='ltr'><strong>lapi-</strong></span> 
     </span>
    </p>
   </div>
   <div class='ocr_carea' id='block_1_50' title="bbox 507 4783 2082 4876">
    <p class='ocr_par' dir='ltr' id='par_1_50' title="bbox 507 4783 2082 4876">
     <span class='ocr_line' id='line_1_50' title="bbox 507 4783 2082 4876; baseline 0.019 -40"><span class='ocrx_word' id='word_1_421' title='bbox 507 4783 659 4839; x_wconf 80' lang='lat' dir='ltr'><strong>dibus</strong></span> <span class='ocrx_word' id='word_1_422' title='bbox 689 4797 999 4856; x_wconf 82' lang='lat' dir='ltr'><strong>appeteret,</strong></span> <span class='ocrx_word' id='word_1_423' title='bbox 1033 4803 1087 4847; x_wconf 93' lang='lat' dir='ltr'><strong>et</strong></span> <span class='ocrx_word' id='word_1_424' title='bbox 1111 4811 1214 4849; x_wconf 94' lang='lat' dir='ltr'><strong>non</strong></span> <span class='ocrx_word' id='word_1_425' title='bbox 1258 4797 1427 4866; x_wconf 88' lang='lat' dir='ltr'><strong>ipsmn</strong></span> <span class='ocrx_word' id='word_1_426' title='bbox 1464 4802 1732 4859; x_wconf 88' lang='lat' dir='ltr'><strong>obruisset</strong></span> <span class='ocrx_word' id='word_1_427' title='bbox 1773 4783 2082 4876; x_wconf 71' lang='lat' dir='ltr'><strong>lapidibus?</strong></span> 
     </span>
    </p>
   </div>
   <div class='ocr_carea' id='block_1_51' title="bbox 501 4876 2080 4970">
    <p class='ocr_par' dir='ltr' id='par_1_51' title="bbox 501 4876 2080 4970">
     <span class='ocr_line' id='line_1_51' title="bbox 501 4876 2080 4970; baseline 0.02 -42"><span class='ocrx_word' id='word_1_428' title='bbox 501 4876 609 4931; x_wconf 83' lang='lat' dir='ltr'><strong>llas</strong></span> <span class='ocrx_word' id='word_1_429' title='bbox 639 4893 1020 4950; x_wconf 86' lang='lat' dir='ltr'><strong>persequamur</strong></span> <span class='ocrx_word' id='word_1_430' title='bbox 1071 4896 1124 4940; x_wconf 90' lang='lat' dir='ltr'><strong>et</strong></span> <span class='ocrx_word' id='word_1_431' title='bbox 1164 4905 1468 4957; x_wconf 63' lang='lat' dir='ltr'><strong>qum-ramus</strong></span> <span class='ocrx_word' id='word_1_432' title='bbox 1507 4897 1770 4953; x_wconf 88' lang='lat' dir='ltr'><strong>amicitias</strong></span> <span class='ocrx_word' id='word_1_433' title='bbox 1799 4917 1917 4970; x_wconf 74' lang='lat' dir='ltr'><strong>qua:</strong></span> <span class='ocrx_word' id='word_1_434' title='bbox 1955 4915 2080 4961; x_wconf 90' lang='lat' dir='ltr'><strong>sunt</strong></span> 
     </span>
    </p>
   </div>
   <div class='ocr_carea' id='block_1_52' title="bbox 497 4970 2075 5058">
    <p class='ocr_par' dir='ltr' id='par_1_52' title="bbox 497 4970 2075 5058">
     <span class='ocr_line' id='line_1_52' title="bbox 497 4970 2075 5058; baseline 0.022 -39"><span class='ocrx_word' id='word_1_435' title='bbox 497 4983 560 5020; x_wconf 82' lang='lat' dir='ltr'><strong>ex</strong></span> <span class='ocrx_word' id='word_1_436' title='bbox 588 4970 774 5037; x_wconf 77' lang='lat' dir='ltr'><strong>Spiritu</strong></span> <span class='ocrx_word' id='word_1_437' title='bbox 803 4988 816 5024; x_wconf 91' lang='lat'>:</span> <span class='ocrx_word' id='word_1_438' title='bbox 844 4983 968 5026; x_wconf 90' lang='lat' dir='ltr'><strong>sunt</strong></span> <span class='ocrx_word' id='word_1_439' title='bbox 999 4977 1142 5030; x_wconf 89' lang='lat' dir='ltr'><strong>enim</strong></span> <span class='ocrx_word' id='word_1_440' title='bbox 1184 4978 1352 5036; x_wconf 90' lang='lat' dir='ltr'><strong>fortes</strong></span> <span class='ocrx_word' id='word_1_441' title='bbox 1379 4993 1427 5038; x_wconf 91' lang='lat' dir='ltr'><strong>et</strong></span> <span class='ocrx_word' id='word_1_442' title='bbox 1459 4988 1634 5041; x_wconf 89' lang='lat' dir='ltr'><strong>solutu</strong></span> <span class='ocrx_word' id='word_1_443' title='bbox 1663 4990 1941 5058; x_wconf 82' lang='lat' dir='ltr'><strong>difficiles;</strong></span> <span class='ocrx_word' id='word_1_444' title='bbox 1971 5013 2075 5053; x_wconf 88' lang='lat' dir='ltr'><strong>non</strong></span> 
     </span>
    </p>
   </div>
   <div class='ocr_carea' id='block_1_53' title="bbox 495 5069 2076 5147">
    <p class='ocr_par' dir='ltr' id='par_1_53' title="bbox 495 5069 2076 5147">
     <span class='ocr_line' id='line_1_53' title="bbox 495 5069 2076 5147; baseline 0.023 -36"><span class='ocrx_word' id='word_1_445' title='bbox 495 5074 588 5113; x_wconf 87' lang='lat' dir='ltr'><strong>eas</strong></span> <span class='ocrx_word' id='word_1_446' title='bbox 614 5076 732 5130; x_wconf 65' lang='lat' dir='ltr'><strong>quae</strong></span> <span class='ocrx_word' id='word_1_447' title='bbox 772 5078 838 5119; x_wconf 83' lang='lat' dir='ltr'><strong>ex</strong></span> <span class='ocrx_word' id='word_1_448' title='bbox 867 5069 1067 5123; x_wconf 86' lang='lat' dir='ltr'><strong>mensis</strong></span> <span class='ocrx_word' id='word_1_449' title='bbox 1091 5073 1334 5130; x_wconf 91' lang='lat' dir='ltr'><strong>oriuntur</strong></span> <span class='ocrx_word' id='word_1_450' title='bbox 1364 5095 1378 5129; x_wconf 83' lang='lat'><strong><em>:</em></strong></span> <span class='ocrx_word' id='word_1_451' title='bbox 1407 5095 1527 5134; x_wconf 90' lang='lat' dir='ltr'><strong>nam</strong></span> <span class='ocrx_word' id='word_1_452' title='bbox 1559 5083 1677 5138; x_wconf 88' lang='lat' dir='ltr'><strong>illas</strong></span> <span class='ocrx_word' id='word_1_453' title='bbox 1723 5095 1966 5144; x_wconf 88' lang='lat' dir='ltr'><strong>vetamur</strong></span> <span class='ocrx_word' id='word_1_454' title='bbox 1994 5093 2076 5147; x_wconf 87' lang='lat' dir='ltr'><strong>in-</strong></span> 
     </span>
    </p>
   </div>
   <div class='ocr_carea' id='block_1_54' title="bbox 495 5151 2072 5251">
    <p class='ocr_par' dir='ltr' id='par_1_54' title="bbox 495 5151 2072 5251">
     <span class='ocr_line' id='line_1_54' title="bbox 495 5151 2072 5251; baseline 0.023 -49"><span class='ocrx_word' id='word_1_455' title='bbox 495 5151 713 5207; x_wconf 85' lang='lat' dir='ltr'><strong>ducere.</strong></span> <span class='ocrx_word' id='word_1_456' title='bbox 745 5155 878 5209; x_wconf 79' lang='lat' dir='ltr'><strong>Audi</strong></span> <span class='ocrx_word' id='word_1_457' title='bbox 903 5159 1045 5212; x_wconf 92' lang='lat' dir='ltr'><strong>enim</strong></span> <span class='ocrx_word' id='word_1_458' title='bbox 1071 5160 1342 5220; x_wconf 87' lang='lat' dir='ltr'><strong>Christum</strong></span> <span class='ocrx_word' id='word_1_459' title='bbox 1371 5167 1637 5228; x_wconf 84' lang='lat' dir='ltr'><strong>dicentem</strong></span> <span class='ocrx_word' id='word_1_460' title='bbox 1667 5176 1716 5229; x_wconf 91' lang='lat' dir='ltr'><strong>in</strong></span> <span class='ocrx_word' id='word_1_461' title='bbox 1746 5179 2031 5251; x_wconf 79' lang='lat' dir='ltr'><strong>Evangelia</strong></span> <span class='ocrx_word' id='word_1_462' title='bbox 2057 5202 2072 5239; x_wconf 72' lang='grc' dir='ltr'><em>ε</em></span> 
     </span>
    </p>
   </div>
   <div class='ocr_carea' id='block_1_55' title="bbox 498 5239 2074 5346">
    <p class='ocr_par' dir='ltr' id='par_1_55' title="bbox 498 5239 2074 5346">
     <span class='ocr_line' id='line_1_55' title="bbox 498 5239 2074 5346; baseline 0.025 -54"><span class='ocrx_word' id='word_1_463' title='bbox 498 5239 618 5293; x_wconf 60' lang='lat' dir='ltr'><strong>Itan</strong></span> <span class='ocrx_word' id='word_1_464' title='bbox 639 5244 923 5304; x_wconf 74' lang='lat' dir='ltr'><strong>inritaveris</strong></span> <span class='ocrx_word' id='word_1_465' title='bbox 953 5253 1142 5308; x_wconf 86' lang='lat' dir='ltr'><strong>amicos</strong></span> <span class='ocrx_word' id='word_1_466' title='bbox 1169 5265 1298 5323; x_wconf 84' lang='lat' dir='ltr'><strong>tuos,</strong></span> <span class='ocrx_word' id='word_1_467' title='bbox 1329 5276 1484 5331; x_wconf 84' lang='lat' dir='ltr'><strong>neque</strong></span> <span class='ocrx_word' id='word_1_468' title='bbox 1505 5267 1692 5321; x_wconf 79' lang='lat' dir='ltr'><strong>vicinos</strong></span> <span class='ocrx_word' id='word_1_469' title='bbox 1717 5278 1848 5334; x_wconf 81' lang='lat' dir='ltr'><strong>(nos,</strong></span> <span class='ocrx_word' id='word_1_470' title='bbox 1877 5275 1923 5327; x_wconf 85' lang='lat' dir='ltr'><strong>si</strong></span> <span class='ocrx_word' id='word_1_471' title='bbox 1943 5279 2074 5346; x_wconf 81' lang='lat' dir='ltr'><strong>fece-</strong></span> 
     </span>
    </p>
   </div>
   <div class='ocr_carea' id='block_1_56' title="bbox 487 5333 2068 5436">
    <p class='ocr_par' dir='ltr' id='par_1_56' title="bbox 487 5333 2068 5436">
     <span class='ocr_line' id='line_1_56' title="bbox 487 5333 2068 5436; baseline 0.027 -56"><span class='ocrx_word' id='word_1_472' title='bbox 487 5333 563 5383; x_wconf 81' lang='lat' dir='ltr'><strong>ris</strong></span> <span class='ocrx_word' id='word_1_473' title='bbox 596 5336 896 5400; x_wconf 75' lang='lat' dir='ltr'><strong>convivium,</strong></span> <span class='ocrx_word' id='word_1_474' title='bbox 927 5341 1016 5393; x_wconf 82' lang='lat' dir='ltr'><strong>sed</strong></span> <span class='ocrx_word' id='word_1_475' title='bbox 1041 5342 1249 5399; x_wconf 80' lang='lat' dir='ltr'><strong>claudos</strong></span> <span class='ocrx_word' id='word_1_476' title='bbox 1265 5357 1311 5400; x_wconf 87' lang='lat' dir='ltr'><strong>et</strong></span> <span class='ocrx_word' id='word_1_477' title='bbox 1336 5365 1539 5406; x_wconf 83' lang='lat' dir='ltr'><strong>mancos</strong></span> <span class='ocrx_word' id='word_1_478' title='bbox 1567 5354 1713 5423; x_wconf 86' lang='lat' dir='ltr'><strong>(Luc.</strong></span> <span class='ocrx_word' id='word_1_479' title='bbox 1733 5361 1818 5414; x_wconf 75' lang='lat' dir='ltr'><strong>M.</strong></span> <span class='ocrx_word' id='word_1_480' title='bbox 1838 5333 2068 5436; x_wconf 13' lang='lat'><strong>711.15);</strong></span> 
     </span>
    </p>
   </div>
   <div class='ocr_carea' id='block_1_57' title="bbox 490 5425 2068 5512">
    <p class='ocr_par' dir='ltr' id='par_1_57' title="bbox 490 5425 2068 5512">
     <span class='ocr_line' id='line_1_57' title="bbox 490 5425 2068 5512; baseline 0.025 -40"><span class='ocrx_word' id='word_1_481' title='bbox 490 5431 543 5473; x_wconf 89' lang='lat' dir='ltr'><strong>et</strong></span> <span class='ocrx_word' id='word_1_482' title='bbox 588 5425 814 5479; x_wconf 90' lang='lat' dir='ltr'><strong>merito:</strong></span> <span class='ocrx_word' id='word_1_483' title='bbox 845 5438 929 5482; x_wconf 89' lang='lat' dir='ltr'><strong>est</strong></span> <span class='ocrx_word' id='word_1_484' title='bbox 956 5433 1098 5487; x_wconf 88' lang='lat' dir='ltr'><strong>enim</strong></span> <span class='ocrx_word' id='word_1_485' title='bbox 1129 5450 1316 5506; x_wconf 84' lang='lat' dir='ltr'><strong>magna</strong></span> <span class='ocrx_word' id='word_1_486' title='bbox 1351 5456 1445 5510; x_wconf 89' lang='lat' dir='ltr'><strong>pro</strong></span> <span class='ocrx_word' id='word_1_487' title='bbox 1477 5443 1560 5499; x_wconf 83' lang='lat' dir='ltr'><strong>liis</strong></span> <span class='ocrx_word' id='word_1_488' title='bbox 1590 5463 1816 5506; x_wconf 89' lang='lat' dir='ltr'><strong>merces.</strong></span> <span class='ocrx_word' id='word_1_489' title='bbox 1847 5456 1916 5508; x_wconf 88' lang='lat' dir='ltr'><strong>At</strong></span> <span class='ocrx_word' id='word_1_490' title='bbox 1964 5473 2068 5512; x_wconf 87' lang='lat' dir='ltr'><strong>non</strong></span> 
     </span>
    </p>
   </div>
   <div class='ocr_carea' id='block_1_58' title="bbox 487 5523 2065 5613">
    <p class='ocr_par' dir='ltr' id='par_1_58' title="bbox 487 5523 2065 5613">
     <span class='ocr_line' id='line_1_58' title="bbox 487 5523 2065 5613; baseline 0.025 -48"><span class='ocrx_word' id='word_1_491' title='bbox 487 5523 642 5581; x_wconf 84' lang='lat' dir='ltr'><strong>potes</strong></span> <span class='ocrx_word' id='word_1_492' title='bbox 666 5555 682 5582; x_wconf 90' lang='lat'><strong>,</strong></span> <span class='ocrx_word' id='word_1_493' title='bbox 717 5533 822 5572; x_wconf 86' lang='lat' dir='ltr'><strong>non</strong></span> <span class='ocrx_word' id='word_1_494' title='bbox 851 5523 1084 5581; x_wconf 88' lang='lat' dir='ltr'><strong>sustines</strong></span> <span class='ocrx_word' id='word_1_495' title='bbox 1112 5531 1379 5586; x_wconf 89' lang='lat' dir='ltr'><strong>convivari</strong></span> <span class='ocrx_word' id='word_1_496' title='bbox 1409 5549 1528 5589; x_wconf 90' lang='lat' dir='ltr'><strong>cum</strong></span> <span class='ocrx_word' id='word_1_497' title='bbox 1561 5538 1764 5597; x_wconf 91' lang='lat' dir='ltr'><strong>claudis</strong></span> <span class='ocrx_word' id='word_1_498' title='bbox 1791 5553 1844 5598; x_wconf 91' lang='lat' dir='ltr'><strong>et</strong></span> <span class='ocrx_word' id='word_1_499' title='bbox 1870 5549 2024 5603; x_wconf 83' lang='lat' dir='ltr'><strong>caecis</strong></span> <span class='ocrx_word' id='word_1_500' title='bbox 2050 5565 2065 5613; x_wconf 90' lang='lat'><strong>;</strong></span> 
     </span>
    </p>
   </div>
   <div class='ocr_carea' id='block_1_59' title="bbox 484 5607 2063 5699">
    <p class='ocr_par' dir='ltr' id='par_1_59' title="bbox 484 5607 2063 5699">
     <span class='ocr_line' id='line_1_59' title="bbox 484 5607 2063 5699; baseline 0.025 -41"><span class='ocrx_word' id='word_1_501' title='bbox 484 5607 579 5661; x_wconf 86' lang='lat' dir='ltr'><strong>sed</strong></span> <span class='ocrx_word' id='word_1_502' title='bbox 610 5609 884 5667; x_wconf 84' lang='lat' dir='ltr'><strong>existimas</strong></span> <span class='ocrx_word' id='word_1_503' title='bbox 921 5613 1023 5670; x_wconf 90' lang='lat' dir='ltr'><strong>hoc</strong></span> <span class='ocrx_word' id='word_1_504' title='bbox 1048 5634 1166 5674; x_wconf 88' lang='lat' dir='ltr'><strong>esse</strong></span> <span class='ocrx_word' id='word_1_505' title='bbox 1190 5637 1349 5691; x_wconf 80' lang='lat' dir='ltr'><strong>grave</strong></span> <span class='ocrx_word' id='word_1_506' title='bbox 1377 5636 1430 5680; x_wconf 90' lang='lat' dir='ltr'><strong>ct</strong></span> <span class='ocrx_word' id='word_1_507' title='bbox 1457 5629 1738 5686; x_wconf 85' lang='lat' dir='ltr'><strong>molestum</strong></span> <span class='ocrx_word' id='word_1_508' title='bbox 1761 5675 1776 5699; x_wconf 91' lang='lat'><strong>,</strong></span> <span class='ocrx_word' id='word_1_509' title='bbox 1827 5650 1880 5692; x_wconf 92' lang='lat' dir='ltr'><strong>et</strong></span> <span class='ocrx_word' id='word_1_510' title='bbox 1910 5656 2063 5696; x_wconf 85' lang='lat' dir='ltr'><strong>reru-</strong></span> 
     </span>
    </p>
   </div>
   <div class='ocr_carea' id='block_1_60' title="bbox 483 5699 2059 5789">
    <p class='ocr_par' dir='ltr' id='par_1_60' title="bbox 483 5699 2059 5789">
     <span class='ocr_line' id='line_1_60' title="bbox 483 5699 2059 5789; baseline 0.025 -40"><span class='ocrx_word' id='word_1_511' title='bbox 483 5699 612 5751; x_wconf 80' lang='lat' dir='ltr'><strong>sas?</strong></span> <span class='ocrx_word' id='word_1_512' title='bbox 639 5701 796 5758; x_wconf 83' lang='lat' dir='ltr'><strong>Certe</strong></span> <span class='ocrx_word' id='word_1_513' title='bbox 822 5703 871 5758; x_wconf 90' lang='lat' dir='ltr'><strong>id</strong></span> <span class='ocrx_word' id='word_1_514' title='bbox 900 5706 1067 5763; x_wconf 84' lang='lat' dir='ltr'><strong>vitare</strong></span> <span class='ocrx_word' id='word_1_515' title='bbox 1100 5726 1204 5766; x_wconf 90' lang='lat' dir='ltr'><strong>non</strong></span> <span class='ocrx_word' id='word_1_516' title='bbox 1227 5727 1521 5786; x_wconf 85' lang='lat' dir='ltr'><strong>oporteret,</strong></span> <span class='ocrx_word' id='word_1_517' title='bbox 1553 5723 1646 5779; x_wconf 88' lang='lat' dir='ltr'><strong>scd</strong></span> <span class='ocrx_word' id='word_1_518' title='bbox 1671 5725 1720 5780; x_wconf 90' lang='lat' dir='ltr'><strong>id</strong></span> <span class='ocrx_word' id='word_1_519' title='bbox 1749 5727 1924 5784; x_wconf 83' lang='lat' dir='ltr'><strong>facere</strong></span> <span class='ocrx_word' id='word_1_520' title='bbox 1954 5750 2059 5789; x_wconf 86' lang='lat' dir='ltr'><strong>non</strong></span> 
     </span>
    </p>
   </div>
   <div class='ocr_carea' id='block_1_61' title="bbox 1235 281 3070 366">
    <p class='ocr_par' dir='ltr' id='par_1_61' title="bbox 1235 281 3070 366">
     <span class='ocr_line' id='line_1_61' title="bbox 1235 281 3070 366; baseline 0.015 -28"><span class='ocrx_word' id='word_1_521' title='bbox 1235 281 1293 338; x_wconf 88' lang='lat' dir='ltr'><strong>S.</strong></span> <span class='ocrx_word' id='word_1_522' title='bbox 1359 283 1632 341; x_wconf 77' lang='lat' dir='ltr'><strong>JOANNIS</strong></span> <span class='ocrx_word' id='word_1_523' title='bbox 1667 281 2141 340; x_wconf 73' lang='lat' dir='ltr'><strong>CHRYSOSTOMI</strong></span> <span class='ocrx_word' id='word_1_524' title='bbox 2183 283 2497 343; x_wconf 73' lang='lat' dir='ltr'><strong>ARCHIEP.</strong></span> <span class='ocrx_word' id='word_1_525' title='bbox 2538 291 3070 366; x_wconf 72' lang='lat' dir='ltr'><strong>CONSTANTINOP.</strong></span> 
     </span>
    </p>
   </div>
   <div class='ocr_carea' id='block_1_62' title="bbox 3728 334 3836 390">
    <p class='ocr_par' dir='ltr' id='par_1_62' title="bbox 3728 334 3836 390">
     <span class='ocr_line' id='line_1_62' title="bbox 3728 334 3836 390; baseline 0.019 -2"><span class='ocrx_word' id='word_1_526' title='bbox 3728 334 3836 390; x_wconf 54' lang='lat' dir='ltr'><strong>31M</strong></span> 
     </span>
    </p>
   </div>
   <div class='ocr_carea' id='block_1_63' title="bbox 2248 411 3838 515">
    <p class='ocr_par' dir='ltr' id='par_1_63' title="bbox 2248 411 3838 515">
     <span class='ocr_line' id='line_1_63' title="bbox 2248 411 3838 515; baseline 0.032 -59"><span class='ocrx_word' id='word_1_527' title='bbox 2248 411 2332 458; x_wconf 88' lang='lat' dir='ltr'><strong>est</strong></span> <span class='ocrx_word' id='word_1_528' title='bbox 2357 421 2596 468; x_wconf 89' lang='lat' dir='ltr'><strong>necesse.</strong></span> <span class='ocrx_word' id='word_1_529' title='bbox 2639 415 2695 472; x_wconf 87' lang='lat' dir='ltr'><strong>Si</strong></span> <span class='ocrx_word' id='word_1_530' title='bbox 2723 434 2830 476; x_wconf 88' lang='lat' dir='ltr'><strong>non</strong></span> <span class='ocrx_word' id='word_1_531' title='bbox 2858 422 3050 483; x_wconf 82' lang='lat' dir='ltr'><strong>feceris</strong></span> <span class='ocrx_word' id='word_1_532' title='bbox 3083 445 3178 488; x_wconf 87' lang='lat' dir='ltr'><strong>eos</strong></span> <span class='ocrx_word' id='word_1_533' title='bbox 3209 441 3383 491; x_wconf 86' lang='lat' dir='ltr'><strong>tecum</strong></span> <span class='ocrx_word' id='word_1_534' title='bbox 3430 443 3705 503; x_wconf 85' lang='lat' dir='ltr'><strong>considere</strong></span> <span class='ocrx_word' id='word_1_535' title='bbox 3731 492 3748 515; x_wconf 92' lang='lat'><strong>,</strong></span> <span class='ocrx_word' id='word_1_536' title='bbox 3803 467 3838 506; x_wconf 85' lang='lat' dir='ltr'><strong>e</strong></span> 
     </span>
    </p>
   </div>
   <div class='ocr_carea' id='block_1_64' title="bbox 2247 506 3836 601">
    <p class='ocr_par' dir='ltr' id='par_1_64' title="bbox 2247 506 3836 601">
     <span class='ocr_line' id='line_1_64' title="bbox 2247 506 3836 601; baseline 0.03 -52"><span class='ocrx_word' id='word_1_537' title='bbox 2247 511 2430 554; x_wconf 89' lang='lat' dir='ltr'><strong>mensa</strong></span> <span class='ocrx_word' id='word_1_538' title='bbox 2461 510 2548 558; x_wconf 89' lang='lat' dir='ltr'><strong>tua</strong></span> <span class='ocrx_word' id='word_1_539' title='bbox 2575 506 2641 560; x_wconf 90' lang='lat' dir='ltr'><strong>ad</strong></span> <span class='ocrx_word' id='word_1_540' title='bbox 2665 524 2761 564; x_wconf 90' lang='lat' dir='ltr'><strong>cos</strong></span> <span class='ocrx_word' id='word_1_541' title='bbox 2790 514 2944 570; x_wconf 91' lang='lat' dir='ltr'><strong>mitte</strong></span> <span class='ocrx_word' id='word_1_542' title='bbox 2984 519 3186 577; x_wconf 92' lang='lat' dir='ltr'><strong>cibum.</strong></span> <span class='ocrx_word' id='word_1_543' title='bbox 3219 525 3352 583; x_wconf 85' lang='lat' dir='ltr'><strong>Nam</strong></span> <span class='ocrx_word' id='word_1_544' title='bbox 3381 532 3474 601; x_wconf 89' lang='lat' dir='ltr'><strong>qui</strong></span> <span class='ocrx_word' id='word_1_545' title='bbox 3520 538 3719 594; x_wconf 87' lang='lat' dir='ltr'><strong>amicos</strong></span> <span class='ocrx_word' id='word_1_546' title='bbox 3733 506 3836 596; x_wconf 33' lang='lat' dir='ltr'><strong>viu-</strong></span> 
     </span>
    </p>
   </div>
   <div class='ocr_carea' id='block_1_65' title="bbox 2245 587 3832 693">
    <p class='ocr_par' dir='ltr' id='par_1_65' title="bbox 2245 587 3832 693">
     <span class='ocr_line' id='line_1_65' title="bbox 2245 587 3832 693; baseline 0.033 -55"><span class='ocrx_word' id='word_1_547' title='bbox 2245 587 2392 653; x_wconf 88' lang='lat' dir='ltr'><strong>vitat,</strong></span> <span class='ocrx_word' id='word_1_548' title='bbox 2419 591 2549 648; x_wconf 90' lang='lat' dir='ltr'><strong>nihil</strong></span> <span class='ocrx_word' id='word_1_549' title='bbox 2575 611 2824 668; x_wconf 80' lang='lat' dir='ltr'><strong>magnum</strong></span> <span class='ocrx_word' id='word_1_550' title='bbox 2849 603 3009 675; x_wconf 86' lang='lat' dir='ltr'><strong>facit;</strong></span> <span class='ocrx_word' id='word_1_551' title='bbox 3036 609 3122 666; x_wconf 91' lang='lat' dir='ltr'><strong>hic</strong></span> <span class='ocrx_word' id='word_1_552' title='bbox 3136 617 3280 672; x_wconf 89' lang='lat' dir='ltr'><strong>enim</strong></span> <span class='ocrx_word' id='word_1_553' title='bbox 3301 587 3507 693; x_wconf 74' lang='lat' dir='ltr'><strong>accepit</strong></span> <span class='ocrx_word' id='word_1_554' title='bbox 3525 632 3832 688; x_wconf 82' lang='lat' dir='ltr'><strong>mercedem</strong></span> 
     </span>
    </p>
   </div>
   <div class='ocr_carea' id='block_1_66' title="bbox 2243 685 3830 786">
    <p class='ocr_par' dir='ltr' id='par_1_66' title="bbox 2243 685 3830 786">
     <span class='ocr_line' id='line_1_66' title="bbox 2243 685 3830 786; baseline 0.032 -57"><span class='ocrx_word' id='word_1_555' title='bbox 2243 691 2394 786; x_wconf 73' lang='lat' dir='ltr'><strong>suam</strong></span> <span class='ocrx_word' id='word_1_556' title='bbox 2423 697 2437 734; x_wconf 91' lang='lat'><strong>:</strong></span> <span class='ocrx_word' id='word_1_557' title='bbox 2466 685 2554 754; x_wconf 90' lang='lat' dir='ltr'><strong>qui</strong></span> <span class='ocrx_word' id='word_1_558' title='bbox 2585 699 2762 746; x_wconf 87' lang='lat' dir='ltr'><strong>autem</strong></span> <span class='ocrx_word' id='word_1_559' title='bbox 2789 693 2979 754; x_wconf 87' lang='lat' dir='ltr'><strong>invitat</strong></span> <span class='ocrx_word' id='word_1_560' title='bbox 3007 704 3253 762; x_wconf 90' lang='lat' dir='ltr'><strong>mutilum</strong></span> <span class='ocrx_word' id='word_1_561' title='bbox 3283 720 3340 766; x_wconf 90' lang='lat' dir='ltr'><strong>et</strong></span> <span class='ocrx_word' id='word_1_562' title='bbox 3369 685 3654 786; x_wconf 65' lang='lat' dir='ltr'><strong>pauperem</strong></span> <span class='ocrx_word' id='word_1_563' title='bbox 3681 763 3696 786; x_wconf 94' lang='lat'><strong>,</strong></span> <span class='ocrx_word' id='word_1_564' title='bbox 3728 685 3830 777; x_wconf 56' lang='lat' dir='ltr'><strong>lia:</strong></span> 
     </span>
    </p>
   </div>
   <div class='ocr_carea' id='block_1_67' title="bbox 2243 768 3835 882">
    <p class='ocr_par' dir='ltr' id='par_1_67' title="bbox 2243 768 3835 882">
     <span class='ocr_line' id='line_1_67' title="bbox 2243 768 3835 882; baseline 0.03 -59"><span class='ocrx_word' id='word_1_565' title='bbox 2243 768 2331 825; x_wconf 91' lang='lat' dir='ltr'><strong>bet</strong></span> <span class='ocrx_word' id='word_1_566' title='bbox 2357 773 2519 882; x_wconf 46' lang='lat' dir='ltr'><strong>[Teum</strong></span> <span class='ocrx_word' id='word_1_567' title='bbox 2549 777 2868 841; x_wconf 90' lang='lat' dir='ltr'><strong>debitorem.</strong></span> <span class='ocrx_word' id='word_1_568' title='bbox 2903 789 2982 845; x_wconf 86' lang='lat' dir='ltr'><strong>Ne</strong></span> <span class='ocrx_word' id='word_1_569' title='bbox 3007 808 3136 866; x_wconf 77' lang='lat' dir='ltr'><strong>ergo</strong></span> <span class='ocrx_word' id='word_1_570' title='bbox 3165 813 3308 870; x_wconf 67' lang='lat' dir='ltr'><strong>aegre</strong></span> <span class='ocrx_word' id='word_1_571' title='bbox 3337 768 3835 882; x_wconf 21' lang='lat' dir='ltr'><strong>tertiario—siquando</strong></span> 
     </span>
    </p>
   </div>
   <div class='ocr_carea' id='block_1_68' title="bbox 2242 862 3828 972">
    <p class='ocr_par' dir='ltr' id='par_1_68' title="bbox 2242 862 3828 972">
     <span class='ocr_line' id='line_1_68' title="bbox 2242 862 3828 972; baseline 0.031 -59"><span class='ocrx_word' id='word_1_572' title='bbox 2242 875 2347 916; x_wconf 93' lang='lat' dir='ltr'><strong>uon</strong></span> <span class='ocrx_word' id='word_1_573' title='bbox 2492 875 2858 941; x_wconf 86' lang='lat' dir='ltr'><strong>acceperimus</strong></span> <span class='ocrx_word' id='word_1_574' title='bbox 2878 919 2894 945; x_wconf 90' lang='lat'><strong>,</strong></span> <span class='ocrx_word' id='word_1_575' title='bbox 2927 882 3021 939; x_wconf 85' lang='lat' dir='ltr'><strong>sed</strong></span> <span class='ocrx_word' id='word_1_576' title='bbox 3048 862 3264 954; x_wconf 68' lang='lat' dir='ltr'><strong>quando</strong></span> <span class='ocrx_word' id='word_1_577' title='bbox 3293 891 3381 950; x_wconf 88' lang='lat' dir='ltr'><strong>hic</strong></span> <span class='ocrx_word' id='word_1_578' title='bbox 3410 862 3828 972; x_wconf 62' lang='grc' dir='ltr'><strong>θεοερεὲίῖιῖἆξ</strong></span> 
     </span>
    </p>
   </div>
   <div class='ocr_carea' id='block_1_69' title="bbox 2241 955 3830 1051">
    <p class='ocr_par' dir='ltr' id='par_1_69' title="bbox 2241 955 3830 1051">
     <span class='ocr_line' id='line_1_69' title="bbox 2241 955 3830 1051; baseline 0.031 -47"><span class='ocrx_word' id='word_1_579' title='bbox 2241 966 2362 1051; x_wconf 79' lang='lat' dir='ltr'><strong>nam</strong></span> <span class='ocrx_word' id='word_1_580' title='bbox 2391 955 2500 1051; x_wconf 66' lang='lat' dir='ltr'><strong>illic</strong></span> <span class='ocrx_word' id='word_1_581' title='bbox 2529 975 2634 1016; x_wconf 92' lang='lat' dir='ltr'><strong>non</strong></span> <span class='ocrx_word' id='word_1_582' title='bbox 2659 966 3008 1036; x_wconf 82' lang='lat' dir='ltr'><strong>accipiemus.</strong></span> <span class='ocrx_word' id='word_1_583' title='bbox 3037 973 3299 1037; x_wconf 89' lang='lat' dir='ltr'><strong>Similiter</strong></span> <span class='ocrx_word' id='word_1_584' title='bbox 3319 1024 3336 1048; x_wconf 88' lang='lat'><strong>,</strong></span> <span class='ocrx_word' id='word_1_585' title='bbox 3376 987 3422 1041; x_wconf 87' lang='lat' dir='ltr'><strong>si</strong></span> <span class='ocrx_word' id='word_1_586' title='bbox 3453 955 3830 1051; x_wconf 13' lang='lat' dir='ltr'><strong>homo,</strong></span> 
     </span>
    </p>
   </div>
   <div class='ocr_carea' id='block_1_70' title="bbox 2239 1039 3828 1145">
    <p class='ocr_par' dir='ltr' id='par_1_70' title="bbox 2239 1039 3828 1145">
     <span class='ocr_line' id='line_1_70' title="bbox 2239 1039 3828 1145; baseline 0.031 -51"><span class='ocrx_word' id='word_1_587' title='bbox 2239 1039 2398 1145; x_wconf 65' lang='lat' dir='ltr'><strong>derit,</strong></span> <span class='ocrx_word' id='word_1_588' title='bbox 2419 1045 2558 1145; x_wconf 52' lang='lat' dir='ltr'><strong>heus</strong></span> <span class='ocrx_word' id='word_1_589' title='bbox 2577 1066 2683 1107; x_wconf 90' lang='lat' dir='ltr'><strong>non</strong></span> <span class='ocrx_word' id='word_1_590' title='bbox 2711 1056 2917 1120; x_wconf 86' lang='lat' dir='ltr'><strong>reddit;</strong></span> <span class='ocrx_word' id='word_1_591' title='bbox 2937 1063 2982 1117; x_wconf 89' lang='lat' dir='ltr'><strong>si</strong></span> <span class='ocrx_word' id='word_1_592' title='bbox 3008 1065 3094 1121; x_wconf 86' lang='lat' dir='ltr'><strong>hic</strong></span> <span class='ocrx_word' id='word_1_593' title='bbox 3123 1083 3228 1124; x_wconf 92' lang='lat' dir='ltr'><strong>non</strong></span> <span class='ocrx_word' id='word_1_594' title='bbox 3255 1039 3614 1145; x_wconf 50' lang='lat' dir='ltr'><strong>reddet,—</strong></span> 
     </span>
    </p>
   </div>
   <div class='ocr_carea' id='block_1_71' title="bbox 2239 1132 3824 1250">
    <p class='ocr_par' dir='ltr' id='par_1_71' title="bbox 2239 1132 3824 1250">
     <span class='ocr_line' id='line_1_71' title="bbox 2239 1132 3824 1250; baseline 0.032 -62"><span class='ocrx_word' id='word_1_595' title='bbox 2239 1132 2398 1193; x_wconf 87' lang='lat' dir='ltr'><strong>Deus.</strong></span> <span class='ocrx_word' id='word_1_596' title='bbox 2424 1138 2502 1196; x_wconf 88' lang='lat' dir='ltr'><strong>Ne</strong></span> <span class='ocrx_word' id='word_1_597' title='bbox 2524 1157 2654 1250; x_wconf 47' lang='lat' dir='ltr'><strong>ergo</strong></span> <span class='ocrx_word' id='word_1_598' title='bbox 2679 1146 2799 1250; x_wconf 77' lang='lat' dir='ltr'><strong>illos</strong></span> <span class='ocrx_word' id='word_1_599' title='bbox 2824 1166 3128 1223; x_wconf 63' lang='lat' dir='ltr'><strong>queramus</strong></span> <span class='ocrx_word' id='word_1_600' title='bbox 3170 1162 3432 1225; x_wconf 87' lang='lat' dir='ltr'><strong>beneficio</strong></span> <span class='ocrx_word' id='word_1_601' title='bbox 3451 1132 3824 1250; x_wconf 60' lang='lat' dir='ltr'><strong>afficere</strong></span> 
     </span>
    </p>
   </div>
   <div class='ocr_carea' id='block_1_72' title="bbox 2240 1233 3823 1328">
    <p class='ocr_par' dir='ltr' id='par_1_72' title="bbox 2240 1233 3823 1328">
     <span class='ocr_line' id='line_1_72' title="bbox 2240 1233 3823 1328; baseline 0.03 -48"><span class='ocrx_word' id='word_1_602' title='bbox 2240 1240 2463 1328; x_wconf 74' lang='lat' dir='ltr'><strong>possunt</strong></span> <span class='ocrx_word' id='word_1_603' title='bbox 2488 1233 2642 1328; x_wconf 80' lang='lat' dir='ltr'><strong>nobis</strong></span> <span class='ocrx_word' id='word_1_604' title='bbox 2663 1239 2890 1300; x_wconf 87' lang='lat' dir='ltr'><strong>reddere</strong></span> <span class='ocrx_word' id='word_1_605' title='bbox 2915 1261 2930 1311; x_wconf 92' lang='lat'><strong>;</strong></span> <span class='ocrx_word' id='word_1_606' title='bbox 2961 1263 3136 1320; x_wconf 86' lang='lat' dir='ltr'><strong>neque</strong></span> <span class='ocrx_word' id='word_1_607' title='bbox 3163 1254 3262 1312; x_wconf 88' lang='lat' dir='ltr'><strong>hac</strong></span> <span class='ocrx_word' id='word_1_608' title='bbox 3290 1272 3386 1328; x_wconf 91' lang='lat' dir='ltr'><strong>spe</strong></span> <span class='ocrx_word' id='word_1_609' title='bbox 3413 1263 3492 1318; x_wconf 88' lang='lat' dir='ltr'><strong>eis</strong></span> <span class='ocrx_word' id='word_1_610' title='bbox 3518 1233 3823 1326; x_wconf 57' lang='lat' dir='ltr'><strong>benefacia:</strong></span> 
     </span>
    </p>
   </div>
   <div class='ocr_carea' id='block_1_73' title="bbox 2238 1321 3825 1416">
    <p class='ocr_par' dir='ltr' id='par_1_73' title="bbox 2238 1321 3825 1416">
     <span class='ocr_line' id='line_1_73' title="bbox 2238 1321 3825 1416; baseline 0.03 -46"><span class='ocrx_word' id='word_1_611' title='bbox 2238 1332 2357 1416; x_wconf 83' lang='lat' dir='ltr'><strong>mus</strong></span> <span class='ocrx_word' id='word_1_612' title='bbox 2387 1338 2401 1375; x_wconf 88' lang='lat'><strong>:</strong></span> <span class='ocrx_word' id='word_1_613' title='bbox 2435 1321 2624 1416; x_wconf 79' lang='lat' dir='ltr'><strong>frigida</strong></span> <span class='ocrx_word' id='word_1_614' title='bbox 2655 1340 2739 1385; x_wconf 85' lang='lat' dir='ltr'><strong>est</strong></span> <span class='ocrx_word' id='word_1_615' title='bbox 2777 1331 2893 1389; x_wconf 68' lang='lat' dir='ltr'><strong>haec</strong></span> <span class='ocrx_word' id='word_1_616' title='bbox 2933 1341 3208 1410; x_wconf 75' lang='lat' dir='ltr'><strong>cogitatio.</strong></span> <span class='ocrx_word' id='word_1_617' title='bbox 3249 1321 3583 1409; x_wconf 47' lang='lat' dir='ltr'><strong>Si-amicum</strong></span> 
     </span>
    </p>
   </div>
   <div class='ocr_carea' id='block_1_74' title="bbox 2235 1413 3825 1517">
    <p class='ocr_par' dir='ltr' id='par_1_74' title="bbox 2235 1413 3825 1517">
     <span class='ocr_line' id='line_1_74' title="bbox 2235 1413 3825 1517; baseline 0.028 -53"><span class='ocrx_word' id='word_1_618' title='bbox 2235 1413 2399 1480; x_wconf 85' lang='lat' dir='ltr'><strong>veris,</strong></span> <span class='ocrx_word' id='word_1_619' title='bbox 2430 1415 2498 1471; x_wconf 89' lang='lat' dir='ltr'><strong>ad</strong></span> <span class='ocrx_word' id='word_1_620' title='bbox 2529 1435 2804 1492; x_wconf 86' lang='lat' dir='ltr'><strong>vesperam</strong></span> <span class='ocrx_word' id='word_1_621' title='bbox 2836 1443 3006 1500; x_wconf 91' lang='lat' dir='ltr'><strong>usque</strong></span> <span class='ocrx_word' id='word_1_622' title='bbox 3031 1445 3112 1490; x_wconf 89' lang='lat' dir='ltr'><strong>est</strong></span> <span class='ocrx_word' id='word_1_623' title='bbox 3133 1440 3300 1506; x_wconf 75' lang='lat' dir='ltr'><strong>gratia</strong></span> <span class='ocrx_word' id='word_1_624' title='bbox 3329 1459 3343 1496; x_wconf 93' lang='lat'>:</span> <span class='ocrx_word' id='word_1_625' title='bbox 3375 1457 3659 1517; x_wconf 86' lang='lat' dir='ltr'><strong>propterea</strong></span> <span class='ocrx_word' id='word_1_626' title='bbox 3687 1462 3825 1508; x_wconf 80' lang='lat' dir='ltr'><strong>tem-</strong></span> 
     </span>
    </p>
   </div>
   <div class='ocr_carea' id='block_1_75' title="bbox 2234 1509 3821 1613">
    <p class='ocr_par' dir='ltr' id='par_1_75' title="bbox 2234 1509 3821 1613">
     <span class='ocr_line' id='line_1_75' title="bbox 2234 1509 3821 1613; baseline 0.03 -58"><span class='ocrx_word' id='word_1_627' title='bbox 2234 1519 2466 1573; x_wconf 88' lang='lat' dir='ltr'><strong>poranea</strong></span> <span class='ocrx_word' id='word_1_628' title='bbox 2498 1509 2614 1568; x_wconf 73' lang='lat' dir='ltr'><strong>haec</strong></span> <span class='ocrx_word' id='word_1_629' title='bbox 2641 1518 2871 1574; x_wconf 89' lang='lat' dir='ltr'><strong>amicitia</strong></span> <span class='ocrx_word' id='word_1_630' title='bbox 2899 1523 3057 1582; x_wconf 88' lang='lat' dir='ltr'><strong>citius</strong></span> <span class='ocrx_word' id='word_1_631' title='bbox 3086 1531 3312 1588; x_wconf 88' lang='lat' dir='ltr'><strong>solvitur</strong></span> <span class='ocrx_word' id='word_1_632' title='bbox 3336 1575 3352 1601; x_wconf 90' lang='lat'><strong>,</strong></span> <span class='ocrx_word' id='word_1_633' title='bbox 3375 1509 3534 1606; x_wconf 68' lang='lat' dir='ltr'><strong>quam</strong></span> <span class='ocrx_word' id='word_1_634' title='bbox 3567 1556 3821 1613; x_wconf 80' lang='lat' dir='ltr'><strong>expensa:</strong></span> 
     </span>
    </p>
   </div>
   <div class='ocr_carea' id='block_1_76' title="bbox 2232 1596 3816 1708">
    <p class='ocr_par' dir='ltr' id='par_1_76' title="bbox 2232 1596 3816 1708">
     <span class='ocr_line' id='line_1_76' title="bbox 2232 1596 3816 1708; baseline 0.03 -59"><span class='ocrx_word' id='word_1_635' title='bbox 2232 1596 2502 1656; x_wconf 85' lang='lat' dir='ltr'><strong>difﬂuunt.</strong></span> <span class='ocrx_word' id='word_1_636' title='bbox 2533 1604 2828 1678; x_wconf 86' lang='lat' dir='ltr'><strong>Pauperem</strong></span> <span class='ocrx_word' id='word_1_637' title='bbox 2853 1625 3032 1674; x_wconf 86' lang='lat' dir='ltr'><strong>autem</strong></span> <span class='ocrx_word' id='word_1_638' title='bbox 3056 1631 3109 1677; x_wconf 91' lang='lat' dir='ltr'><strong>et</strong></span> <span class='ocrx_word' id='word_1_639' title='bbox 3138 1596 3460 1687; x_wconf 50' lang='lat' dir='ltr'><strong>mancum-si</strong></span> <span class='ocrx_word' id='word_1_640' title='bbox 3484 1596 3816 1708; x_wconf 65' lang='lat' dir='ltr'><strong>invitaret-is,</strong></span> 
     </span>
    </p>
   </div>
   <div class='ocr_carea' id='block_1_77' title="bbox 2232 1701 3820 1802">
    <p class='ocr_par' dir='ltr' id='par_1_77' title="bbox 2232 1701 3820 1802">
     <span class='ocr_line' id='line_1_77' title="bbox 2232 1701 3820 1802; baseline 0.032 -63"><span class='ocrx_word' id='word_1_641' title='bbox 2232 1701 2521 1797; x_wconf 78' lang='lat' dir='ltr'><strong>numquam</strong></span> <span class='ocrx_word' id='word_1_642' title='bbox 2574 1702 2768 1767; x_wconf 89' lang='lat' dir='ltr'><strong>peribit</strong></span> <span class='ocrx_word' id='word_1_643' title='bbox 2804 1709 2976 1776; x_wconf 73' lang='lat' dir='ltr'><strong>gratia</strong></span> <span class='ocrx_word' id='word_1_644' title='bbox 3019 1728 3035 1768; x_wconf 89' lang='lat'><strong>:</strong></span> <span class='ocrx_word' id='word_1_645' title='bbox 3083 1715 3250 1774; x_wconf 83' lang='lat' dir='ltr'><strong>Deum</strong></span> <span class='ocrx_word' id='word_1_646' title='bbox 3299 1723 3443 1778; x_wconf 90' lang='lat' dir='ltr'><strong>enim</strong></span> <span class='ocrx_word' id='word_1_647' title='bbox 3485 1729 3576 1798; x_wconf 91' lang='lat' dir='ltr'><strong>qui</strong></span> <span class='ocrx_word' id='word_1_648' title='bbox 3603 1701 3820 1802; x_wconf 75' lang='lat' dir='ltr'><strong>semper</strong></span> 
     </span>
    </p>
   </div>
   <div class='ocr_carea' id='block_1_78' title="bbox 2231 1783 3814 1888">
    <p class='ocr_par' dir='ltr' id='par_1_78' title="bbox 2231 1783 3814 1888">
     <span class='ocr_line' id='line_1_78' title="bbox 2231 1783 3814 1888; baseline 0.031 -56"><span class='ocrx_word' id='word_1_649' title='bbox 2231 1783 2494 1888; x_wconf 66' lang='lat' dir='ltr'><strong>meminit,</strong></span> <span class='ocrx_word' id='word_1_650' title='bbox 2524 1799 2576 1843; x_wconf 89' lang='lat' dir='ltr'><strong>et</strong></span> <span class='ocrx_word' id='word_1_651' title='bbox 2603 1807 2890 1866; x_wconf 86' lang='lat' dir='ltr'><strong>numquam</strong></span> <span class='ocrx_word' id='word_1_652' title='bbox 2915 1801 3278 1878; x_wconf 89' lang='lat' dir='ltr'><strong>obliviscitur,</strong></span> <span class='ocrx_word' id='word_1_653' title='bbox 3312 1783 3676 1888; x_wconf 50' lang='lat' dir='ltr'><strong>habes‘ipsum</strong></span> <span class='ocrx_word' id='word_1_654' title='bbox 3718 1783 3814 1879; x_wconf 77' lang='lat' dir='ltr'><strong>de-</strong></span> 
     </span>
    </p>
   </div>
   <div class='ocr_carea' id='block_1_79' title="bbox 2229 1869 3812 1982">
    <p class='ocr_par' dir='ltr' id='par_1_79' title="bbox 2229 1869 3812 1982">
     <span class='ocr_line' id='line_1_79' title="bbox 2229 1869 3812 1982; baseline 0.028 -58"><span class='ocrx_word' id='word_1_655' title='bbox 2229 1869 2480 1931; x_wconf 86' lang='lat' dir='ltr'><strong>bitorem.</strong></span> <span class='ocrx_word' id='word_1_656' title='bbox 2511 1879 2680 1947; x_wconf 91' lang='lat' dir='ltr'><strong>Quam</strong></span> <span class='ocrx_word' id='word_1_657' title='bbox 2711 1889 2888 1956; x_wconf 89' lang='lat' dir='ltr'><strong>pusilli</strong></span> <span class='ocrx_word' id='word_1_658' title='bbox 2919 1903 3098 1952; x_wconf 87' lang='lat' dir='ltr'><strong>autem</strong></span> <span class='ocrx_word' id='word_1_659' title='bbox 3133 1909 3188 1954; x_wconf 92' lang='lat' dir='ltr'><strong>et</strong></span> <span class='ocrx_word' id='word_1_660' title='bbox 3214 1903 3394 1961; x_wconf 92' lang='lat' dir='ltr'><strong>mollis</strong></span> <span class='ocrx_word' id='word_1_661' title='bbox 3418 1948 3433 1972; x_wconf 93' lang='lat'><strong>,</strong></span> <span class='ocrx_word' id='word_1_662' title='bbox 3479 1869 3589 1971; x_wconf 59' lang='lat' dir='ltr'><strong>dire,</strong></span> <span class='ocrx_word' id='word_1_663' title='bbox 3609 1929 3812 1982; x_wconf 60' lang='lat' dir='ltr'><strong>quamn,</strong></span> 
     </span>
    </p>
   </div>
   <div class='ocr_carea' id='block_1_80' title="bbox 2227 1969 3816 2073">
    <p class='ocr_par' dir='ltr' id='par_1_80' title="bbox 2227 1969 3816 2073">
     <span class='ocr_line' id='line_1_80' title="bbox 2227 1969 3816 2073; baseline 0.031 -57"><span class='ocrx_word' id='word_1_664' title='bbox 2227 1976 2310 2018; x_wconf 90' lang='lat' dir='ltr'><strong>est</strong></span> <span class='ocrx_word' id='word_1_665' title='bbox 2333 1969 2496 2024; x_wconf 90' lang='lat' dir='ltr'><strong>animi</strong></span> <span class='ocrx_word' id='word_1_666' title='bbox 2522 2014 2536 2037; x_wconf 97' lang='lat'><strong>,</strong></span> <span class='ocrx_word' id='word_1_667' title='bbox 2595 1991 2699 2032; x_wconf 89' lang='lat' dir='ltr'><strong>non</strong></span> <span class='ocrx_word' id='word_1_668' title='bbox 2751 1995 2910 2050; x_wconf 84' lang='lat' dir='ltr'><strong>posse</strong></span> <span class='ocrx_word' id='word_1_669' title='bbox 2957 1991 3241 2050; x_wconf 89' lang='lat' dir='ltr'><strong>considere</strong></span> <span class='ocrx_word' id='word_1_670' title='bbox 3287 2012 3408 2053; x_wconf 92' lang='lat' dir='ltr'><strong>cum</strong></span> <span class='ocrx_word' id='word_1_671' title='bbox 3453 2009 3816 2073; x_wconf 78' lang='lat' dir='ltr'><strong>pauperibus?</strong></span> 
     </span>
    </p>
   </div>
   <div class='ocr_carea' id='block_1_81' title="bbox 2226 2055 3813 2156">
    <p class='ocr_par' dir='ltr' id='par_1_81' title="bbox 2226 2055 3813 2156">
     <span class='ocr_line' id='line_1_81' title="bbox 2226 2055 3813 2156; baseline 0.03 -48"><span class='ocrx_word' id='word_1_672' title='bbox 2226 2055 2363 2122; x_wconf 89' lang='lat' dir='ltr'><strong>Quid</strong></span> <span class='ocrx_word' id='word_1_673' title='bbox 2390 2061 2557 2120; x_wconf 87' lang='lat' dir='ltr'><strong>dicis?</strong></span> <span class='ocrx_word' id='word_1_674' title='bbox 2577 2067 2672 2123; x_wconf 84' lang='lat' dir='ltr'><strong>Est</strong></span> <span class='ocrx_word' id='word_1_675' title='bbox 2701 2071 3025 2148; x_wconf 90' lang='lat' dir='ltr'><strong>immundus,</strong></span> <span class='ocrx_word' id='word_1_676' title='bbox 3055 2082 3249 2154; x_wconf 84' lang='lat' dir='ltr'><strong>inquit,</strong></span> <span class='ocrx_word' id='word_1_677' title='bbox 3279 2099 3334 2144; x_wconf 90' lang='lat' dir='ltr'><strong>et</strong></span> <span class='ocrx_word' id='word_1_678' title='bbox 3362 2055 3636 2152; x_wconf 64' lang='lat' dir='ltr'><strong>sordidus.</strong></span> <span class='ocrx_word' id='word_1_679' title='bbox 3669 2100 3813 2156; x_wconf 82' lang='lat' dir='ltr'><strong>Lava</strong></span> 
     </span>
    </p>
   </div>
   <div class='ocr_carea' id='block_1_82' title="bbox 2225 2156 3814 2250">
    <p class='ocr_par' dir='ltr' id='par_1_82' title="bbox 2225 2156 3814 2250">
     <span class='ocr_line' id='line_1_82' title="bbox 2225 2156 3814 2250; baseline 0.03 -48"><span class='ocrx_word' id='word_1_680' title='bbox 2225 2163 2368 2216; x_wconf 90' lang='lat' dir='ltr'><strong>eum,</strong></span> <span class='ocrx_word' id='word_1_681' title='bbox 2411 2163 2464 2209; x_wconf 89' lang='lat' dir='ltr'><strong>et</strong></span> <span class='ocrx_word' id='word_1_682' title='bbox 2509 2156 2616 2214; x_wconf 92' lang='lat' dir='ltr'><strong>duc</strong></span> <span class='ocrx_word' id='word_1_683' title='bbox 2638 2163 2703 2216; x_wconf 88' lang='lat' dir='ltr'><strong>ad</strong></span> <span class='ocrx_word' id='word_1_684' title='bbox 2736 2173 2877 2222; x_wconf 92' lang='lat' dir='ltr'><strong>tuam</strong></span> <span class='ocrx_word' id='word_1_685' title='bbox 2906 2185 3168 2231; x_wconf 87' lang='lat' dir='ltr'><strong>mensam.</strong></span> <span class='ocrx_word' id='word_1_686' title='bbox 3198 2181 3264 2233; x_wconf 88' lang='lat' dir='ltr'><strong>At</strong></span> <span class='ocrx_word' id='word_1_687' title='bbox 3295 2185 3505 2241; x_wconf 87' lang='lat' dir='ltr'><strong>sordida</strong></span> <span class='ocrx_word' id='word_1_688' title='bbox 3533 2188 3695 2247; x_wconf 88' lang='lat' dir='ltr'><strong>habet</strong></span> <span class='ocrx_word' id='word_1_689' title='bbox 3729 2211 3814 2250; x_wconf 78' lang='lat' dir='ltr'><strong>vc-</strong></span> 
     </span>
    </p>
   </div>
   <div class='ocr_carea' id='block_1_83' title="bbox 2223 2241 3399 2328">
    <p class='ocr_par' dir='ltr' id='par_1_83' title="bbox 2223 2241 3399 2328">
     <span class='ocr_line' id='line_1_83' title="bbox 2223 2241 3399 2328; baseline 0.026 -35"><span class='ocrx_word' id='word_1_690' title='bbox 2223 2241 2512 2301; x_wconf 87' lang='lat' dir='ltr'><strong>stimenta?</strong></span> <span class='ocrx_word' id='word_1_691' title='bbox 2540 2250 2700 2321; x_wconf 79' lang='lat' dir='ltr'><strong>Muta,</strong></span> <span class='ocrx_word' id='word_1_692' title='bbox 2726 2265 2779 2310; x_wconf 90' lang='lat' dir='ltr'><strong>et</strong></span> <span class='ocrx_word' id='word_1_693' title='bbox 2802 2257 2870 2313; x_wconf 85' lang='lat' dir='ltr'><strong>da</strong></span> <span class='ocrx_word' id='word_1_694' title='bbox 2898 2265 3148 2322; x_wconf 88' lang='lat' dir='ltr'><strong>mundam</strong></span> <span class='ocrx_word' id='word_1_695' title='bbox 3176 2279 3399 2328; x_wconf 86' lang='lat' dir='ltr'><strong>vestem.</strong></span> 
     </span>
    </p>
   </div>
   <div class='ocr_carea' id='block_1_84' title="bbox 2293 2336 3805 2438">
    <p class='ocr_par' dir='ltr' id='par_1_84' title="bbox 2293 2336 3805 2438">
     <span class='ocr_line' id='line_1_84' title="bbox 2293 2336 3805 2438; baseline 0.031 -52"><span class='ocrx_word' id='word_1_696' title='bbox 2293 2336 2347 2389; x_wconf 72' lang='grc'><strong>4.</strong></span> <span class='ocrx_word' id='word_1_697' title='bbox 2371 2336 2549 2394; x_wconf 81' lang='lat' dir='ltr'><strong>Mensa</strong></span> <span class='ocrx_word' id='word_1_698' title='bbox 2576 2361 2854 2416; x_wconf 82' lang='lat' dir='ltr'><strong>pauperum</strong></span> <span class='ocrx_word' id='word_1_699' title='bbox 2875 2353 3084 2411; x_wconf 82' lang='lat' dir='ltr'><strong>divitum</strong></span> <span class='ocrx_word' id='word_1_700' title='bbox 3124 2377 3310 2418; x_wconf 79' lang='lat' dir='ltr'><strong>mensa:</strong></span> <span class='ocrx_word' id='word_1_701' title='bbox 3331 2375 3682 2438; x_wconf 81' lang='lat' dir='ltr'><strong>anteponenda</strong></span> <span class='ocrx_word' id='word_1_702' title='bbox 3713 2389 3805 2432; x_wconf 77' lang='lat' dir='ltr'><strong>est.</strong></span> 
     </span>
    </p>
   </div>
   <div class='ocr_carea' id='block_1_85' title="bbox 2226 2421 3810 2532">
    <p class='ocr_par' dir='ltr' id='par_1_85' title="bbox 2226 2421 3810 2532">
     <span class='ocr_line' id='line_1_85' title="bbox 2226 2421 3810 2532; baseline 0.032 -57"><span class='ocrx_word' id='word_1_703' title='bbox 2226 2421 2524 2485; x_wconf 72' lang='lat' dir='ltr'><strong>Luxuriosa:</strong></span> <span class='ocrx_word' id='word_1_704' title='bbox 2549 2450 2735 2492; x_wconf 65' lang='lat' dir='ltr'><strong>meust:</strong></span> <span class='ocrx_word' id='word_1_705' title='bbox 2763 2441 3246 2514; x_wconf 80' lang='lat' dir='ltr'><strong>descriptio.—Non</strong></span> <span class='ocrx_word' id='word_1_706' title='bbox 3279 2457 3427 2514; x_wconf 91' lang='lat' dir='ltr'><strong>vides</strong></span> <span class='ocrx_word' id='word_1_707' title='bbox 3457 2476 3714 2532; x_wconf 88' lang='lat' dir='ltr'><strong>quantum</strong></span> <span class='ocrx_word' id='word_1_708' title='bbox 3745 2472 3810 2524; x_wconf 83' lang='lat' dir='ltr'><strong>sit</strong></span> 
     </span>
    </p>
   </div>
   <div class='ocr_carea' id='block_1_86' title="bbox 2221 2518 3811 2626">
    <p class='ocr_par' dir='ltr' id='par_1_86' title="bbox 2221 2518 3811 2626">
     <span class='ocr_line' id='line_1_86' title="bbox 2221 2518 3811 2626; baseline 0.028 -55"><span class='ocrx_word' id='word_1_709' title='bbox 2221 2518 2424 2576; x_wconf 87' lang='lat' dir='ltr'><strong>lucrmn</strong></span> <span class='ocrx_word' id='word_1_710' title='bbox 2449 2524 2735 2587; x_wconf 85' lang='lat' dir='ltr'><strong>?Christus</strong></span> <span class='ocrx_word' id='word_1_711' title='bbox 2762 2549 2860 2603; x_wconf 88' lang='lat' dir='ltr'><strong>per</strong></span> <span class='ocrx_word' id='word_1_712' title='bbox 2885 2536 3057 2608; x_wconf 89' lang='lat' dir='ltr'><strong>ipsum</strong></span> <span class='ocrx_word' id='word_1_713' title='bbox 3101 2546 3328 2614; x_wconf 90' lang='lat' dir='ltr'><strong>accedit,</strong></span> <span class='ocrx_word' id='word_1_714' title='bbox 3369 2561 3423 2606; x_wconf 90' lang='lat' dir='ltr'><strong>et</strong></span> <span class='ocrx_word' id='word_1_715' title='bbox 3463 2518 3515 2608; x_wconf 71' lang='lat' dir='ltr'><strong>th</strong></span> <span class='ocrx_word' id='word_1_716' title='bbox 3564 2571 3661 2626; x_wconf 91' lang='lat' dir='ltr'><strong>pro</strong></span> <span class='ocrx_word' id='word_1_717' title='bbox 3707 2560 3811 2616; x_wconf 88' lang='lat' dir='ltr'><strong>hoc</strong></span> 
     </span>
    </p>
   </div>
   <div class='ocr_carea' id='block_1_87' title="bbox 2223 2621 3810 2713">
    <p class='ocr_par' dir='ltr' id='par_1_87' title="bbox 2223 2621 3810 2713">
     <span class='ocr_line' id='line_1_87' title="bbox 2223 2621 3810 2713; baseline 0.028 -48"><span class='ocrx_word' id='word_1_718' title='bbox 2223 2628 2283 2681; x_wconf 89' lang='lat' dir='ltr'><strong>pa</strong></span> <span class='ocrx_word' id='word_1_719' title='bbox 2293 2631 2412 2670; x_wconf 91' lang='lat' dir='ltr'><strong>rcus</strong></span> <span class='ocrx_word' id='word_1_720' title='bbox 2429 2633 2488 2673; x_wconf 90' lang='lat' dir='ltr'><strong>es</strong></span> <span class='ocrx_word' id='word_1_721' title='bbox 2509 2621 2530 2673; x_wconf 91' lang='lat'><strong>?</strong></span> <span class='ocrx_word' id='word_1_722' title='bbox 2553 2621 2750 2693; x_wconf 77' lang='lat' dir='ltr'><strong>Regem</strong></span> <span class='ocrx_word' id='word_1_723' title='bbox 2771 2627 2836 2681; x_wconf 90' lang='lat' dir='ltr'><strong>ad</strong></span> <span class='ocrx_word' id='word_1_724' title='bbox 2857 2645 3096 2688; x_wconf 89' lang='lat' dir='ltr'><strong>mensam</strong></span> <span class='ocrx_word' id='word_1_725' title='bbox 3125 2636 3370 2707; x_wconf 90' lang='lat' dir='ltr'><strong>iuvitans,</strong></span> <span class='ocrx_word' id='word_1_726' title='bbox 3391 2659 3486 2713; x_wconf 93' lang='lat' dir='ltr'><strong>pro</strong></span> <span class='ocrx_word' id='word_1_727' title='bbox 3505 2647 3586 2702; x_wconf 88' lang='lat' dir='ltr'><strong>his</strong></span> <span class='ocrx_word' id='word_1_728' title='bbox 3615 2651 3810 2708; x_wconf 83' lang='lat' dir='ltr'><strong>times?</strong></span> 
     </span>
    </p>
   </div>
   <div class='ocr_carea' id='block_1_88' title="bbox 2223 2706 3809 2811">
    <p class='ocr_par' dir='ltr' id='par_1_88' title="bbox 2223 2706 3809 2811">
     <span class='ocr_line' id='line_1_88' title="bbox 2223 2706 3809 2811; baseline 0.026 -52"><span class='ocrx_word' id='word_1_729' title='bbox 2223 2706 2494 2765; x_wconf 87' lang='lat' dir='ltr'><strong>Pouantur</strong></span> <span class='ocrx_word' id='word_1_730' title='bbox 2519 2714 2640 2770; x_wconf 65' lang='lat' dir='ltr'><strong>duae</strong></span> <span class='ocrx_word' id='word_1_731' title='bbox 2686 2733 2917 2788; x_wconf 69' lang='lat' dir='ltr'><strong>mensae;</strong></span> <span class='ocrx_word' id='word_1_732' title='bbox 2946 2734 3000 2780; x_wconf 92' lang='lat' dir='ltr'><strong>et</strong></span> <span class='ocrx_word' id='word_1_733' title='bbox 3032 2727 3200 2784; x_wconf 89' lang='lat' dir='ltr'><strong>altera</strong></span> <span class='ocrx_word' id='word_1_734' title='bbox 3243 2706 3456 2802; x_wconf 79' lang='lat' dir='ltr'><strong>quidem</strong></span> <span class='ocrx_word' id='word_1_735' title='bbox 3485 2737 3566 2793; x_wconf 80' lang='lat' dir='ltr'><strong>his</strong></span> <span class='ocrx_word' id='word_1_736' title='bbox 3593 2745 3809 2811; x_wconf 82' lang='lat' dir='ltr'><strong>replea-</strong></span> 
     </span>
    </p>
   </div>
   <div class='ocr_carea' id='block_1_89' title="bbox 2220 2803 3809 2894">
    <p class='ocr_par' dir='ltr' id='par_1_89' title="bbox 2220 2803 3809 2894">
     <span class='ocr_line' id='line_1_89' title="bbox 2220 2803 3809 2894; baseline 0.026 -43"><span class='ocrx_word' id='word_1_737' title='bbox 2220 2808 2323 2866; x_wconf 88' lang='lat' dir='ltr'><strong>tur,</strong></span> <span class='ocrx_word' id='word_1_738' title='bbox 2353 2812 2407 2856; x_wconf 90' lang='lat' dir='ltr'><strong>et</strong></span> <span class='ocrx_word' id='word_1_739' title='bbox 2437 2803 2630 2862; x_wconf 89' lang='lat' dir='ltr'><strong>habeat</strong></span> <span class='ocrx_word' id='word_1_740' title='bbox 2658 2823 2849 2875; x_wconf 70' lang='lat' dir='ltr'><strong>cmcos,</strong></span> <span class='ocrx_word' id='word_1_741' title='bbox 2879 2815 3080 2875; x_wconf 90' lang='lat' dir='ltr'><strong>debiles</strong></span> <span class='ocrx_word' id='word_1_742' title='bbox 3105 2831 3160 2876; x_wconf 92' lang='lat' dir='ltr'><strong>et</strong></span> <span class='ocrx_word' id='word_1_743' title='bbox 3193 2824 3411 2881; x_wconf 87' lang='lat' dir='ltr'><strong>claudos</strong></span> <span class='ocrx_word' id='word_1_744' title='bbox 3430 2869 3445 2894; x_wconf 88' lang='lat'><strong>,</strong></span> <span class='ocrx_word' id='word_1_745' title='bbox 3479 2803 3728 2889; x_wconf 74' lang='lat' dir='ltr'><strong>manibus</strong></span> <span class='ocrx_word' id='word_1_746' title='bbox 3757 2849 3809 2894; x_wconf 87' lang='lat' dir='ltr'><strong>et</strong></span> 
     </span>
    </p>
   </div>
   <div class='ocr_carea' id='block_1_90' title="bbox 2220 2892 3804 2990">
    <p class='ocr_par' dir='ltr' id='par_1_90' title="bbox 2220 2892 3804 2990">
     <span class='ocr_line' id='line_1_90' title="bbox 2220 2892 3804 2990; baseline 0.027 -47"><span class='ocrx_word' id='word_1_747' title='bbox 2220 2892 2362 2947; x_wconf 90' lang='lat' dir='ltr'><strong>tibiis</strong></span> <span class='ocrx_word' id='word_1_748' title='bbox 2387 2898 2683 2968; x_wconf 89' lang='lat' dir='ltr'><strong>mutilatos,</strong></span> <span class='ocrx_word' id='word_1_749' title='bbox 2717 2906 2870 2962; x_wconf 88' lang='lat' dir='ltr'><strong>nudis</strong></span> <span class='ocrx_word' id='word_1_750' title='bbox 2895 2910 3118 2978; x_wconf 89' lang='lat' dir='ltr'><strong>pedibus</strong></span> <span class='ocrx_word' id='word_1_751' title='bbox 3146 2926 3200 2970; x_wconf 91' lang='lat' dir='ltr'><strong>et</strong></span> <span class='ocrx_word' id='word_1_752' title='bbox 3229 2892 3662 2990; x_wconf 32' lang='lat' dir='ltr'><strong>absque—calceis.</strong></span> <span class='ocrx_word' id='word_1_753' title='bbox 3697 2945 3804 2986; x_wconf 88' lang='lat' dir='ltr'><strong>una</strong></span> 
     </span>
    </p>
   </div>
   <div class='ocr_carea' id='block_1_91' title="bbox 2218 2986 3808 3077">
    <p class='ocr_par' dir='ltr' id='par_1_91' title="bbox 2218 2986 3808 3077">
     <span class='ocr_line' id='line_1_91' title="bbox 2218 2986 3808 3077; baseline 0.025 -41"><span class='ocrx_word' id='word_1_754' title='bbox 2218 2986 2392 3042; x_wconf 91' lang='lat' dir='ltr'><strong>tunica</strong></span> <span class='ocrx_word' id='word_1_755' title='bbox 2447 2990 2657 3048; x_wconf 91' lang='lat' dir='ltr'><strong>indutos</strong></span> <span class='ocrx_word' id='word_1_756' title='bbox 2703 3011 2871 3067; x_wconf 88' lang='lat' dir='ltr'><strong>eaque</strong></span> <span class='ocrx_word' id='word_1_757' title='bbox 2922 3001 3156 3060; x_wconf 87' lang='lat' dir='ltr'><strong>detrita:</strong></span> <span class='ocrx_word' id='word_1_758' title='bbox 3193 2986 3358 3065; x_wconf 84' lang='lat' dir='ltr'><strong>altera</strong></span> <span class='ocrx_word' id='word_1_759' title='bbox 3390 3025 3564 3069; x_wconf 90' lang='lat' dir='ltr'><strong>autem</strong></span> <span class='ocrx_word' id='word_1_760' title='bbox 3610 3018 3808 3077; x_wconf 87' lang='lat' dir='ltr'><strong>habeat</strong></span> 
     </span>
    </p>
   </div>
   <div class='ocr_carea' id='block_1_92' title="bbox 2216 3085 3806 3180">
    <p class='ocr_par' dir='ltr' id='par_1_92' title="bbox 2216 3085 3806 3180">
     <span class='ocr_line' id='line_1_92' title="bbox 2216 3085 3806 3180; baseline 0.025 -52"><span class='ocrx_word' id='word_1_761' title='bbox 2216 3085 2492 3145; x_wconf 88' lang='lat' dir='ltr'><strong>potentes,</strong></span> <span class='ocrx_word' id='word_1_762' title='bbox 2536 3087 2866 3144; x_wconf 88' lang='lat' dir='ltr'><strong>exercituum</strong></span> <span class='ocrx_word' id='word_1_763' title='bbox 2898 3091 3149 3152; x_wconf 91' lang='lat' dir='ltr'><strong>ductores</strong></span> <span class='ocrx_word' id='word_1_764' title='bbox 3171 3139 3186 3160; x_wconf 89' lang='lat'><strong>,</strong></span> <span class='ocrx_word' id='word_1_765' title='bbox 3231 3104 3511 3170; x_wconf 85' lang='lat' dir='ltr'><strong>toparchas</strong></span> <span class='ocrx_word' id='word_1_766' title='bbox 3533 3149 3547 3170; x_wconf 92' lang='lat'><strong>,</strong></span> <span class='ocrx_word' id='word_1_767' title='bbox 3578 3125 3806 3180; x_wconf 82' lang='lat' dir='ltr'><strong>magnos</strong></span> 
     </span>
    </p>
   </div>
   <div class='ocr_carea' id='block_1_93' title="bbox 2216 3169 3801 3268">
    <p class='ocr_par' dir='ltr' id='par_1_93' title="bbox 2216 3169 3801 3268">
     <span class='ocr_line' id='line_1_93' title="bbox 2216 3169 3801 3268; baseline 0.024 -48"><span class='ocrx_word' id='word_1_768' title='bbox 2216 3169 2504 3240; x_wconf 86' lang='lat' dir='ltr'><strong>principes,</strong></span> <span class='ocrx_word' id='word_1_769' title='bbox 2529 3178 2772 3241; x_wconf 83' lang='lat' dir='ltr'><strong>pretiosis</strong></span> <span class='ocrx_word' id='word_1_770' title='bbox 2803 3181 3015 3240; x_wconf 90' lang='lat' dir='ltr'><strong>indutos</strong></span> <span class='ocrx_word' id='word_1_771' title='bbox 3040 3169 3697 3268; x_wconf 61' lang='lat' dir='ltr'><strong>vestibussubtilibusque</strong></span> <span class='ocrx_word' id='word_1_772' title='bbox 3718 3213 3801 3258; x_wconf 83' lang='lat' dir='ltr'><strong>te-</strong></span> 
     </span>
    </p>
   </div>
   <div class='ocr_carea' id='block_1_94' title="bbox 2213 3261 3800 3348">
    <p class='ocr_par' dir='ltr' id='par_1_94' title="bbox 2213 3261 3800 3348">
     <span class='ocr_line' id='line_1_94' title="bbox 2213 3261 3800 3348; baseline 0.021 -34"><span class='ocrx_word' id='word_1_773' title='bbox 2213 3261 2277 3316; x_wconf 90' lang='lat' dir='ltr'><strong>lis</strong></span> <span class='ocrx_word' id='word_1_774' title='bbox 2292 3262 2467 3331; x_wconf 76' lang='lat' dir='ltr'><strong>lineis,</strong></span> <span class='ocrx_word' id='word_1_775' title='bbox 2488 3269 2741 3340; x_wconf 88' lang='lat' dir='ltr'><strong>zonisque</strong></span> <span class='ocrx_word' id='word_1_776' title='bbox 2761 3273 2968 3331; x_wconf 88' lang='lat' dir='ltr'><strong>cinctos</strong></span> <span class='ocrx_word' id='word_1_777' title='bbox 2987 3279 3184 3336; x_wconf 88' lang='lat' dir='ltr'><strong>aureis.</strong></span> <span class='ocrx_word' id='word_1_778' title='bbox 3203 3283 3408 3340; x_wconf 85' lang='lat' dir='ltr'><strong>Rursus</strong></span> <span class='ocrx_word' id='word_1_779' title='bbox 3432 3287 3517 3343; x_wconf 91' lang='lat' dir='ltr'><strong>hic</strong></span> <span class='ocrx_word' id='word_1_780' title='bbox 3537 3291 3585 3343; x_wconf 90' lang='lat' dir='ltr'><strong>in</strong></span> <span class='ocrx_word' id='word_1_781' title='bbox 3611 3308 3800 3348; x_wconf 84' lang='lat' dir='ltr'><strong>mensa</strong></span> 
     </span>
    </p>
   </div>
   <div class='ocr_carea' id='block_1_95' title="bbox 2215 3363 3799 3449">
    <p class='ocr_par' dir='ltr' id='par_1_95' title="bbox 2215 3363 3799 3449">
     <span class='ocr_line' id='line_1_95' title="bbox 2215 3363 3799 3449; baseline 0.026 -46"><span class='ocrx_word' id='word_1_782' title='bbox 2215 3369 2506 3426; x_wconf 70' lang='lat' dir='ltr'><strong>pauperum</strong></span> <span class='ocrx_word' id='word_1_783' title='bbox 2536 3377 2636 3417; x_wconf 88' lang='lat' dir='ltr'><strong>nec</strong></span> <span class='ocrx_word' id='word_1_784' title='bbox 2663 3363 2732 3418; x_wconf 90' lang='lat' dir='ltr'><strong>sit</strong></span> <span class='ocrx_word' id='word_1_785' title='bbox 2775 3378 3054 3438; x_wconf 83' lang='lat' dir='ltr'><strong>argentum</strong></span> <span class='ocrx_word' id='word_1_786' title='bbox 3076 3413 3090 3435; x_wconf 87' lang='lat'><strong>,</strong></span> <span class='ocrx_word' id='word_1_787' title='bbox 3117 3389 3218 3431; x_wconf 91' lang='lat' dir='ltr'><strong>nec</strong></span> <span class='ocrx_word' id='word_1_788' title='bbox 3261 3378 3366 3431; x_wconf 92' lang='lat' dir='ltr'><strong>vini</strong></span> <span class='ocrx_word' id='word_1_789' title='bbox 3405 3385 3628 3437; x_wconf 90' lang='lat' dir='ltr'><strong>multum</strong></span> <span class='ocrx_word' id='word_1_790' title='bbox 3651 3426 3665 3449; x_wconf 87' lang='lat'><strong>,</strong></span> <span class='ocrx_word' id='word_1_791' title='bbox 3694 3389 3799 3443; x_wconf 88' lang='lat' dir='ltr'><strong>sed</strong></span> 
     </span>
    </p>
   </div>
   <div class='ocr_carea' id='block_1_96' title="bbox 2209 3449 3801 3539">
    <p class='ocr_par' dir='ltr' id='par_1_96' title="bbox 2209 3449 3801 3539">
     <span class='ocr_line' id='line_1_96' title="bbox 2209 3449 3801 3539; baseline 0.022 -40"><span class='ocrx_word' id='word_1_792' title='bbox 2209 3449 2351 3517; x_wconf 89' lang='lat' dir='ltr'><strong>quod</strong></span> <span class='ocrx_word' id='word_1_793' title='bbox 2381 3452 2508 3506; x_wconf 90' lang='lat' dir='ltr'><strong>satis</strong></span> <span class='ocrx_word' id='word_1_794' title='bbox 2536 3453 2604 3508; x_wconf 89' lang='lat' dir='ltr'><strong>sit</strong></span> <span class='ocrx_word' id='word_1_795' title='bbox 2632 3464 2687 3511; x_wconf 89' lang='lat' dir='ltr'><strong>et</strong></span> <span class='ocrx_word' id='word_1_796' title='bbox 2715 3460 2883 3526; x_wconf 89' lang='lat' dir='ltr'><strong>possit</strong></span> <span class='ocrx_word' id='word_1_797' title='bbox 2917 3463 3215 3522; x_wconf 86' lang='lat' dir='ltr'><strong>exhilarare</strong></span> <span class='ocrx_word' id='word_1_798' title='bbox 3248 3487 3262 3523; x_wconf 91' lang='lat'><strong>:</strong></span> <span class='ocrx_word' id='word_1_799' title='bbox 3295 3473 3478 3539; x_wconf 88' lang='lat' dir='ltr'><strong>pocula</strong></span> <span class='ocrx_word' id='word_1_800' title='bbox 3525 3486 3704 3530; x_wconf 70' lang='lat' dir='ltr'><strong>autem</strong></span> <span class='ocrx_word' id='word_1_801' title='bbox 3746 3491 3801 3535; x_wconf 85' lang='lat' dir='ltr'><strong>et</strong></span> 
     </span>
    </p>
   </div>
   <div class='ocr_carea' id='block_1_97' title="bbox 2210 3544 3797 3625">
    <p class='ocr_par' dir='ltr' id='par_1_97' title="bbox 2210 3544 3797 3625">
     <span class='ocr_line' id='line_1_97' title="bbox 2210 3544 3797 3625; baseline 0.02 -31"><span class='ocrx_word' id='word_1_802' title='bbox 2210 3556 2332 3596; x_wconf 87' lang='lat' dir='ltr'><strong>vasa</strong></span> <span class='ocrx_word' id='word_1_803' title='bbox 2378 3544 2564 3601; x_wconf 90' lang='lat' dir='ltr'><strong>relicta</strong></span> <span class='ocrx_word' id='word_1_804' title='bbox 2613 3548 2855 3606; x_wconf 89' lang='lat' dir='ltr'><strong>confecta</strong></span> <span class='ocrx_word' id='word_1_805' title='bbox 2896 3555 3003 3609; x_wconf 93' lang='lat' dir='ltr'><strong>sint</strong></span> <span class='ocrx_word' id='word_1_806' title='bbox 3031 3573 3094 3611; x_wconf 90' lang='lat' dir='ltr'><strong>ex</strong></span> <span class='ocrx_word' id='word_1_807' title='bbox 3141 3560 3278 3615; x_wconf 89' lang='lat' dir='ltr'><strong>vitro</strong></span> <span class='ocrx_word' id='word_1_808' title='bbox 3307 3563 3443 3618; x_wconf 94' lang='lat' dir='ltr'><strong>solo.</strong></span> <span class='ocrx_word' id='word_1_809' title='bbox 3475 3564 3587 3620; x_wconf 90' lang='lat' dir='ltr'><strong>Illic</strong></span> <span class='ocrx_word' id='word_1_810' title='bbox 3612 3579 3797 3625; x_wconf 87' lang='lat' dir='ltr'><strong>autem</strong></span> 
     </span>
    </p>
   </div>
   <div class='ocr_carea' id='block_1_98' title="bbox 2209 3634 3798 3728">
    <p class='ocr_par' dir='ltr' id='par_1_98' title="bbox 2209 3634 3798 3728">
     <span class='ocr_line' id='line_1_98' title="bbox 2209 3634 3798 3728; baseline 0.018 -41"><span class='ocrx_word' id='word_1_811' title='bbox 2209 3634 2260 3687; x_wconf 89' lang='lat' dir='ltr'><strong>iu</strong></span> <span class='ocrx_word' id='word_1_812' title='bbox 2285 3651 2467 3691; x_wconf 87' lang='lat' dir='ltr'><strong>mensa</strong></span> <span class='ocrx_word' id='word_1_813' title='bbox 2498 3639 2719 3696; x_wconf 89' lang='lat' dir='ltr'><strong>divitum</strong></span> <span class='ocrx_word' id='word_1_814' title='bbox 2743 3658 2865 3698; x_wconf 90' lang='lat' dir='ltr'><strong>vasa</strong></span> <span class='ocrx_word' id='word_1_815' title='bbox 2890 3647 3104 3715; x_wconf 89' lang='lat' dir='ltr'><strong>quidem</strong></span> <span class='ocrx_word' id='word_1_816' title='bbox 3130 3653 3306 3706; x_wconf 88' lang='lat' dir='ltr'><strong>omnia</strong></span> <span class='ocrx_word' id='word_1_817' title='bbox 3335 3655 3442 3709; x_wconf 88' lang='lat' dir='ltr'><strong>siut</strong></span> <span class='ocrx_word' id='word_1_818' title='bbox 3473 3671 3538 3710; x_wconf 87' lang='lat' dir='ltr'><strong>ex</strong></span> <span class='ocrx_word' id='word_1_819' title='bbox 3568 3670 3798 3728; x_wconf 79' lang='lat' dir='ltr'><strong>argento</strong></span> 
     </span>
    </p>
   </div>
   <div class='ocr_carea' id='block_1_99' title="bbox 2207 3733 3793 3807">
    <p class='ocr_par' dir='ltr' id='par_1_99' title="bbox 2207 3733 3793 3807">
     <span class='ocr_line' id='line_1_99' title="bbox 2207 3733 3793 3807; baseline 0.018 -29"><span class='ocrx_word' id='word_1_820' title='bbox 2207 3733 2260 3779; x_wconf 87' lang='lat' dir='ltr'><strong>et</strong></span> <span class='ocrx_word' id='word_1_821' title='bbox 2303 3743 2456 3793; x_wconf 86' lang='lat' dir='ltr'><strong>auro,</strong></span> <span class='ocrx_word' id='word_1_822' title='bbox 2492 3737 2547 3784; x_wconf 87' lang='lat' dir='ltr'><strong>et</strong></span> <span class='ocrx_word' id='word_1_823' title='bbox 2595 3748 2662 3787; x_wconf 91' lang='lat' dir='ltr'><strong>ne</strong></span> <span class='ocrx_word' id='word_1_824' title='bbox 2716 3750 2852 3789; x_wconf 88' lang='lat' dir='ltr'><strong>unus</strong></span> <span class='ocrx_word' id='word_1_825' title='bbox 2902 3738 3115 3806; x_wconf 90' lang='lat' dir='ltr'><strong>quidem</strong></span> <span class='ocrx_word' id='word_1_826' title='bbox 3163 3744 3298 3798; x_wconf 86' lang='lat' dir='ltr'><strong>ferat</strong></span> <span class='ocrx_word' id='word_1_827' title='bbox 3336 3747 3793 3807; x_wconf 85' lang='lat' dir='ltr'><strong>semieircularem</strong></span> 
     </span>
    </p>
   </div>
   <div class='ocr_carea' id='block_1_100' title="bbox 2206 3823 3792 3900">
    <p class='ocr_par' dir='ltr' id='par_1_100' title="bbox 2206 3823 3792 3900">
     <span class='ocr_line' id='line_1_100' title="bbox 2206 3823 3792 3900; baseline 0.019 -31"><span class='ocrx_word' id='word_1_828' title='bbox 2206 3832 2443 3874; x_wconf 87' lang='lat' dir='ltr'><strong>mensam</strong></span> <span class='ocrx_word' id='word_1_829' title='bbox 2475 3823 2571 3893; x_wconf 89' lang='lat' dir='ltr'><strong>(a),</strong></span> <span class='ocrx_word' id='word_1_830' title='bbox 2594 3824 2688 3879; x_wconf 84' lang='lat' dir='ltr'><strong>sed</strong></span> <span class='ocrx_word' id='word_1_831' title='bbox 2715 3827 2820 3882; x_wconf 92' lang='lat' dir='ltr'><strong>duo</strong></span> <span class='ocrx_word' id='word_1_832' title='bbox 2849 3828 3215 3888; x_wconf 89' lang='lat' dir='ltr'><strong>adolescentes</strong></span> <span class='ocrx_word' id='word_1_833' title='bbox 3235 3837 3320 3891; x_wconf 87' lang='lat' dir='ltr'><strong>vix</strong></span> <span class='ocrx_word' id='word_1_834' title='bbox 3349 3852 3466 3893; x_wconf 89' lang='lat' dir='ltr'><strong>eam</strong></span> <span class='ocrx_word' id='word_1_835' title='bbox 3500 3855 3753 3898; x_wconf 87' lang='lat' dir='ltr'><strong>moveant</strong></span> <span class='ocrx_word' id='word_1_836' title='bbox 3779 3866 3792 3900; x_wconf 93' lang='lat'>:</span> 
     </span>
    </p>
   </div>
   <div class='ocr_carea' id='block_1_101' title="bbox 2203 3909 3788 4002">
    <p class='ocr_par' dir='ltr' id='par_1_101' title="bbox 2203 3909 3788 4002">
     <span class='ocr_line' id='line_1_101' title="bbox 2203 3909 3788 4002; baseline 0.016 -38"><span class='ocrx_word' id='word_1_837' title='bbox 2203 3909 2274 3964; x_wconf 91' lang='lat' dir='ltr'><strong>sit</strong></span> <span class='ocrx_word' id='word_1_838' title='bbox 2317 3920 2368 3965; x_wconf 88' lang='lat' dir='ltr'><strong>ct</strong></span> <span class='ocrx_word' id='word_1_839' title='bbox 2417 3913 2589 3981; x_wconf 88' lang='lat' dir='ltr'><strong>phiala</strong></span> <span class='ocrx_word' id='word_1_840' title='bbox 2635 3932 2795 3973; x_wconf 88' lang='lat' dir='ltr'><strong>aurea</strong></span> <span class='ocrx_word' id='word_1_841' title='bbox 2824 3922 3001 3990; x_wconf 92' lang='lat' dir='ltr'><strong>pondo</strong></span> <span class='ocrx_word' id='word_1_842' title='bbox 3027 3923 3232 3981; x_wconf 89' lang='lat' dir='ltr'><strong>dimidii</strong></span> <span class='ocrx_word' id='word_1_843' title='bbox 3261 3929 3479 3997; x_wconf 87' lang='lat' dir='ltr'><strong>talenti,</strong></span> <span class='ocrx_word' id='word_1_844' title='bbox 3513 3948 3669 4002; x_wconf 90' lang='lat' dir='ltr'><strong>quam</strong></span> <span class='ocrx_word' id='word_1_845' title='bbox 3699 3936 3788 3990; x_wconf 80' lang='lat' dir='ltr'><strong>vix</strong></span> 
     </span>
    </p>
   </div>
   <div class='ocr_carea' id='block_1_102' title="bbox 2201 4000 3790 4082">
    <p class='ocr_par' dir='ltr' id='par_1_102' title="bbox 2201 4000 3790 4082">
     <span class='ocr_line' id='line_1_102' title="bbox 2201 4000 3790 4082; baseline 0.017 -28"><span class='ocrx_word' id='word_1_846' title='bbox 2201 4000 2307 4054; x_wconf 87' lang='lat' dir='ltr'><strong>duo</strong></span> <span class='ocrx_word' id='word_1_847' title='bbox 2329 4005 2556 4069; x_wconf 88' lang='lat' dir='ltr'><strong>juvenes</strong></span> <span class='ocrx_word' id='word_1_848' title='bbox 2579 4023 2796 4064; x_wconf 86' lang='lat' dir='ltr'><strong>movere</strong></span> <span class='ocrx_word' id='word_1_849' title='bbox 2822 4013 3060 4082; x_wconf 89' lang='lat' dir='ltr'><strong>possint;</strong></span> <span class='ocrx_word' id='word_1_850' title='bbox 3094 4025 3147 4071; x_wconf 90' lang='lat' dir='ltr'><strong>et</strong></span> <span class='ocrx_word' id='word_1_851' title='bbox 3175 4017 3366 4074; x_wconf 91' lang='lat' dir='ltr'><strong>ordine</strong></span> <span class='ocrx_word' id='word_1_852' title='bbox 3401 4022 3518 4076; x_wconf 77' lang='lat' dir='ltr'><strong>sita:</strong></span> <span class='ocrx_word' id='word_1_853' title='bbox 3535 4025 3642 4078; x_wconf 91' lang='lat' dir='ltr'><strong>siut</strong></span> <span class='ocrx_word' id='word_1_854' title='bbox 3665 4043 3790 4080; x_wconf 86' lang='lat' dir='ltr'><strong>am-</strong></span> 
     </span>
    </p>
   </div>
   <div class='ocr_carea' id='block_1_103' title="bbox 2203 4091 3789 4184">
    <p class='ocr_par' dir='ltr' id='par_1_103' title="bbox 2203 4091 3789 4184">
     <span class='ocr_line' id='line_1_103' title="bbox 2203 4091 3789 4184; baseline 0.018 -43"><span class='ocrx_word' id='word_1_855' title='bbox 2203 4091 2383 4160; x_wconf 72' lang='lat' dir='ltr'><strong>pllOl‘tB</strong></span> <span class='ocrx_word' id='word_1_856' title='bbox 2401 4095 2559 4166; x_wconf 82' lang='lat' dir='ltr'><strong>longe</strong></span> <span class='ocrx_word' id='word_1_857' title='bbox 2576 4098 2765 4155; x_wconf 90' lang='lat' dir='ltr'><strong>melius</strong></span> <span class='ocrx_word' id='word_1_858' title='bbox 2791 4118 2947 4171; x_wconf 87' lang='lat' dir='ltr'><strong>quam</strong></span> <span class='ocrx_word' id='word_1_859' title='bbox 2969 4116 3212 4177; x_wconf 80' lang='lat' dir='ltr'><strong>argento,</strong></span> <span class='ocrx_word' id='word_1_860' title='bbox 3231 4126 3422 4182; x_wconf 89' lang='lat' dir='ltr'><strong>nempe</strong></span> <span class='ocrx_word' id='word_1_861' title='bbox 3446 4129 3579 4168; x_wconf 89' lang='lat' dir='ltr'><strong>auro</strong></span> <span class='ocrx_word' id='word_1_862' title='bbox 3604 4117 3789 4184; x_wconf 83' lang='lat' dir='ltr'><strong>Splen-</strong></span> 
     </span>
    </p>
   </div>
   <div class='ocr_carea' id='block_1_104' title="bbox 2198 4185 3787 4277">
    <p class='ocr_par' dir='ltr' id='par_1_104' title="bbox 2198 4185 3787 4277">
     <span class='ocr_line' id='line_1_104' title="bbox 2198 4185 3787 4277; baseline 0.016 -38"><span class='ocrx_word' id='word_1_863' title='bbox 2198 4185 2386 4243; x_wconf 88' lang='lat' dir='ltr'><strong>dentes</strong></span> <span class='ocrx_word' id='word_1_864' title='bbox 2408 4206 2422 4244; x_wconf 90' lang='lat'><strong>:</strong></span> <span class='ocrx_word' id='word_1_865' title='bbox 2441 4191 2510 4244; x_wconf 92' lang='lat' dir='ltr'><strong>sit</strong></span> <span class='ocrx_word' id='word_1_866' title='bbox 2531 4193 2690 4246; x_wconf 85' lang='lat' dir='ltr'><strong>etiam</strong></span> <span class='ocrx_word' id='word_1_867' title='bbox 2714 4197 3122 4253; x_wconf 86' lang='lat' dir='ltr'><strong>semicircularis</strong></span> <span class='ocrx_word' id='word_1_868' title='bbox 3151 4217 3353 4266; x_wconf 84' lang='lat' dir='ltr'><strong>mensa,</strong></span> <span class='ocrx_word' id='word_1_869' title='bbox 3379 4206 3523 4259; x_wconf 92' lang='lat' dir='ltr'><strong>molli</strong></span> <span class='ocrx_word' id='word_1_870' title='bbox 3549 4211 3787 4277; x_wconf 78' lang='lat' dir='ltr'><strong>stragula</strong></span> 
     </span>
    </p>
   </div>
   <div class='ocr_carea' id='block_1_105' title="bbox 2197 4278 3784 4360">
    <p class='ocr_par' dir='ltr' id='par_1_105' title="bbox 2197 4278 3784 4360">
     <span class='ocr_line' id='line_1_105' title="bbox 2197 4278 3784 4360; baseline 0.016 -31"><span class='ocrx_word' id='word_1_871' title='bbox 2197 4278 2430 4349; x_wconf 89' lang='lat' dir='ltr'><strong>undique</strong></span> <span class='ocrx_word' id='word_1_872' title='bbox 2456 4292 2642 4337; x_wconf 89' lang='lat' dir='ltr'><strong>strata.</strong></span> <span class='ocrx_word' id='word_1_873' title='bbox 2661 4285 2864 4340; x_wconf 82' lang='lat' dir='ltr'><strong>Rursus</strong></span> <span class='ocrx_word' id='word_1_874' title='bbox 2889 4288 2974 4344; x_wconf 92' lang='lat' dir='ltr'><strong>hic</strong></span> <span class='ocrx_word' id='word_1_875' title='bbox 2999 4291 3211 4360; x_wconf 90' lang='lat' dir='ltr'><strong>quidem</strong></span> <span class='ocrx_word' id='word_1_876' title='bbox 3237 4294 3345 4349; x_wconf 92' lang='lat' dir='ltr'><strong>sint</strong></span> <span class='ocrx_word' id='word_1_877' title='bbox 3371 4297 3521 4351; x_wconf 92' lang='lat' dir='ltr'><strong>multi</strong></span> <span class='ocrx_word' id='word_1_878' title='bbox 3550 4300 3784 4356; x_wconf 89' lang='lat' dir='ltr'><strong>ministri</strong></span> 
     </span>
    </p>
   </div>
   <div class='ocr_carea' id='block_1_106' title="bbox 2193 4372 3783 4461">
    <p class='ocr_par' dir='ltr' id='par_1_106' title="bbox 2193 4372 3783 4461">
     <span class='ocr_line' id='line_1_106' title="bbox 2193 4372 3783 4461; baseline 0.018 -40"><span class='ocrx_word' id='word_1_879' title='bbox 2193 4372 2620 4429; x_wconf 82' lang='lat' dir='ltr'><strong>accumbentium</strong></span> <span class='ocrx_word' id='word_1_880' title='bbox 2645 4419 2658 4443; x_wconf 92' lang='lat'><strong>,</strong></span> <span class='ocrx_word' id='word_1_881' title='bbox 2690 4393 2795 4434; x_wconf 90' lang='lat' dir='ltr'><strong>non</strong></span> <span class='ocrx_word' id='word_1_882' title='bbox 2842 4382 3018 4436; x_wconf 91' lang='lat' dir='ltr'><strong>minus</strong></span> <span class='ocrx_word' id='word_1_883' title='bbox 3045 4386 3215 4438; x_wconf 87' lang='lat' dir='ltr'><strong>ornati</strong></span> <span class='ocrx_word' id='word_1_884' title='bbox 3248 4389 3484 4443; x_wconf 86' lang='lat' dir='ltr'><strong>vestibus</strong></span> <span class='ocrx_word' id='word_1_885' title='bbox 3510 4400 3563 4446; x_wconf 89' lang='lat' dir='ltr'><strong>et</strong></span> <span class='ocrx_word' id='word_1_886' title='bbox 3592 4392 3783 4461; x_wconf 88' lang='lat' dir='ltr'><strong>splen-</strong></span> 
     </span>
    </p>
   </div>
   <div class='ocr_carea' id='block_1_107' title="bbox 2193 4463 3785 4546">
    <p class='ocr_par' dir='ltr' id='par_1_107' title="bbox 2193 4463 3785 4546">
     <span class='ocr_line' id='line_1_107' title="bbox 2193 4463 3785 4546; baseline 0.016 -29"><span class='ocrx_word' id='word_1_887' title='bbox 2193 4463 2316 4519; x_wconf 88' lang='lat' dir='ltr'><strong>dide</strong></span> <span class='ocrx_word' id='word_1_888' title='bbox 2357 4467 2558 4535; x_wconf 88' lang='lat' dir='ltr'><strong>amicti,</strong></span> <span class='ocrx_word' id='word_1_889' title='bbox 2589 4479 2642 4524; x_wconf 90' lang='lat' dir='ltr'><strong>et</strong></span> <span class='ocrx_word' id='word_1_890' title='bbox 2668 4473 2986 4542; x_wconf 83' lang='lat' dir='ltr'><strong>anaxyridas</strong></span> <span class='ocrx_word' id='word_1_891' title='bbox 3016 4489 3108 4529; x_wconf 88' lang='lat' dir='ltr'><strong>seu</strong></span> <span class='ocrx_word' id='word_1_892' title='bbox 3139 4493 3269 4546; x_wconf 89' lang='lat' dir='ltr'><strong>quas</strong></span> <span class='ocrx_word' id='word_1_893' title='bbox 3313 4479 3534 4537; x_wconf 87' lang='lat' dir='ltr'><strong>braccas</strong></span> <span class='ocrx_word' id='word_1_894' title='bbox 3583 4497 3785 4542; x_wconf 87' lang='lat' dir='ltr'><strong>vocant</strong></span> 
     </span>
    </p>
   </div>
   <div class='ocr_carea' id='block_1_108' title="bbox 2190 4553 3782 4644">
    <p class='ocr_par' dir='ltr' id='par_1_108' title="bbox 2190 4553 3782 4644">
     <span class='ocr_line' id='line_1_108' title="bbox 2190 4553 3782 4644; baseline 0.018 -38"><span class='ocrx_word' id='word_1_895' title='bbox 2190 4553 2337 4610; x_wconf 80' lang='lat' dir='ltr'><strong>laxas</strong></span> <span class='ocrx_word' id='word_1_896' title='bbox 2367 4557 2621 4614; x_wconf 87' lang='lat' dir='ltr'><strong>habentes</strong></span> <span class='ocrx_word' id='word_1_897' title='bbox 2648 4602 2662 4624; x_wconf 91' lang='lat'><strong>,</strong></span> <span class='ocrx_word' id='word_1_898' title='bbox 2695 4563 2808 4618; x_wconf 88' lang='lat' dir='ltr'><strong>visu</strong></span> <span class='ocrx_word' id='word_1_899' title='bbox 2840 4565 3052 4630; x_wconf 90' lang='lat' dir='ltr'><strong>quidem</strong></span> <span class='ocrx_word' id='word_1_900' title='bbox 3085 4570 3291 4636; x_wconf 89' lang='lat' dir='ltr'><strong>pulchri</strong></span> <span class='ocrx_word' id='word_1_901' title='bbox 3320 4614 3336 4639; x_wconf 95' lang='lat'><strong>,</strong></span> <span class='ocrx_word' id='word_1_902' title='bbox 3367 4573 3421 4628; x_wconf 91' lang='lat' dir='ltr'><strong>in</strong></span> <span class='ocrx_word' id='word_1_903' title='bbox 3453 4575 3567 4644; x_wconf 90' lang='lat' dir='ltr'><strong>ipso</strong></span> <span class='ocrx_word' id='word_1_904' title='bbox 3594 4586 3782 4633; x_wconf 87' lang='lat' dir='ltr'><strong>autem</strong></span> 
     </span>
    </p>
   </div>
   <div class='ocr_carea' id='block_1_109' title="bbox 2187 4647 3783 4725">
    <p class='ocr_par' dir='ltr' id='par_1_109' title="bbox 2187 4647 3783 4725">
     <span class='ocr_line' id='line_1_109' title="bbox 2187 4647 3783 4725; baseline 0.016 -26"><span class='ocrx_word' id='word_1_905' title='bbox 2187 4647 2319 4702; x_wconf 85' lang='lat' dir='ltr'><strong>flore</strong></span> <span class='ocrx_word' id='word_1_906' title='bbox 2357 4651 2529 4704; x_wconf 79' lang='lat' dir='ltr'><strong>:etatis</strong></span> <span class='ocrx_word' id='word_1_907' title='bbox 2569 4651 2896 4710; x_wconf 82' lang='lat' dir='ltr'><strong>luxuriantes</strong></span> <span class='ocrx_word' id='word_1_908' title='bbox 2920 4666 2974 4712; x_wconf 89' lang='lat' dir='ltr'><strong>et</strong></span> <span class='ocrx_word' id='word_1_909' title='bbox 3002 4657 3136 4714; x_wconf 89' lang='lat' dir='ltr'><strong>bene</strong></span> <span class='ocrx_word' id='word_1_910' title='bbox 3161 4674 3342 4716; x_wconf 88' lang='lat' dir='ltr'><strong>curata</strong></span> <span class='ocrx_word' id='word_1_911' title='bbox 3373 4673 3512 4725; x_wconf 87' lang='lat' dir='ltr'><strong>cute.</strong></span> <span class='ocrx_word' id='word_1_912' title='bbox 3540 4676 3593 4720; x_wconf 90' lang='lat' dir='ltr'><strong>et</strong></span> <span class='ocrx_word' id='word_1_913' title='bbox 3619 4666 3783 4725; x_wconf 74' lang='lat' dir='ltr'><strong>bona:</strong></span> 
     </span>
    </p>
   </div>
   <div class='ocr_carea' id='block_1_110' title="bbox 2187 4739 3779 4812">
    <p class='ocr_par' dir='ltr' id='par_1_110' title="bbox 2187 4739 3779 4812">
     <span class='ocr_line' id='line_1_110' title="bbox 2187 4739 3779 4812; baseline 0.013 -20"><span class='ocrx_word' id='word_1_914' title='bbox 2187 4739 2540 4808; x_wconf 87' lang='lat' dir='ltr'><strong>habitudinis;</strong></span> <span class='ocrx_word' id='word_1_915' title='bbox 2566 4743 2672 4798; x_wconf 90' lang='lat' dir='ltr'><strong>illic</strong></span> <span class='ocrx_word' id='word_1_916' title='bbox 2698 4755 2877 4800; x_wconf 87' lang='lat' dir='ltr'><strong>autem</strong></span> <span class='ocrx_word' id='word_1_917' title='bbox 2904 4750 3007 4804; x_wconf 90' lang='lat' dir='ltr'><strong>sint</strong></span> <span class='ocrx_word' id='word_1_918' title='bbox 3035 4751 3140 4805; x_wconf 91' lang='lat' dir='ltr'><strong>duo</strong></span> <span class='ocrx_word' id='word_1_919' title='bbox 3169 4753 3266 4806; x_wconf 92' lang='lat' dir='ltr'><strong>soli</strong></span> <span class='ocrx_word' id='word_1_920' title='bbox 3298 4754 3524 4810; x_wconf 88' lang='lat' dir='ltr'><strong>ministri</strong></span> <span class='ocrx_word' id='word_1_921' title='bbox 3556 4771 3779 4812; x_wconf 88' lang='lat' dir='ltr'><strong>omnem</strong></span> 
     </span>
    </p>
   </div>
   <div class='ocr_carea' id='block_1_111' title="bbox 2185 4830 3778 4915">
    <p class='ocr_par' dir='ltr' id='par_1_111' title="bbox 2185 4830 3778 4915">
     <span class='ocr_line' id='line_1_111' title="bbox 2185 4830 3778 4915; baseline 0.013 -31"><span class='ocrx_word' id='word_1_922' title='bbox 2185 4830 2326 4886; x_wconf 89' lang='lat' dir='ltr'><strong>hunc</strong></span> <span class='ocrx_word' id='word_1_923' title='bbox 2361 4832 2554 4888; x_wconf 82' lang='lat' dir='ltr'><strong>fastum</strong></span> <span class='ocrx_word' id='word_1_924' title='bbox 2598 4839 2977 4896; x_wconf 88' lang='lat' dir='ltr'><strong>conculcantes</strong></span> <span class='ocrx_word' id='word_1_925' title='bbox 3003 4858 3015 4894; x_wconf 94' lang='lat'>:</span> <span class='ocrx_word' id='word_1_926' title='bbox 3044 4851 3099 4896; x_wconf 90' lang='lat' dir='ltr'><strong>et</strong></span> <span class='ocrx_word' id='word_1_927' title='bbox 3123 4845 3228 4898; x_wconf 92' lang='lat' dir='ltr'><strong>sint</strong></span> <span class='ocrx_word' id='word_1_928' title='bbox 3256 4846 3470 4915; x_wconf 89' lang='lat' dir='ltr'><strong>quidem</strong></span> <span class='ocrx_word' id='word_1_929' title='bbox 3515 4849 3619 4903; x_wconf 90' lang='lat' dir='ltr'><strong>illis</strong></span> <span class='ocrx_word' id='word_1_930' title='bbox 3661 4850 3778 4904; x_wconf 85' lang='lat' dir='ltr'><strong>cibi</strong></span> 
     </span>
    </p>
   </div>
   <div class='ocr_carea' id='block_1_112' title="bbox 2184 4921 3775 5004">
    <p class='ocr_par' dir='ltr' id='par_1_112' title="bbox 2184 4921 3775 5004">
     <span class='ocr_line' id='line_1_112' title="bbox 2184 4921 3775 5004; baseline 0.014 -29"><span class='ocrx_word' id='word_1_931' title='bbox 2184 4921 2309 4977; x_wconf 88' lang='lat' dir='ltr'><strong>lauti</strong></span> <span class='ocrx_word' id='word_1_932' title='bbox 2340 4935 2394 4978; x_wconf 90' lang='lat' dir='ltr'><strong>et</strong></span> <span class='ocrx_word' id='word_1_933' title='bbox 2429 4927 2663 4995; x_wconf 85' lang='lat' dir='ltr'><strong>opipari;</strong></span> <span class='ocrx_word' id='word_1_934' title='bbox 2712 4929 2796 4984; x_wconf 90' lang='lat' dir='ltr'><strong>his</strong></span> <span class='ocrx_word' id='word_1_935' title='bbox 2825 4941 3002 4988; x_wconf 89' lang='lat' dir='ltr'><strong>autem</strong></span> <span class='ocrx_word' id='word_1_936' title='bbox 3029 4945 3284 5004; x_wconf 87' lang='lat' dir='ltr'><strong>quantum</strong></span> <span class='ocrx_word' id='word_1_937' title='bbox 3313 4942 3442 4995; x_wconf 88' lang='lat' dir='ltr'><strong>satis</strong></span> <span class='ocrx_word' id='word_1_938' title='bbox 3483 4942 3553 4996; x_wconf 89' lang='lat' dir='ltr'><strong>sit</strong></span> <span class='ocrx_word' id='word_1_939' title='bbox 3577 4943 3643 4997; x_wconf 86' lang='lat' dir='ltr'><strong>ad</strong></span> <span class='ocrx_word' id='word_1_940' title='bbox 3673 4959 3775 4998; x_wconf 82' lang='lat' dir='ltr'><strong>sa-</strong></span> 
     </span>
    </p>
   </div>
   <div class='ocr_carea' id='block_1_113' title="bbox 2183 5015 3775 5089">
    <p class='ocr_par' dir='ltr' id='par_1_113' title="bbox 2183 5015 3775 5089">
     <span class='ocr_line' id='line_1_113' title="bbox 2183 5015 3775 5089; baseline 0.014 -22"><span class='ocrx_word' id='word_1_941' title='bbox 2183 5015 2418 5070; x_wconf 87' lang='lat' dir='ltr'><strong>tiandum</strong></span> <span class='ocrx_word' id='word_1_942' title='bbox 2459 5021 2751 5088; x_wconf 88' lang='lat' dir='ltr'><strong>appetitum</strong></span> <span class='ocrx_word' id='word_1_943' title='bbox 2793 5033 2846 5077; x_wconf 90' lang='lat' dir='ltr'><strong>et</strong></span> <span class='ocrx_word' id='word_1_944' title='bbox 2874 5040 2932 5079; x_wconf 88' lang='lat' dir='ltr'><strong>se</strong></span> <span class='ocrx_word' id='word_1_945' title='bbox 2958 5030 3329 5086; x_wconf 86' lang='lat' dir='ltr'><strong>recreandum.</strong></span> <span class='ocrx_word' id='word_1_946' title='bbox 3357 5032 3567 5089; x_wconf 85' lang='lat' dir='ltr'><strong>Satisne</strong></span> <span class='ocrx_word' id='word_1_947' title='bbox 3615 5034 3775 5089; x_wconf 82' lang='lat' dir='ltr'><strong>dixi?</strong></span> 
     </span>
    </p>
   </div>
   <div class='ocr_carea' id='block_1_114' title="bbox 2241 5193 3768 5266">
    <p class='ocr_par' dir='ltr' id='par_1_114' title="bbox 2241 5193 3768 5266">
     <span class='ocr_line' id='line_1_114' title="bbox 2241 5193 3768 5266; baseline 0.014 -26"><span class='ocrx_word' id='word_1_948' title='bbox 2241 5193 2311 5254; x_wconf 83' lang='grc' dir='ltr'><strong>(α)</strong></span> <span class='ocrx_word' id='word_1_949' title='bbox 2336 5194 2419 5242; x_wconf 79' lang='lat' dir='ltr'><strong>Hic</strong></span> <span class='ocrx_word' id='word_1_950' title='bbox 2441 5197 2602 5266; x_wconf 69' lang='lat' dir='ltr'><strong>agitur</strong></span> <span class='ocrx_word' id='word_1_951' title='bbox 2623 5197 2687 5245; x_wconf 86' lang='lat' dir='ltr'><strong>de</strong></span> <span class='ocrx_word' id='word_1_952' title='bbox 2721 5212 2888 5249; x_wconf 88' lang='lat' dir='ltr'><strong>mensa</strong></span> <span class='ocrx_word' id='word_1_953' title='bbox 2903 5201 3002 5266; x_wconf 91' lang='lat' dir='ltr'><strong>_i_lla</strong></span> <span class='ocrx_word' id='word_1_954' title='bbox 3035 5205 3387 5266; x_wconf 83' lang='lat' dir='ltr'><strong>semicircttlari</strong></span> <span class='ocrx_word' id='word_1_955' title='bbox 3407 5247 3422 5266; x_wconf 88' lang='lat'><strong>,</strong></span> <span class='ocrx_word' id='word_1_956' title='bbox 3449 5217 3768 5262; x_wconf 46' lang='lat' dir='ltr'><strong>cresﬁentetn</strong></span> 
     </span>
    </p>
   </div>
   <div class='ocr_carea' id='block_1_115' title="bbox 2178 5253 3767 5331">
    <p class='ocr_par' dir='ltr' id='par_1_115' title="bbox 2178 5253 3767 5331">
     <span class='ocr_line' id='line_1_115' title="bbox 2178 5253 3767 5331; baseline 0.015 -31"><span class='ocrx_word' id='word_1_957' title='bbox 2178 5253 2340 5303; x_wconf 83' lang='lat' dir='ltr'><strong>lunam</strong></span> <span class='ocrx_word' id='word_1_958' title='bbox 2379 5253 2665 5331; x_wconf 61' lang='lat' dir='ltr'><strong>referente,</strong></span> <span class='ocrx_word' id='word_1_959' title='bbox 2712 5276 2857 5331; x_wconf 56' lang='lat' dir='ltr'><strong>quam</strong></span> <span class='ocrx_word' id='word_1_960' title='bbox 2903 5263 3133 5331; x_wconf 71' lang='lat' dir='ltr'><strong>Martialis</strong></span> <span class='ocrx_word' id='word_1_961' title='bbox 3165 5253 3218 5317; x_wconf 84' lang='lat' dir='ltr'><strong>et</strong></span> <span class='ocrx_word' id='word_1_962' title='bbox 3245 5253 3445 5330; x_wconf 76' lang='lat' dir='ltr'><strong>quidam</strong></span> <span class='ocrx_word' id='word_1_963' title='bbox 3479 5272 3558 5321; x_wconf 87' lang='lat' dir='ltr'><strong>alii</strong></span> <span class='ocrx_word' id='word_1_964' title='bbox 3593 5273 3767 5331; x_wconf 65' lang='lat' dir='ltr'><strong>Signia</strong></span> 
     </span>
    </p>
   </div>
   <div class='ocr_carea' id='block_1_116' title="bbox 2177 5318 3768 5391">
    <p class='ocr_par' dir='ltr' id='par_1_116' title="bbox 2177 5318 3768 5391">
     <span class='ocr_line' id='line_1_116' title="bbox 2177 5318 3768 5391; baseline 0.012 -25"><span class='ocrx_word' id='word_1_965' title='bbox 2177 5324 2364 5391; x_wconf 70' lang='lat' dir='ltr'><strong>vocant,</strong></span> <span class='ocrx_word' id='word_1_966' title='bbox 2388 5321 2497 5379; x_wconf 85' lang='lat' dir='ltr'><strong>quia</strong></span> <span class='ocrx_word' id='word_1_967' title='bbox 2526 5318 2714 5368; x_wconf 87' lang='lat' dir='ltr'><strong>literam</strong></span> <span class='ocrx_word' id='word_1_968' title='bbox 2821 5325 2971 5391; x_wconf 82' lang='lat' dir='ltr'><strong>sigma</strong></span> <span class='ocrx_word' id='word_1_969' title='bbox 2997 5326 3152 5377; x_wconf 79' lang='lat' dir='ltr'><strong>refert</strong></span> <span class='ocrx_word' id='word_1_970' title='bbox 3180 5342 3192 5376; x_wconf 94' lang='lat'>:</span> <span class='ocrx_word' id='word_1_971' title='bbox 3217 5318 3369 5391; x_wconf 51' lang='lat' dir='ltr'><strong>sit-gnta</strong></span> <span class='ocrx_word' id='word_1_972' title='bbox 3397 5318 3526 5381; x_wconf 84' lang='lat' dir='ltr'><strong>enim</strong></span> <span class='ocrx_word' id='word_1_973' title='bbox 3551 5337 3619 5383; x_wconf 88' lang='lat' dir='ltr'><strong>sic</strong></span> <span class='ocrx_word' id='word_1_974' title='bbox 3640 5318 3768 5384; x_wconf 37' lang='lat' dir='ltr'><strong>ariar-</strong></span> 
     </span>
    </p>
   </div>
   <div class='ocr_carea' id='block_1_117' title="bbox 2175 5379 3766 5446">
    <p class='ocr_par' dir='ltr' id='par_1_117' title="bbox 2175 5379 3766 5446">
     <span class='ocr_line' id='line_1_117' title="bbox 2175 5379 3766 5446; baseline 0.013 -20"><span class='ocrx_word' id='word_1_975' title='bbox 2175 5379 2305 5446; x_wconf 68' lang='lat' dir='ltr'><strong>tialis</strong></span> <span class='ocrx_word' id='word_1_976' title='bbox 2357 5387 2580 5446; x_wconf 76' lang='lat' dir='ltr'><strong>tempore</strong></span> <span class='ocrx_word' id='word_1_977' title='bbox 2615 5391 2685 5446; x_wconf 63' lang='grc' dir='ltr'><strong>⁸ιιι</strong></span> <span class='ocrx_word' id='word_1_978' title='bbox 2717 5379 2977 5445; x_wconf 72' lang='lat' dir='ltr'><strong>plurimum</strong></span> <span class='ocrx_word' id='word_1_979' title='bbox 3012 5379 3319 5440; x_wconf 46' lang='lat' dir='ltr'><strong>exarabatti’r.</strong></span> <span class='ocrx_word' id='word_1_980' title='bbox 3358 5379 3531 5444; x_wconf 57' lang='lat' dir='ltr'><strong>Isthmo</strong></span> <span class='ocrx_word' id='word_1_981' title='bbox 3552 5379 3766 5446; x_wconf 34' lang='lat' dir='ltr'><strong>‘mcnsa</strong></span> 
     </span>
    </p>
   </div>
   <div class='ocr_carea' id='block_1_118' title="bbox 2174 5439 3763 5509">
    <p class='ocr_par' dir='ltr' id='par_1_118' title="bbox 2174 5439 3763 5509">
     <span class='ocr_line' id='line_1_118' title="bbox 2174 5439 3763 5509; baseline 0.014 -23"><span class='ocrx_word' id='word_1_982' title='bbox 2174 5439 2582 5509; x_wconf 48' lang='lat' dir='ltr'><strong>lorina_diu;|_iost</strong></span> <span class='ocrx_word' id='word_1_983' title='bbox 2615 5439 2848 5495; x_wconf 80' lang='lat' dir='ltr'><strong>Mariialis</strong></span> <span class='ocrx_word' id='word_1_984' title='bbox 2890 5464 3046 5498; x_wconf 57' lang='lat' dir='ltr'><strong>aevum</strong></span> <span class='ocrx_word' id='word_1_985' title='bbox 3083 5451 3129 5498; x_wconf 89' lang='lat' dir='ltr'><strong>iu</strong></span> <span class='ocrx_word' id='word_1_986' title='bbox 3178 5439 3269 5502; x_wconf 80' lang='lat' dir='ltr'><strong>usu</strong></span> <span class='ocrx_word' id='word_1_987' title='bbox 3313 5439 3763 5509; x_wconf 14' lang='lat' dir='ltr'><strong>infitiandi—elatus</strong></span> 
     </span>
    </p>
   </div>
   <div class='ocr_carea' id='block_1_119' title="bbox 2174 5502 3761 5578">
    <p class='ocr_par' dir='ltr' id='par_1_119' title="bbox 2174 5502 3761 5578">
     <span class='ocr_line' id='line_1_119' title="bbox 2174 5502 3761 5578; baseline 0.014 -32"><span class='ocrx_word' id='word_1_988' title='bbox 2174 5503 2302 5578; x_wconf 66' lang='lat' dir='ltr'><strong>enim</strong></span> <span class='ocrx_word' id='word_1_989' title='bbox 2321 5502 2443 5578; x_wconf 42' lang='lat' dir='ltr'><strong>Dux.</strong></span> <span class='ocrx_word' id='word_1_990' title='bbox 2459 5503 2778 5564; x_wconf 70' lang='lat' dir='ltr'><strong>Normanuia’,</strong></span> <span class='ocrx_word' id='word_1_991' title='bbox 2804 5514 2885 5570; x_wconf 86' lang='lat' dir='ltr'><strong>qui</strong></span> <span class='ocrx_word' id='word_1_992' title='bbox 2911 5525 3036 5578; x_wconf 85' lang='lat' dir='ltr'><strong>anno</strong></span> <span class='ocrx_word' id='word_1_993' title='bbox 3061 5514 3179 5564; x_wconf 83' lang='lat' dir='ltr'><strong>l066</strong></span> <span class='ocrx_word' id='word_1_994' title='bbox 3204 5515 3426 5576; x_wconf 77' lang='lat' dir='ltr'><strong>Angliam</strong></span> <span class='ocrx_word' id='word_1_995' title='bbox 3449 5502 3761 5578; x_wconf 58' lang='lat' dir='ltr'><strong>sLBEgiiISJ</strong></span> 
     </span>
    </p>
   </div>
   <div class='ocr_carea' id='block_1_120' title="bbox 2173 5561 3761 5638">
    <p class='ocr_par' dir='ltr' id='par_1_120' title="bbox 2173 5561 3761 5638">
     <span class='ocr_line' id='line_1_120' title="bbox 2173 5561 3761 5638; baseline 0.014 -28"><span class='ocrx_word' id='word_1_996' title='bbox 2173 5561 2445 5638; x_wconf 53' lang='lat' dir='ltr'><strong>huiusmodi</strong></span> <span class='ocrx_word' id='word_1_997' title='bbox 2491 5580 2712 5638; x_wconf 62' lang='lat' dir='ltr'><strong>mensarii</strong></span> <span class='ocrx_word' id='word_1_998' title='bbox 2751 5561 3042 5638; x_wconf 67' lang='lat' dir='ltr'><strong>accuttdiens</strong></span> <span class='ocrx_word' id='word_1_999' title='bbox 3079 5561 3465 5638; x_wconf 40' lang='lat' dir='ltr'><strong>represejtttatur</strong></span> <span class='ocrx_word' id='word_1_1000' title='bbox 3506 5561 3761 5632; x_wconf 88' lang='lat' dir='ltr'><strong>in</strong></span> 
     </span>
    </p>
   </div>
   <div class='ocr_carea' id='block_1_121' title="bbox 2168 5626 3759 5710">
    <p class='ocr_par' dir='ltr' id='par_1_121' title="bbox 2168 5626 3759 5710">
     <span class='ocr_line' id='line_1_121' title="bbox 2168 5626 3759 5710; baseline 0.015 -38"><span class='ocrx_word' id='word_1_1001' title='bbox 2168 5630 2347 5710; x_wconf 54' lang='lat' dir='ltr'><strong>mittitis</strong></span> <span class='ocrx_word' id='word_1_1002' title='bbox 2363 5626 2650 5710; x_wconf 66' lang='lat' dir='ltr'><strong>Mouarrhim</strong></span> <span class='ocrx_word' id='word_1_1003' title='bbox 2679 5631 2918 5710; x_wconf 50' lang='lat' dir='ltr'><strong>Fl&#39;at‘lt‘it‘zl?</strong></span> <span class='ocrx_word' id='word_1_1004' title='bbox 2941 5635 3079 5710; x_wconf 72' lang='grc' dir='ltr'>Τοιιῄ</span> <span class='ocrx_word' id='word_1_1005' title='bbox 3101 5626 3299 5710; x_wconf 59' lang='lat' dir='ltr'><strong>secundi</strong></span> <span class='ocrx_word' id='word_1_1006' title='bbox 3328 5626 3483 5710; x_wconf 74' lang='lat' dir='ltr'><strong>initio.</strong></span> <span class='ocrx_word' id='word_1_1007' title='bbox 3496 5641 3622 5710; x_wconf 67' lang='lat' dir='ltr'><strong>Vide</strong></span> <span class='ocrx_word' id='word_1_1008' title='bbox 3644 5661 3759 5710; x_wconf 73' lang='lat' dir='ltr'><strong>quae</strong></span> 
     </span>
    </p>
   </div>
   <div class='ocr_carea' id='block_1_122' title="bbox 2168 5687 3756 5802">
    <p class='ocr_par' dir='ltr' id='par_1_122' title="bbox 2168 5687 3756 5802">
     <span class='ocr_line' id='line_1_122' title="bbox 2168 5687 3756 5802; baseline 0.02 -72"><span class='ocrx_word' id='word_1_1009' title='bbox 2168 5687 2230 5733; x_wconf 76' lang='lat' dir='ltr'><strong>de</strong></span> <span class='ocrx_word' id='word_1_1010' title='bbox 2267 5689 2736 5802; x_wconf 55' lang='lat' dir='ltr'><strong>illljltb’lllmlii;I;L‘I&#39;ISil</strong></span> <span class='ocrx_word' id='word_1_1011' title='bbox 2760 5695 2884 5744; x_wconf 66' lang='lat' dir='ltr'><strong>theta</strong></span> <span class='ocrx_word' id='word_1_1012' title='bbox 2918 5707 3026 5748; x_wconf 79' lang='lat' dir='ltr'><strong>sunt</strong></span> <span class='ocrx_word' id='word_1_1013' title='bbox 3065 5700 3115 5748; x_wconf 77' lang='lat' dir='ltr'><strong>in</strong></span> <span class='ocrx_word' id='word_1_1014' title='bbox 3149 5687 3756 5770; x_wconf 42' lang='grc' dir='ltr'><strong>Ληιὶιιιιὶιείξ-ιίέῐίιιδέδ</strong></span> 
     </span>
     <span class='ocr_line' id='line_1_123' title="bbox 2169 5757 2645 5802; baseline 0.013 -6"><span class='ocrx_word' id='word_1_1015' title='bbox 2169 5757 2296 5798; x_wconf 85' lang='grc' dir='ltr'>Ἰὐιιι.</span> <span class='ocrx_word' id='word_1_1016' title='bbox 2321 5765 2368 5802; x_wconf 71' lang='grc' dir='ltr'><strong>ο.</strong></span> <span class='ocrx_word' id='word_1_1017' title='bbox 2397 5766 2505 5802; x_wconf 66' lang='lat' dir='ltr'><strong>last.</strong></span> <span class='ocrx_word' id='word_1_1018' title='bbox 2632 5793 2645 5802; x_wconf 91' lang='lat'><strong>.</strong></span> 
     </span>
    </p>
   </div>
   <div class='ocr_carea' id='block_1_123' title="bbox 2169 5753 2645 5815">
    <p class='ocr_par' dir='ltr' id='par_1_123' title="bbox 2169 5753 2645 5815">
     <span class='ocr_line' id='line_1_124' title="bbox 2169 5753 2645 5815; baseline 0.015 -19"><span class='ocrx_word' id='word_1_1019' title='bbox 2169 5757 2296 5798; x_wconf 81' lang='lat' dir='ltr'><strong>‘I&#39;otn.</strong></span> <span class='ocrx_word' id='word_1_1020' title='bbox 2321 5753 2368 5812; x_wconf 77' lang='grc'><strong>5,</strong></span> <span class='ocrx_word' id='word_1_1021' title='bbox 2396 5766 2505 5815; x_wconf 67' lang='lat' dir='ltr'><strong>Iug.</strong></span> <span class='ocrx_word' id='word_1_1022' title='bbox 2533 5753 2645 5808; x_wconf 78' lang='grc'><strong>111.</strong></span> 
     </span>
    </p>
   </div>
  </div>
