4072 6206
314 230 446 287 303

310 343 469 406 τέως
498 339 597 405 τάς
621 340 723 411 μὲν
746 336 982 410 αἰσχράς
1011 337 1334 409 παρήσομεν
1357 354 1373 369 ⁸
1396 338 1573 402 οὐδεὶς
1620 338 1731 409 γὰρ
1778 339 1910 410 ήμῖν

312 433 475 505 ὑπὲρ
503 432 728 487 ἐκείνων
760 431 998 502 ἀντερεῖ,
1028 428 1105 494 ὡς
1158 429 1414 501 πονηρῶν
1441 429 1618 484 οὐσῶν
1643 446 1657 462 ⁸
1693 429 1833 495 ἀλλ’,
1860 430 1911 481 ει

309 506 613 599 βούλεσθε,
643 525 743 589 τάς
795 524 1032 594 φυσικάς
1078 524 1173 588 καὶ
1208 525 1306 589 τάς
1348 522 1607 595 βιωτικάς
1632 524 1712 588 είς
1732 522 1911 594 μέσον

305 619 771 690 παραγάγωμεν.
798 617 1061 671 Βιωτικαὶ
1083 616 1186 688 μέν
1205 612 1300 670 οῦν
1330 616 1470 670 εἰσιν
1492 609 1656 670 αὗται
1677 632 1691 647 ⁸
1710 613 1824 670 οἷον
1848 611 1907 670 εὖ

305 710 501 765 επαθέ
529 727 633 776 τις,
651 708 763 764 ἀπὸ
788 708 1069 778 προγόνων
1093 710 1361 780 ἐκτήσατο
1388 708 1564 777 φίλον,
1582 708 1908 782 ἐκοινώνησε

302 801 610 876 τραπέζης
631 802 667 871 ἦ
723 801 1117 873 ἀποδημίας,ἢ
1145 800 1342 869 γείτων
1401 801 1519 855 ἐστί
1554 816 1568 832 ⁸
1602 802 1766 856 καλαὶ
1814 803 1910 856 καὶ

304 888 490 949 αὗται
509 911 525 926 ⁸
548 892 891 966 ἢόμότεχνος
921 892 1144 961 γέγονεν
1168 908 1184 924 ⁸
1214 889 1354 963 αῦτη
1392 891 1494 963 μὲν
1522 887 1616 947 οὖν
1639 892 1739 948 οὐκ
1761 892 1908 947 ἐστιν

306 986 631 1057 εἰλικρινής
658 1002 673 1016 ⁸
717 983 832 1056 ἔχει
857 985 967 1057 γάρ
998 1001 1122 1038 τινα
1143 985 1238 1039 καὶ
1268 984 1434 1055 ζῆλον
1462 985 1557 1039 καὶ
1580 985 1903 1061 βασκανίαν.

306 1077 484 1151 [526]
519 1079 588 1131 Δί
634 1077 691 1132 δὲ
748 1078 997 1148 φυσικαὶ,
1034 1071 1149 1131 οἷον
1207 1078 1415 1149 πατρὸς
1463 1079 1602 1151 πρὸς
1620 1078 1754 1145 υίὸν,
1786 1079 1905 1133 υἱοῦ

310 1169 468 1241 πρὸς
514 1167 731 1238 πατέρα
753 1208 770 1233 ,
799 1167 1032 1237 ἀδελφοῦ
1068 1167 1206 1240 πρὸς
1229 1168 1477 1239 ἀδελφὸν,
1514 1169 1651 1242 πρὸς
1683 1170 1906 1240 ἔγγονον

310 1264 577 1328 πάππου,
616 1262 824 1333 μητρὸς
851 1261 987 1334 πρὸς
1011 1261 1175 1316 τέκνα
1204 1279 1218 1293 ⁸
1254 1264 1304 1316 εί
1335 1262 1392 1316 δὲ
1428 1262 1708 1334 βούλεσθε,
1733 1280 1905 1335 προσ-

312 1354 513 1424 θῶμεν
541 1354 637 1408 καὶ
685 1354 787 1427 τὴν
812 1354 916 1425 τῆς
961 1354 1220 1423 γυναικὸς
1259 1354 1398 1425 πρὸς
1431 1354 1600 1427 ἀνδρα
1624 1371 1638 1386 ⁸
1668 1355 1764 1411 καὶ
1794 1355 1904 1427 7&9

312 1447 501 1499 πᾶσαι
540 1444 599 1498 αἱ
649 1445 885 1516 γαμικαί
929 1447 1036 1499 είσι
1063 1445 1314 1517 βιωτικαὶ¹
1354 1447 1449 1502 καὶ
1479 1448 1685 1517 γήϊναι.
1732 1442 1903 1503 Δῦται

314 1537 429 1608 μὲν
466 1533 560 1592 οῦν
588 1539 814 1593 ἐκείνων
840 1533 980 1593 εἶναι
1010 1538 1229 1594 δοκοῦσι
1255 1540 1613 1614 σφοδρότεραι
1643 1558 1658 1574 ⁸
1683 1541 1903 1597 δοκοῦσι

312 1629 405 1694 δὲ,
432 1625 624 1693 εἷπον,
670 1629 761 1684 διά
813 1629 876 1683 τὸ
915 1630 1176 1696 πολλάκις
1211 1633 1303 1686 ὑπ’
1327 1633 1552 1688 ἐκείνων
1577 1635 1898 1707 ἡττηθῆναι.

312 1721 445 1775 Kal
468 1720 580 1791 7&9
611 1719 752 1790 φίλοι
776 1719 1018 1790 ἀλλαχοῦ
1048 1721 1415 1794 γνησιώτερον
1437 1724 1716 1795 ἐφάνησαν
1744 1725 1901 1780 ἀδελ-

306 1811 450 1882 φῶν
503 1810 853 1882 διακείμενοι,
910 1812 1007 1865 xal
1053 1812 1184 1866 υἱῶν
1236 1812 1374 1882 πρὸς
1426 1814 1710 1885 πατέρας·
1743 1815 1837 1870 xal
1874 1818 1902 1869 6

308 1903 436 1974 μὲν
478 1903 752 1975 γεννηθεὶς
778 1904 880 1957 οὐκ
906 1903 1228 1975 ἐϐοήθησεν,
1253 1905 1281 1958 6
1307 1905 1365 1959 δὲ
1402 1906 1476 1978 μὴ
1518 1907 1681 1975 γνοὺς
1713 1908 1897 1973 αὑτὸν,

311 1994 579 2066 παρέστη
630 1994 723 2048 καὶ
779 1995 1103 2066 ἐϐοήθησεν.
1146 1997 1208 2050 Ἢ
1236 1998 1294 2051 δὲ
1325 2000 1671 2072 πνευματικὴ
1708 2000 1896 2071 ἀγάπη

308 2083 515 2138 πασῶν
545 2085 693 2138 ἐστιν
736 2085 1011 2158 ἀνωτέρα,
1037 2087 1286 2162 καθάπερ
1318 2106 1405 2154 τις
1448 2090 1738 2161 βασίλισσα
1788 2093 1899 2146 τῶν

311 2174 475 2229 ἰδίων
504 2175 801 2247 κρατοῦσα,
829 2178 925 2232 καὶ
950 2178 1203 2251 λαμπρὸν
1222 2180 1337 2252 ἔχει
1374 2181 1435 2235 τὸ
1469 2186 1657 2257 σχῆμα
1692 2200 1707 2216 ⁸
1741 2184 1897 2239 οὐδὲν

308 2267 436 2337 γάρ
478 2270 629 2339 γήῖον
655 2268 829 2340 αὐτὴν
868 2269 1065 2337 τίκτει,
1105 2271 1358 2344 καθάπερ
1381 2275 1616 2345 ἐκείνην,
1649 2276 1712 2330 οὐ
1733 2278 1896 2349 συνήσ

308 2357 459 2420 θεια,
474 2360 575 2414 οὐκ
594 2359 906 2432 εὐεργεσία,
927 2362 990 2416 ού
1016 2362 1200 2430 φύσις,
1227 2365 1288 2418 οὐ
1310 2366 1524 2437 χρόνος,
1548 2368 1665 2422 ἀλλ’
1687 2369 1895 2425 ἄνωθεν

308 2448 564 2503 κάτεισιν
593 2451 659 2505 ἐκ
674 2450 772 2503 τοῦ
802 2451 1056 2523 ούρανοῦ.
1094 2455 1205 2508 Καὶ
1228 2455 1280 2508 τί
1307 2455 1632 2527 θαυμάζεις,
1659 2461 1708 2513 εί
1739 2459 1895 2528 εὐερο

307 2538 511 2605 γεσίας
547 2539 607 2593 ού
643 2539 814 2594 δεῖται
848 2542 986 2613 πρὸς
1025 2543 1087 2596 τὸ
1118 2546 1476 2614 συνεστάναι,
1515 2549 1649 2603 ὅπου
1685 2567 1749 2620 γε
1776 2551 1897 2606 ούδέ

305 2630 394 2701 τῷ
429 2632 616 2695 κακῶς
654 2631 851 2686 παθεῖν
890 2633 1297 2706 ἀνατρέπεταις
1329 2638 1451 2695 Ὅτι
1502 2642 1563 2695 δὲ
1597 2641 1733 2715 αὕτη
1772 2645 1895 2715 μεί-

307 2722 426 2785 ζων
445 2722 662 2794 ἐκείνης
691 2724 862 2791 ἐστὶν,
892 2725 1125 2782 ἄκουσον
1141 2729 1357 2785 Παύλου
1379 2731 1629 2801 λέγοντος
1652 2750 1667 2765 ⁸
1701 2736 1898 2805 Ηύχό·

307 2830 441 2881 μην
483 2814 752 2886 ἀνάθεμα
797 2814 953 2873 εἶναι
988 2820 1175 2886 αὐτὸς
1204 2821 1322 2891 ἐγὼ
1353 2824 1474 2879 ἀπὸ
1505 2826 1611 2880 τοῦ
1632 2829 1896 2895 Χριστοῦ

306 2906 468 2973 ὑπὲρ
494 2905 616 2961 τῶν
631 2907 914 2979 ἀδελφῶν
924 2927 1067 2979 μου.
1090 2912 1186 2976 Τίς
1202 2913 1270 2967 ἂν
1289 2913 1448 2968 τοῦτο
1461 2915 1668 2985 ηὔξατο
1686 2920 1893 2991 πατὴρ,

309 2993 458 3049 ὥστε
487 2997 546 3049 ἐν
572 2999 762 3061 κακοῖς
788 2994 962 3065 είναι;
993 3002 1105 3057 Καὶ
1139 3001 1323 3066 πάλιν,
1360 3004 1432 3059 Τὸ
1458 3004 1765 3062 ἀναλῦσαι
1794 3011 1892 3064 καὶ

308 3088 438 3144 σὺν
493 3090 728 3159 Χριστῷ
776 3088 931 3146 εἶναι
1005 3092 1217 3160 πολλῷ
1275 3093 1520 3163 μᾶλλον
1566 3099 1856 3167 κρεῖσσον
1876 3118 1891 3133 ⁸

309 3180 384 3235 τὸ
445 3180 514 3236 δέ
564 3182 864 3253 ἐπιμεῖναι
893 3183 965 3241 ἐν
995 3183 1074 3254 τῇ
1120 3186 1302 3255 σαρκὶ
1327 3187 1793 3259 ἀναγκαιότερον
1817 3193 1894 3247 δι’

311 3272 493 3341 ὑμᾶς.
521 3275 656 3329 Ποία
689 3277 873 3349 μήτηρ
918 3277 1093 3332 ταῦτα
1117 3277 1184 3334 ἀν
1208 3280 1383 3336 ἕλοιτο
1404 3284 1582 3339 εἰπεῖν
1609 3324 1625 3350 ,
1658 3284 1798 3341 ὥστε
1824 3288 1894 3343 τά

306 3365 487 3437 αὐτῆς
517 3366 809 3436 παριδεῖν;
857 3369 966 3422 Καὶ
1008 3371 1169 3426 πάλιν
1208 3372 1373 3427 ἄκουε
1417 3374 1583 3430 αὐτοῦ
1621 3377 1891 3447 λέγοντοςν

320 3457 890 3526 Ἀπορςρανισθέντες
928 3461 1037 3531 γὰρ
1079 3462 1180 3532 ἀφ’
1234 3462 1400 3534 ὑμῶν
1463 3466 1615 3533 πρὸς
1683 3472 1892 3538 καιρὸν

302 3546 492 3615 ὥρας,
510 3549 823 3616 προσώπῳ,
845 3554 920 3606 οὐ
935 3553 1165 3622 καρδίᾳ.
1192 3555 1304 3609 Kal
1312 3555 1544 3611 ἐνταῦθα
1558 3558 1657 3627 μὲν
1668 3562 1697 3613 ό
1711 3561 1890 3633 πατὴρ

306 3639 596 3710 ὑϐρισθεὶς
621 3641 775 3695 ἔλυσε
799 3642 898 3714 τὴν
924 3643 1123 3711 φιλίαν,
1144 3648 1262 3699 ἐκεῖ
1281 3646 1554 3714 δὲούκέτι,
1586 3650 1724 3705 ἀλλὰ
1752 3652 1889 3724 πρὸς

304 3734 434 3796 τοὺς
472 3732 797 3800 λιθάζοντας
840 3735 1006 3808 ἀπῄει
1047 3737 1429 3811 εὐεργετήσων
1470 3742 1690 3807 αὐτούς.
1719 3744 1888 3801 Οὐδὲν

305 3824 437 3895 γάρ,
462 3825 622 3879 ούδέν
657 3826 828 3892 οὕτως
864 3828 1103 3901 ἰσχυρὸν,
1133 3830 1210 3893 ὡς
1252 3833 1283 3884 6
1319 3831 1413 3886 τοῦ
1441 3834 1757 3906 Πνεύματος
1798 3839 1887 3892 δε-

306 3917 460 3984 σμός.
511 3917 572 3970 ’0
604 3916 708 3988 μὲν
736 3920 845 3990 γάρ
869 3919 958 3974 διὰ
988 3921 1050 3975 τὸ
1076 3920 1270 3976 παθεῖν
1287 3919 1347 3977 εὖ
1384 3925 1537 3992 φίλος
1565 3928 1881 3999 γενόμενος,

305 4006 373 4061 ἄν
405 4008 484 4080 μὴ
510 4008 780 4079 διηνεκῶς
815 4011 976 4066 τοῦτο
1003 4013 1220 4085 γίνηται
1238 4054 1255 4078 ,
1283 4015 1437 4071 ἔσται
1462 4018 1657 4089 ἐχθρός
1685 4038 1698 4051 ⁸
1721 4021 1749 4074 6
1776 4023 1886 4077 ἀπὸ

306 4102 1000 4171 συνηθείαςκάδιάσπαστος
1019 4104 1114 4169 ῶν,
1141 4107 1304 4161 πάλιν
1330 4110 1428 4178 τῆς
1462 4112 1747 4184 συνηθείας
1768 4114 1885 4169 δια-

303 4192 590 4264 κοπείσης,
645 4194 839 4249 ἔσϐεσε
908 4198 1009 4270 τὴν
1064 4199 1267 4269 φιλίαν.
1311 4201 1373 4254 Ἡ
1407 4202 1545 4273 γυνὴ
1602 4205 1785 4269 πάλιν,
1817 4206 1883 4262 ἂν

305 4283 454 4354 μάχη
482 4286 717 4356 γένηται
741 4329 755 4349 ,
782 4288 961 4359 ἀφῆκε
990 4290 1080 4343 τὸν
1125 4291 1313 4363 ἄνδρα,
1339 4294 1434 4347 καὶ
1457 4295 1548 4349 τὸν
1575 4298 1737 4351 πόθον
1757 4296 1879 4353 έλυ-

303 4391 394 4429 σεν
414 4394 431 4407 ⁸
471 4379 501 4430 6
542 4378 681 4441 υίὸς,
716 4378 783 4432 ἂν
828 4381 1059 4436 ἐπιπολὺ
1087 4380 1266 4447 ζῶντα
1285 4385 1376 4438 τὸν
1398 4387 1609 4459 πατέρα
1628 4389 1753 4450 ἴδοι,
1788 4392 1881 4445 καὶ

302 4464 622 4535 βαρύνεται.
662 4467 785 4521 Ἐπὶ
815 4468 872 4522 δέ
906 4470 1001 4524 τοῦ
1030 4470 1339 4542 πνεύματος
1366 4474 1571 4529 τούτων
1606 4478 1706 4533 οὐκ
1734 4478 1881 4535 ἐστιν

299 4557 474 4611 οὐδέν
536 4558 716 4612 οὐδενὶ
760 4560 870 4632 7&9
910 4562 1117 4618 τούτων
1171 4564 1395 4631 λύεται,
1444 4568 1565 4622 ἐπεὶ
1624 4571 1759 4644 μηδὲ
1814 4573 1879 4631 ὲκ

298 4645 509 4701 τούτων
564 4647 795 4720 συνέστη
843 4667 859 4682 ⁸
906 4649 1032 4705 οὔτε
1084 4654 1294 4723 χρόνος,
1334 4654 1458 4709 οὔτε
1507 4658 1682 4728 μῆκος
1724 4660 1875 4726 ὁδοῦ,

299 4738 424 4792 οὔτε
478 4740 544 4793 τὸ
596 4741 785 4805 κακῶς
827 4743 1043 4807 παθεῖν,
1079 4743 1202 4799 οὔτε
1230 4747 1294 4800 τδ
1314 4749 1501 4813 κακῶς
1531 4751 1783 4819 ἀκοῦσαι,
1815 4753 1877 4807 ού

300 4829 495 4901 θυμὸς,
520 4832 621 4902 οὐχ
659 4832 838 4904 ὕϐρις,
863 4835 961 4888 οὐκ
990 4836 1117 4890 ἄλλο
1148 4837 1301 4891 οὐδὲν
1324 4840 1724 4912 ἐπεισέρχεται,
1757 4845 1878 4899 οἱδὲ

298 4921 523 4976 δύναται
575 4924 748 4995 αὐτὴν
809 4925 1077 4981 διαλῦσαι.
1114 4928 1225 4983 Καὶ
1251 4930 1337 4983 ἴνα
1372 4930 1569 5003 μάθῃς,
1600 4933 1879 5000 ἐλιθάξετο

297 5015 326 5064 ὀ
360 5015 630 5085 Μωῦσῆς,
662 5017 759 5070 καὶ
786 5017 930 5088 ὑπὲρ
949 5019 1129 5073 αὐτῶν
1162 5021 1335 5090 ἠξίου.
1359 5021 1456 5086 Τίς
1491 5023 1557 5078 ἂν
1582 5024 1741 5080 τοῦτο
1759 5029 1875 5098 είρ-

297 5105 508 5170 γάσατο
557 5108 746 5179 πατὴρ
802 5109 944 5180 ὑπὲρ
992 5110 1088 5165 τοῦ
1115 5112 1452 5177 λιθάσαντος,
1484 5114 1600 5169 ἀλλ’
1629 5116 1752 5187 οὐχὶ
1780 5119 1875 5173 καὶ

297 5195 462 5248 αὐτὸν
483 5195 552 5250 ἂν
583 5198 881 5253 κατέλευσε
914 5218 928 5265 ;
963 5202 1177 5265 Ταύτας
1218 5201 1283 5274 δὴ
1319 5204 1746 5276 μεταδιώκωμεν
1775 5206 1875 5272 τὰς

297 5286 480 5353 φιλίας
510 5289 610 5351 τάς
641 5291 752 5345 ἀπὸ
773 5292 869 5345 τοῦ
906 5293 1237 5365 πνεύματος·
1278 5297 1496 5368 ἰσχυραὶ
1516 5299 1747 5369 γάρείσι
1780 5301 1874 5355 καὶ

297 5375 656 5433 δυσδιάλυτον
681 5380 757 5451 μὴ
785 5381 882 5446 τὰς
896 5382 1007 5439 ἀπὸ
1028 5384 1135 5439 τῶν
1150 5386 1463 5455 τραπεζῶν·
1487 5387 1603 5441 ἐκεῖ
1644 5390 1752 5461 γάρ
1776 5392 1871 5446 καὶ

299 5468 623 5540 κωλυόμεθα
638 5472 845 5537 ταύτας
872 5473 1137 5543 εἰσάγειν.
1166 5475 1430 5529 ’Ἄκουσον
1456 5476 1566 5547 7&9
1596 5479 1690 5533 τοῦ
1735 5482 1869 5551 Χρι-

302 5560 422 5614 στοῦ
447 5561 705 5632 λέγοντος
727 5565 786 5619 ὲν
813 5564 894 5637 τῷ
919 5565 1233 5637 Βὺαγγελίῳ
1261 5584 1277 5600 ⁸
1301 5567 1399 5637 Μὴ
1425 5568 1697 5639 καλέσῃς
1728 5574 1870 5639 τοὺς

301 5651 514 5721 φίλους
544 5670 687 5720 σου,
712 5654 865 5725 μηδὲ
898 5656 1038 5726 τοὺς
1070 5658 1343 5729 γείτονάς
1371 5674 1509 5726 σου,
1543 5657 1650 5716 ἐὰν
1689 5661 1862 5728 ποιή-

1260 226 1328 282 ΙΝ
1366 224 1589 284 ΕΡΙΞΤ.
1628 227 1721 281 AD
1761 225 2030 283 COLOSS
2082 227 2237 284 CAP.
2277 228 2319 285 Ι.
2365 222 2600 287 1101111..
2640 231 2683 288 Ι.

3489 238 3594 297 504

2019 350 2140 406 σῃς
2188 339 2403 408 δοχὴν,
2449 342 2612 396 ἀλλὰ
2664 342 2803 409 τοὺς
2855 346 3111 413 χωλοὺς,
3173 345 3315 414 τοὺς
3362 349 3595 420 ἀναπή-

2008 446 2161 498 ρους
2186 449 2200 462 ⁸
2239 432 2465 497 εἰκότως
2493 451 2507 465 ⁸
2542 434 2710 498 πολὺς
2736 434 2847 507 7&9
2878 437 2907 489 6
2941 437 3084 508 ὑπὲρ
3139 437 3343 493 τούτων
3376 442 3589 511 μισθός.

2030 521 2167 575 Ἀλλ’
2198 523 2261 576 ού
2295 522 2546 589 δύνασαι,
2578 525 2704 579 οὐδὲ
2754 526 2924 600 ἀνέχῃ
2967 528 3107 600 μετά
3151 529 3339 601 χωλῶν
3368 534 3463 587 καὶ
3496 551 3592 588 τυ-

2017 613 2165 683 φλῶν
2190 616 2494 683 ἑστιᾶσθαι,
2522 617 2659 672 ἀλλά
2678 618 2819 691 βαρὺ
2848 622 2944 675 καὶ
2970 622 3231 694 φορτικὸν
3270 624 3377 697 ήγῇ
3408 625 3589 692 τοῦτο,

2015 706 2111 759 καὶ
2140 708 2383 778 παραιτῇ
2409 724 2425 774 ;
2459 706 2610 781 [527]
2637 707 2895 764 Μάλιστα
2923 711 3021 782 μὲν
3043 707 3140 767 οὖν
3170 713 3272 771 οὐκ
3292 713 3421 783 ἔδει,
3449 714 3591 786 πλήν

2013 794 2129 850 ἀλλ’
2153 797 2256 850 ούκ
2301 795 2449 851 ἔστιν
2495 797 2712 872 ἀνάγκη
2743 814 2758 830 ⁸
2797 802 2901 855 κᾶν
2923 801 3001 873 μὴ
3024 802 3362 876 συγκαθίσης
3390 804 3590 868 αὐτοὺς

2017 887 2155 958 μετά
2182 886 2301 955 σοῦ,
2325 887 2395 943 τά
2424 888 2704 960 ἐδέσματα
2722 890 2906 957 αὐτοῖς
2927 892 3250 948 ἀπόστειλον
3271 894 3342 948 τὰ
3366 894 3475 948 ἀπὸ
3488 897 3590 963 τῆς

2011 979 2435 1053 τραπέζης.Καὶ
2457 980 2567 1054 7&9
2585 984 2614 1037 6
2640 981 2829 1052 φίλους
2847 983 3053 1050 καλῶν,
3075 985 3229 1040 οὐδὲν
3252 986 3402 1058 μέγα
3428 986 3584 1040 ἐποί-

2010 1088 2143 1143 ησεν
2174 1088 2191 1104 ⁸
2216 1072 2459 1128 ἀπέλαϐε
2505 1076 2617 1147 γάρ
2646 1075 2886 1132 ἐνταῦθα
2921 1076 3013 1132 τὸν
3046 1078 3237 1149 μισθόν
3263 1095 3278 1110 ⁸
3308 1080 3337 1134 6
3376 1078 3431 1132 δὲ
3451 1079 3587 1134 ἀνά-

2012 1180 2188 1235 πηρον
2223 1163 2404 1219 καλῶν
2448 1166 2546 1222 καὶ
2575 1166 2807 1240 πένητα,
2845 1167 2960 1240 ἔχει
2987 1167 3079 1222 τὸν
3112 1168 3244 1223 Θεὸν
3275 1168 3584 1241 ὀφειλέτην.

2009 1253 2104 1327 Μὴ
2132 1254 2317 1309 τοίνυν
2344 1254 2725 1329 ἀσχάλλωμεν,
2756 1259 2886 1314 ὅταν
2923 1258 2999 1330 μὴ
3029 1258 3264 1314 ἐνταῦθα
3295 1260 3584 1315 ἀπολάϐω-

2014 1360 2135 1417 μεν,
2164 1345 2279 1400 ἀλλ’
2303 1347 2432 1402 ὅταν
2481 1348 2717 1406 ἐνταῦθα
2745 1350 3112 1422 ἀπολάϐωμεν
3140 1368 3154 1383 ⁸
3178 1352 3297 1406 ἐκεῖ
3325 1352 3435 1424 γάρ
3457 1352 3584 1407 οὑκ-

2012 1436 2094 1491 έτι
2151 1436 2565 1509 ἀποληψόμεθα.
2632 1441 2890 1514 Ὁμοίως,
2934 1442 3002 1497 ἂν
3043 1442 3333 1514 ἄνθρωπος
3379 1444 3585 1515 ἀποδῷ,

2009 1527 2143 1594 Θεὸς
2174 1529 2275 1585 οὐκ
2320 1529 2644 1585 ἀποδίδωσιν
2671 1548 2686 1563 ⁸
2724 1533 2792 1587 ἂν
2834 1526 2993 1598 οὗτος
3063 1535 3140 1606 μὴ
3203 1535 3412 1608 ἀποδῷ,
3463 1536 3588 1591 τότε

2009 1618 2279 1675 ἀποδώσει
2309 1620 2461 1685 Θεός.
2499 1620 2591 1690 Μὴ
2620 1622 2804 1677 τοίνυν
2850 1623 3097 1689 ἐκείνους
3135 1625 3389 1696 ζητῶμεν
3434 1627 3588 1698 εὐερ-

2007 1713 2188 1779 γετεῖν
2238 1712 2367 1776 τοὺς
2421 1713 2823 1768 ἀνταποδοῦναι
2867 1716 3000 1787 ἡμῖν
3047 1716 3408 1788 δυναμένους,
3450 1718 3588 1789 μηδέ

2008 1805 2101 1858 ἐπὶ
2125 1804 2409 1871 τοιαύταις
2452 1806 2655 1871 αὐτοὺς
2689 1807 2904 1862 ἐλπίσιν
2943 1806 3328 1881 εὐεργετῶμεν
3351 1826 3366 1842 ⁸
3402 1809 3588 1881 ψυχρά

2007 1896 2146 1968 αῦτη
2206 1899 2241 1970 ή
2290 1897 2520 1953 διάνοια.
2557 1899 2662 1954 Τὸν
2722 1900 2874 1970 φίλον
2918 1901 2984 1957 ἂν
3010 1900 3273 1974 καλέσῃς,
3298 1903 3461 1975 μέχρι
3485 1902 3587 1974 τῆς

2007 1991 2245 2062 ἑσπέρας
2277 1990 2310 2061 ἡ
2365 1990 2562 2062 χάρις·
2590 1991 2679 2046 διά
2730 1991 2893 2047 τοῦτο
2930 1993 3040 2050 τῶν
3093 1994 3587 2066 καταϐαλλομένων

2004 2081 2305 2154 ταχύτερον
2343 2083 2377 2156 ἢ
2408 2082 2519 2137 τῶν
2551 2083 2759 2156 καιρῶν
2783 2085 3092 2141 δαπανᾶται
3119 2087 3272 2158 φιλία
3294 2104 3308 2119 ⁸
3331 2087 3423 2142 τὸν
3453 2088 3585 2159 μέν·

2006 2192 2086 2228 τοι
2118 2175 2325 2247 πένητα
2346 2175 2442 2230 καὶ
2466 2176 2753 2248 ἀνάπηρον
2778 2177 2845 2231 ἂν
2880 2178 3144 2252 καλέσῃς,
3168 2180 3425 2236 οὐδέποτε
3445 2183 3585 2237 ἀπο-

2005 2267 2178 2320 λεῖται
2226 2269 2259 2339 ή
2314 2268 2475 2340 χάρις
2508 2285 2521 2298 ⁸
2581 2269 2673 2323 τὸν
2733 2268 2844 2341 γὰρ
2895 2273 3126 2327 πάντοτε
3174 2274 3587 2346 μνημονεύοντα

2004 2358 2159 2424 Θεὸν,
2209 2360 2306 2413 καὶ
2350 2360 2610 2415 οὐδέποτε
2647 2361 3158 2435 ἐπιλανθανόμενον,
3224 2364 3370 2437 ἔχεις
3423 2366 3588 2421 αὑτὸν

2004 2450 2310 2522 ὀφειλέτην.
2348 2451 2533 2522 Πόσης
2596 2452 2652 2506 δὲ
2719 2454 2812 2507 καὶ
2869 2454 3149 2524 βλακείας,
3206 2457 3329 2511 εἰπέ
3384 2458 3587 2529 μοι,τὸ

2007 2542 2082 2613 μὴ
2105 2541 2365 2596 δύνασθαι
2395 2542 2595 2612 πένησι
2623 2542 3058 2611 συγκαθέζεσθαι
3077 2563 3093 2612 ;
3113 2545 3178 2599 Τί
3203 2546 3412 2615 λέγεις;
3431 2549 3586 2605 Ἀκά-

2005 2620 2204 2704 θαρτός
2221 2634 2360 2697 ἐστι,
2405 2635 2563 2703 φησὶ,
2598 2634 2692 2686 καὶ
2720 2634 2988 2704 ῥυπαρός.
3026 2636 3137 2689 Kal
3167 2636 3359 2692 λοῦσον
3396 2640 3584 2706 αὐτὸν,

2005 2724 2100 2777 καὶ
2133 2724 2378 2794 ἀνάγαγε
2423 2723 2517 2777 ἐπὶ
2568 2723 2854 2795 τράπεζαν
2901 2725 3000 2796 τὴν
3040 2726 3161 2797 σήν.
3203 2726 3347 2791 Ἀλλ’
3385 2730 3581 2801 ἱμάτια.

2005 2812 2119 2884 ἔχει
2172 2814 2586 2886 ἐῤῥυπωμένας
2621 2815 2731 2869 Kal
2773 2815 3028 2888 ἄμειψον,
3058 2817 3153 2871 καὶ
3205 2816 3296 2883 δὸς
3334 2819 3584 2893 καθαράν

2008 2905 2225 2977 στολήν.
2868 2958 2923 3017 .

2078 2999 2114 3017 ...
2179 2999 2242 3017 η.
2337 3001 2426 3017 ...
2525 3000 2539 3017 .
2629 3001 2712 3017 ..
2807 3002 2831 3017 η

2074 2999 2136 3053 δ’.
2177 2999 2291 3071 Ούχ
2327 3001 2458 3072 δρᾷς
2489 3000 2552 3055 τὸ
2580 3001 2772 3071 κέρδος
2804 2999 2927 3057 ὅσὸν
2957 3020 2974 3072 ;
3006 3004 3037 3058 6
3057 3005 3293 3077 Χριστὸς
3317 3005 3384 3061 δι’
3414 3006 3578 3062 αὐτοῦ

2003 3093 2384 3165 παραγίνεται,
2413 3096 2591 3151 καὶσὺ
2624 3096 2765 3170 ὑπὲρ
2797 3097 2988 3155 τούτου
3013 3099 3349 3173 μικρολογῇς
3372 3100 3465 3157 τὸν
3487 3101 3583 3173 βα-

2004 3188 2154 3242 σιλέα
2166 3187 2346 3242 καλῶν
2364 3189 2459 3242 ἐπὶ
2474 3189 2573 3259 τὴν
2584 3189 2888 3258 τράπεζαν,
2907 3190 3049 3263 ὑπὲρ
3072 3190 3282 3247 τούτων
3301 3191 3546 3259 δέδοικας
3562 3211 3581 3262 ;

2013 3278 2462 3333 ’Υποκείσθωσαν
2485 3278 2759 3349 τράπεζαι
2786 3280 2898 3347 δύο,
2929 3282 3024 3335 καὶ
3056 3283 3090 3354 ή
3127 3282 3231 3353 μὲν
3265 3284 3331 3338 ἐκ
3372 3283 3580 3339 τούτων

2000 3367 2406 3440 πεπληρώσθω,
2440 3370 2537 3423 καὶ
2589 3369 2763 3440 ἐχέτω
2791 3370 3028 3440 τυφλοὺς
3048 3410 3064 3436 ,
3089 3371 3318 3443 χωλοὺς,
3349 3373 3579 3441 κυλλοὺς

1998 3461 2097 3529 τὴν
2136 3461 2317 3531 χεῖρα,
2354 3461 2415 3514 τὸ
2448 3460 2641 3525 σκέλος
2688 3463 3150 3534 πεπηρωμένους,
3183 3465 3575 3533 ἀνυποδέτους,

1997 3552 2094 3606 ἕνα
2120 3551 2540 3623 περικειμένους
2575 3552 2918 3625 χιτωνίσκον,
2943 3555 3039 3609 καὶ
3069 3556 3259 3610 τοῦτον
3287 3557 3578 3629 ἐκτετριμ-

1999 3642 2177 3712 μένον⁸
2207 3644 2239 3713 ή
2269 3642 2325 3696 δὲ
2358 3641 2521 3714 ἑτέρα
2547 3644 2719 3714 ἐχέτω
2739 3644 3025 3712 δυνάστας,
3054 3648 3419 3718 στρατηγοὺς,
3443 3665 3577 3703 τοπα-

1995 3732 2190 3803 άρχας,
2224 3732 2493 3802 ἄρχοντας
2533 3734 2825 3805 μεγάλους,
2846 3736 3231 3808 ἐνδεδυμένους
3253 3737 3444 3809 ἱμάτια
3478 3755 3578 3793 πο·-

1995 3821 2186 3896 λυτελῆ
2206 3824 2301 3879 καὶ
2323 3825 2515 3890 ὀθόνας
2538 3825 2763 3892 λεπτάς,
2780 3826 3126 3899 ἐζωσμένους
3140 3832 3351 3900 χρυσᾶς
3371 3827 3573 3895 ζώνας.

1994 3915 2164 3970 Πάλιν
2190 3916 2430 3972 ἐνταῦθα
2449 3918 2509 3972 ἐν
2530 3920 2597 3989 τῇ
2618 3917 2731 3973 τῶν
2756 3920 3012 3991 πενήτων
3035 3922 3286 3995 τραπέζῃ
3318 3923 3460 3994 μήτε
3481 3921 3578 3994 69-

1993 4027 2161 4081 γυρος
2190 4010 2352 4077 ἔστω,
2381 4012 2520 4082 μήτε
2552 4006 2694 4074 οἶνος
2730 4011 2918 4077 πολὺς,
2942 4012 3059 4066 ἀλλ’
3089 4014 3118 4066 6
3146 4013 3333 4085 ἀρκῶν
3366 4015 3462 4068 καὶ
3483 4015 3577 4068 εύ-

1993 4104 2195 4175 φρᾶναι
2246 4102 2546 4173 δυνάμενος
2579 4116 2595 4132 ⁸
2639 4102 2711 4157 τά
2739 4103 2798 4156 δὲ
2846 4102 3155 4175 ἐκπώματα
3195 4106 3290 4160 καὶ
3314 4105 3383 4158 τά
3410 4106 3575 4160 λοιπά

1993 4195 2164 4267 σκεύη
2190 4195 2300 4250 ἀπὸ
2324 4195 2478 4248 ὑέλου
2509 4193 2937 4256 κατεσκευάσθω
2960 4195 3129 4264 μόνης
3152 4211 3167 4226 ⁸
3195 4197 3313 4249 ἐκεῖ
3331 4196 3389 4250 δὲ
3420 4198 3479 4249 ἐν
3504 4200 3569 4267 τῇ

1988 4288 2099 4341 τῶν
2137 4286 2407 4341 πλουσίοιν
2423 4284 2673 4356 τραπέζῃ
2703 4285 2844 4339 έστω
2870 4285 2971 4354 μὲν
3001 4285 3169 4356 σκεύη
3205 4287 3272 4340 τά
3302 4287 3481 4341 πάντα
3511 4287 3571 4353 ἐξ

1990 4377 2235 4449 ἀργύρου
2289 4377 2384 4431 καὶ
2440 4375 2667 4446 χρυσοῦ,
2696 4377 2791 4431 καὶ
2837 4376 2973 4447 μηδὲ
3003 4370 3084 4440 εἷς
3114 4378 3329 4448 φερέτω
3349 4377 3409 4430 τὸ
3435 4379 3566 4448 ήμι-

1989 4470 2231 4530 κύκλιον,
2262 4467 2400 4522 άλλά
2446 4467 2540 4521 δύο
2572 4468 2779 4522 νεανίαι
2811 4467 2965 4538 μόλις
3015 4467 3148 4521 αὐτὸ
3195 4467 3518 4522 κινείτωσαν
3548 4481 3566 4497 ⁸

1988 4560 2129 4615 ἔστω
2158 4560 2217 4613 δὲ
2248 4561 2342 4614 καὶ
2376 4558 2543 4630 φιάλη
2588 4559 2892 4630 ὑπόχρυσος
2926 4559 3170 4629 σταθμὸν
3197 4558 3567 4635 ἡμιτάλαντον

1987 4650 2222 4704 ἕλκουσα
2248 4691 2264 4717 ,
2302 4649 2380 4714 ὡς
2413 4649 2509 4705 δύο
2553 4650 2771 4713 νεανίας
2811 4648 2967 4719 μόλις
3022 4648 3193 4721 αὐτὴν
3243 4651 3438 4713 κινεῖν,
3469 4649 3567 4703 καὶ

1984 4743 2035 4797 οἱ
2067 4743 2337 4814 ἀμφορεῖς
2364 4741 2670 4796 κείσθωσαν
2700 4739 2896 4811 ἐφεξῆς
2912 4738 3091 4811 πολλῷ
3107 4741 3332 4812 ἄμεινον
3345 4739 3441 4793 τοῦ
3461 4741 3565 4809 άρ-

1986 4830 2157 4904 γύρου
2183 4831 2600 4903 ἀπολάμποντες
2614 4830 2693 4900 τῷ
2713 4830 2900 4903 χρυσῷ
2925 4847 2939 4862 ⁸
2975 4830 3120 4886 ἔστω
3149 4830 3328 4910 δὲκαὶ
3353 4829 3413 4883 τὸ
3429 4831 3564 4901 ήμιο

1985 4923 2206 4979 κύκλιον
2235 4925 2420 4995 ἁπαλῇ
2447 4926 2702 4996 στρωμνῇ
2731 4922 2995 4979 πάντοθεν
3013 4924 3428 4996 ἐστορεσμένον.
3445 4923 3562 4978 Πά-

1983 5014 2067 5071 λιν
2113 5015 2346 5070 ἐνταῦθα
2384 5017 2483 5087 μὲν
2521 5016 2767 5072 εστωσαν
2797 5017 3036 5072 διάκονοι
3058 5016 3264 5081 πολλοὶ,
3295 5016 3405 5071 τῶν
3424 5017 3560 5071 ἀνα-

1982 5109 2252 5180 κειμένων
2263 5104 2532 5180 ούχῆττον
2548 5092 2950 5181 κεκοσμημένοι
2959 5112 3070 5174 τοῖς
3089 5108 3345 5180 ἱματίοις,
3364 5110 3460 5163 καὶ
3474 5110 3561 5162 ἐν·

1979 5200 2260 5273 ὰδυμένοι
2295 5201 2587 5274 λαμπρῶς,
2617 5203 2712 5257 καὶ
2764 5202 3094 5274 ἀναξυρίδας
3136 5201 3375 5273 ἔχοντες,
3402 5201 3560 5257 καλοὶ

1983 5293 2081 5364 μὲν
2119 5293 2267 5358 ίδεῖν,
2309 5294 2442 5348 αὐτὸ
2461 5296 2685 5363 ἄγοντες
2715 5296 2816 5366 τῆς
2841 5295 3059 5366 ἡλικίας
3087 5294 3149 5349 τὸ
3182 5285 3367 5361 άνθίος,
3389 5312 3553 5366 σφρι-

1979 5387 2184 5456 γῶντες
2222 5388 2318 5441 καὶ
2344 5386 2794 5457 εύσωματοῦντες
2822 5403 2837 5418 ⁸
2863 5389 2979 5441 ἐκεῖ
2991 5387 3049 5440 δὲ
3079 5386 3177 5441 δύο
3209 5386 3362 5457 μόνοι
3381 5386 3556 5440 εστω-

1981 5496 2078 5533 σαν
2099 5477 2249 5549 [5281
2264 5478 2522 5542 διάκονοι,
2553 5477 2729 5532 πάντα
2749 5477 2840 5531 τὸν
2850 5477 3018 5548 τῦφον
3034 5475 3225 5532 τοῦτον
3236 5476 3556 5548 πεπατηκό-

1978 5586 2068 5633 τες
2085 5585 2097 5598 ⁸
2115 5569 2210 5622 καὶ
2231 5569 2373 5624 έστω
2399 5571 2512 5633 τοῖς
2537 5568 2636 5639 μὲν
2658 5568 2728 5622 τὰ
2746 5568 3023 5640 ἐδέσματα
3056 5568 3348 5638 πολυτελῆ,
3366 5569 3480 5631 τοῖς
3495 5566 3554 5620 δέ

1980 5661 2218 5718 τοσαῦτα
2229 5662 2332 5719 ὅσα
2351 5661 2538 5717 σϐέσαι
2560 5659 2651 5716 τὸν
2672 5659 2851 5733 λιμὸν,
2867 5660 2959 5719 καὶ
2976 5660 3313 5735 εὐφροσύνης
3340 5657 3555 5733 ἐμπλῆ-
