4064 6210
207 279 320 334 503

204 410 272 448 an
302 400 495 447 exacte
539 399 595 445 et
644 399 892 446 accurate
935 399 1153 446 struem:
1192 400 1318 446 sunt
1343 389 1514 443 amba:
1543 383 1791 442 mensae?

204 483 429 538 deestne
453 481 652 552 aliquid
673 481 698 536 i
726 483 838 554 Ego
854 482 1068 553 quidem
1091 497 1198 536 non
1225 483 1451 552 Opinor:
1478 495 1600 535 nam
1629 487 1684 534 et
1710 478 1793 532 in-

205 575 407 629 vitatos
457 575 701 629 recensni
723 614 738 640 ,
767 575 1094 644 exposuique
1137 589 1295 644 quam
1326 573 1557 643 pretiosa
1586 580 1639 626 et
1678 585 1793 624 ma-

203 667 401 736 gniﬁca
447 675 632 721 essent
677 681 824 730 vasa,
873 666 1105 736 stragula
1159 676 1216 722 et
1266 664 1486 720 cibaria.
1515 663 1620 719 Sed
1651 671 1706 718 et
1749 662 1795 718 si

204 759 500 828 quidquam
535 759 1011 828 praetermisimus,
1048 757 1103 812 in
1124 758 1366 813 oratione
1393 756 1798 827 progredientes

207 849 257 902 id
288 849 648 904 inveniemus.
670 849 779 920 Age
804 864 934 919 ergo
957 889 971 912 ,
1001 849 1250 918 quoniam
1281 848 1423 918 quod
1467 849 1702 917 oportuit
1743 856 1799 901 et

205 940 394 995 decuit
419 940 585 994 decus
621 947 677 994 et
705 949 1074 994 ornamentum
1105 939 1313 1009 accepit
1339 948 1563 1008 utraque
1589 950 1794 1002 mensa,

210 1029 489 1086 videamus
529 1030 742 1085 ubinam
783 1045 881 1084 vos
914 1029 1263 1084 accumbetis.
1291 1028 1423 1083 Nam
1459 1041 1559 1097 ego
1585 1025 1798 1095 quidem

208 1121 350 1174 vado
380 1119 447 1173 ad
474 1135 715 1174 mensam
738 1135 1004 1175 caecorum
1031 1129 1088 1174 et
1112 1119 1424 1174 claudorum
1455 1137 1468 1172 :
1499 1119 1679 1188 plures
1703 1132 1800 1171 au-

211 1222 318 1264 tem
345 1226 412 1265 ex
439 1211 591 1265 vobis
615 1211 813 1281 eligent
868 1210 1006 1266 hanc
1052 1211 1280 1265 fortasse
1317 1224 1557 1264 mensam
1607 1208 1801 1262 ducto-

215 1319 331 1356 rum
363 1302 629 1358 exercitns
671 1318 790 1373 quae
841 1313 926 1358 est
978 1301 1254 1373 splendida
1285 1310 1338 1357 et
1378 1301 1580 1355 hilaris.
1614 1298 1806 1353 Videa-

216 1409 334 1448 mus
364 1408 491 1463 ergo
517 1403 634 1448 utra
673 1394 743 1447 sit
775 1393 963 1463 majori
1001 1393 1204 1463 repleta
1234 1392 1536 1462 voluptate;
1567 1389 1803 1445 nondum

216 1484 358 1536 enim
388 1483 560 1537 futura
605 1483 941 1554 inquiramus
972 1500 986 1534 :
1017 1498 1141 1537 nam
1184 1483 1237 1536 in
1285 1482 1388 1537 illis
1425 1480 1638 1550 quidem
1691 1479 1804 1534 hare

219 1589 336 1628 mea
359 1583 441 1628 est
458 1575 723 1644 superior.
744 1573 962 1640 Quare?
983 1573 1243 1641 Quoniam
1271 1571 1387 1627 haec
1410 1571 1624 1642 quidem
1650 1568 1804 1623 Chri-

217 1675 357 1719 stum
389 1666 548 1721 habet
571 1665 978 1722 accumbentem
1005 1682 1020 1732 ;
1053 1665 1140 1720 illa
1172 1673 1348 1720 autem
1364 1665 1608 1718 homines
1642 1680 1654 1715 :
1691 1661 1803 1716 lucc

220 1754 527 1822 Dominum,
560 1755 644 1811 illa
667 1770 873 1810 servos.
905 1754 1063 1811 Atde
1098 1754 1181 1809 his
1211 1754 1446 1809 nondum
1469 1755 1677 1824 agitur;
1709 1753 1803 1807 sed

215 1845 501 1898 videamus
529 1855 647 1899 utra
687 1845 940 1915 majorem
969 1844 1160 1900 haheat
1191 1846 1514 1914 voluptatem
1560 1845 1614 1897 in
1665 1859 1803 1911 ιιι-ω-

219 1935 421 1989 sentia.
452 1935 519 1989 Et
562 1935 614 1988 in
666 1933 760 1988 hac
788 1934 1000 2004 quidem
1045 1935 1219 2004 major
1260 1943 1342 1989 est
1371 1933 1486 1988 hme
1516 1931 1800 2001 voluptas}

225 2041 352 2079 mm
377 2040 496 2079 cum
524 2040 646 2095 rege
670 2026 984 2081 accumbere
1002 2025 1259 2095 majorem
1280 2024 1436 2080 atl'ert
1456 2024 1802 2093 voluptatem,

223 2131 385 2184 quam
415 2131 531 2170 cum
562 2115 748 2171 servis.
781 2115 888 2172 Sed
916 2116 1018 2171 hoc
1038 2131 1253 2186 quoque
1294 2119 1588 2181 mittamus,
1613 2123 1666 2169 et
1692 2128 1804 2168 rem

222 2207 392 2273 ipsam
424 2221 518 2276 per
545 2221 603 2261 se
631 2208 1147 2279 examinemus.Ego
1174 2207 1372 2277 itaque,
1399 2215 1454 2260 et
1477 2207 1564 2276 qui
1597 2219 1804 2260 mect'm

223 2296 362 2350 hanc
391 2311 626 2352 mensam
649 2298 946 2368 elegerunt,
975 2313 1094 2352 eum
1122 2312 1312 2369 magna
1333 2297 1581 2352 libertate
1609 2304 1664 2350 et
1688 2296 1809 2350 ani-

223 2387 294 2440 mi
323 2388 706 2458 tranquillitate
730 2397 786 2444 et
811 2388 1190 2453 delectatione,
1217 2397 1272 2444 et
1315 2387 1552 2443 dicemus
1572 2427 1586 2451 ,
1618 2395 1672 2442 et
1711 2402 1806 2439 au-

222 2476 434 2532 diemus
460 2478 637 2532 omnia
666 2494 680 2534 :
709 2493 802 2533 vos
840 2487 1017 2533 autem
1045 2486 1332 2539 trementes
1359 2487 1413 2533 et
1441 2476 1806 2540 formidantes,

223 2577 277 2622 et
301 2583 394 2622 eos
416 2569 506 2638 qui
543 2571 870 2625 accumbunt
895 2579 1224 2635 reverentes,
1255 2585 1322 2625 ne
1349 2584 1566 2625 manum
1595 2569 1810 2638 quidem

223 2660 490 2716 audebitis
510 2661 821 2728 extendere,
851 2671 1118 2734 tamquam
1150 2663 1205 2717 in
1237 2662 1507 2734 pzedagogi
1538 2661 1722 2717 ludum
1746 2661 1811 2716 li-

227 2751 481 2806 terarium
509 2753 756 2823 ingressi,
791 2767 896 2809 non
917 2754 984 2809 ad
1011 2755 1322 2824 prandium;
1346 2763 1613 2825 tamquam
1639 2767 1812 2809 saevos

225 2845 476 2899 dominos
518 2843 914 2903 borrescentes.
945 2845 1049 2901 Sed
1091 2859 1199 2900 non
1247 2845 1324 2900 sic
1353 2845 1451 2899 illi.
1477 2845 1546 2900 At
1585 2859 1805 2915 magna,

228 2935 422 3003 inquit,
451 2949 540 2990 res
565 2945 650 2991 est
681 2935 872 2990 honor.
908 2936 1066 3006 Atqui
1093 2950 1192 3006 ego
1217 2935 1433 3006 quidem
1461 2936 1648 3004 majori
1692 2951 1810 2990 sum

229 3027 278 3079 in
312 3028 522 3081 honore
552 3043 566 3079 :
599 3042 721 3081 nam
752 3035 926 3082 vestra
970 3027 1142 3098 major
1175 3037 1396 3100 apparet
1439 3027 1614 3084 vilitas
1640 3068 1655 3095 ,
1683 3042 1809 3084 cum

229 3119 391 3179 etiam
431 3118 672 3188 ejusdem
716 3133 916 3172 mensa:
959 3119 1280 3188 participes,
1323 3117 1608 3189 proferatis
1651 3117 1810 3174 verba

229 3226 533 3267 servorum.
566 3210 774 3265 Etenim
804 3220 929 3265 tunc
953 3211 1182 3266 maxime
1205 3220 1430 3281 apparet
1451 3225 1658 3275 servus,
1687 3225 1810 3264 cum

230 3303 543 3358 accubuerit
579 3317 700 3356 cum
734 3301 954 3356 domino
983 3319 998 3356 :
1028 3316 1148 3355 nam
1178 3301 1270 3357 ille
1294 3300 1508 3372 quidem
1537 3309 1620 3356 est
1648 3301 1734 3355 ubi
1761 3299 1810 3354 ei

231 3410 351 3449 esse
391 3408 499 3447 non
540 3394 909 3460 conveniebat,
937 3409 1000 3449 ex
1049 3393 1412 3448 familiaritate
1461 3407 1566 3448 non
1605 3402 1811 3448 tantum

233 3487 439 3542 habens
466 3485 748 3549 honorem,
797 3495 1050 3556 quantam
1076 3485 1430 3556 dejectionem
1454 3501 1470 3550 ;
1514 3494 1638 3540 tunc
1667 3486 1812 3540 enim

228 3577 384 3632 valde
427 3576 646 3631 humilis
672 3577 912 3632 redditur
930 3584 985 3632 et
1012 3575 1270 3648 abjectus.
1297 3577 1520 3632 Servum
1550 3576 1690 3632 enim
1718 3592 1812 3647 per

229 3684 287 3724 se
310 3668 515 3724 videris
537 3683 656 3724 esse
674 3669 1034 3738 splendidum,
1056 3679 1110 3726 et
1136 3687 1229 3740 per
1253 3685 1312 3726 se
1335 3669 1670 3740 splendidum
1692 3685 1811 3724 esse

231 3773 526 3830 pauperem
551 3798 566 3824 ,
598 3767 652 3812 at
680 3774 785 3814 non
812 3759 1026 3829 quando
1055 3760 1292 3816 ambulat
1326 3776 1445 3816 cum
1473 3760 1637 3816 divite
1663 3779 1678 3815 :
1711 3761 1812 3815 hu-

232 3851 357 3905 mile
387 3850 536 3904 enim
560 3849 775 3920 quando
800 3849 960 3906 fuerit
1001 3865 1168 3921 prope
1207 3851 1464 3916 sublime,
1498 3859 1622 3906 tunc
1646 3866 1810 3920 appa-

231 3951 314 3997 ret
363 3941 605 4006 humile;
647 3949 702 3996 et
736 3943 1066 4011 comparatio
1105 3943 1304 3998 humile
1330 3943 1504 3999 reddit
1528 3943 1811 4010 humilius,

232 4049 338 4089 non
360 4034 546 4088 altius.
579 4035 656 4088 Ita
680 4048 777 4090 vos
805 4050 1019 4105 quoque
1048 4035 1357 4091 humiliores
1395 4036 1570 4092 reddit
1595 4046 1648 4090 et
1667 4038 1815 4103 abje-

231 4127 432 4180 etiores
458 4140 580 4179 cum
612 4126 715 4180 illis
743 4126 1061 4180 accumbere
1089 4143 1102 4179 :
1132 4126 1226 4181 sed
1251 4141 1354 4180 non
1377 4141 1495 4180 nos.
1527 4126 1582 4180 lu
1609 4127 1816 4183 duobus

231 4217 448 4286 quidem
472 4217 596 4271 illos
613 4230 946 4287 superamus,
968 4233 1159 4287 nempe
1179 4217 1231 4271 in
1254 4217 1496 4272 libertate
1509 4225 1564 4272 et
1591 4218 1815 4285 honore,

231 4325 350 4363 eum
383 4309 582 4380 quibus
609 4309 741 4362 nihil
770 4318 944 4378 potest
971 4308 1221 4372 conferri,
1252 4309 1392 4378 quod
1421 4310 1612 4364 attinet
1637 4310 1702 4364 ad
1725 4325 1818 4365 vo—

231 4403 514 4470 luptatem.
549 4398 678 4454 Nam
720 4414 820 4470 ego
861 4399 1074 4470 quidem
1102 4401 1280 4454 malim
1312 4400 1481 4455 solum
1507 4415 1694 4468 panem
1723 4415 1814 4455 sn-

233 4506 382 4545 merc
414 4506 538 4544 cum
570 4489 816 4545 libertate
839 4531 855 4557 ,
888 4506 1044 4559 quam
1077 4491 1493 4545 innumerabiles
1521 4491 1670 4544 cibos
1695 4505 1816 4544 cum

232 4583 517 4637 servitute.
541 4581 725 4636 Melius
749 4591 820 4635 est
840 4581 1005 4635 vocari
1025 4584 1093 4634 ad
1121 4579 1260 4636 olera
1283 4596 1397 4634 cum
1421 4581 1650 4646 caritate,
1665 4597 1818 4650 quant

233 4673 299 4724 ad
338 4671 556 4726 titulum
581 4675 864 4740 saginatum
892 4688 1002 4726 cum
1031 4672 1148 4726 adio
1175 4673 1192 4740 (
1219 4669 1378 4728 Prov.
1402 4672 1488 4728 15.
1522 4672 1586 4726 17
1614 4673 1656 4742 ).
1682 4672 1815 4727 Nam

235 4765 493 4835 quidquid
526 4764 600 4818 illi
625 4763 877 4828 dixerint,
911 4779 1131 4820 necesse
1160 4772 1326 4819 estut
1363 4767 1453 4833 qui
1480 4764 1672 4820 adsunt
1699 4764 1816 4819 lau-

237 4856 392 4920 dent,
427 4855 509 4910 vel
551 4854 844 4921 offendant,
877 4871 936 4910 se
955 4865 1200 4925 gerentes
1233 4866 1499 4927 tamquam
1531 4857 1814 4927 parasitos,

237 4948 343 5001 imo
376 4963 508 5001 vero
541 4945 646 5000 illis
667 4945 840 5015 pejus.
868 4945 1000 5000 Nam
1028 4946 1106 5002 eis
1126 4947 1366 5017 quidem,
1397 4956 1451 5003 et
1475 4949 1519 5002 si
1545 4963 1664 5003 cum
1697 4963 1819 5017 pro-

236 5038 332 5092 bro
376 5048 431 5092 et
464 5038 754 5106 ignominia
799 5037 1119 5092 contumelia
1164 5039 1486 5104 afficiantur,
1521 5055 1625 5094 non
1666 5037 1818 5094 deest

236 5140 418 5184 tamen
445 5131 664 5184 libertas
693 5129 945 5199 loquendi
970 5145 986 5185 :
1009 5129 1160 5184 vobis
1189 5142 1365 5184 autem
1393 5146 1460 5186 ne
1485 5133 1584 5185 hoc
1603 5130 1816 5199 quidem

235 5223 412 5277 adest.
432 5221 535 5275 Sed
560 5219 822 5291 ejusmodi
842 5221 1055 5291 quidem
1077 5231 1158 5277 est
1178 5222 1354 5277 vilitas
1366 5231 1420 5279 et
1443 5222 1704 5292 dejectio;
1725 5239 1817 5278 ex-

235 5313 517 5369 timescitis
561 5314 701 5367 enim
727 5324 781 5368 et
817 5313 1124 5383 trepidatis:
1157 5314 1334 5368 nullus
1376 5323 1551 5368 autem
1592 5313 1818 5368 habetur

239 5406 432 5458 honor.
467 5405 605 5473 Ergo
631 5405 719 5458 illa
748 5404 964 5475 quidem
993 5408 1137 5460 omni
1166 5407 1437 5475 voluptate
1465 5415 1547 5460 est
1588 5405 1814 5475 privata,

238 5495 349 5550 haec
376 5505 559 5548 autem
581 5495 738 5565 plena
760 5504 844 5551 est
871 5497 1013 5551 omni
1042 5497 1204 5552 animi
1232 5497 1602 5553 delectatione.

303 5586 356 5643 5.
399 5585 643 5655 Crapulw
683 5588 944 5641 metumet
972 5588 1208 5643 dedecus.
1237 5587 1430 5645 —Sed
1480 5597 1534 5643 et
1580 5589 1812 5655 ipsarum

233 5693 480 5732 escarum
515 5685 756 5732 naturam
783 5679 1166 5737 examinetuus.
1201 5680 1329 5736 Nam
1353 5681 1458 5736 illic
1485 5680 1695 5753 quidem
1721 5697 1814 5739 nc-

1101 273 1166 329 IN
1208 271 1418 328 EI’IST.
1463 270 1553 325 AD
1589 265 1861 325 COLOSS.

1905 267 2054 322 CAP.
2099 269 2138 324 1.
2182 268 2408 325 HOMIL.
2454 271 2494 324 l.
3379 285 3484 339 306

1905 396 2056 438 cesse
2083 385 2276 454 cuique
2301 394 2403 451 est,
2421 386 2626 440 etiamsi
2660 390 2809 456 nolit,
2832 393 2999 448 multo
3030 395 3153 451 vino
3181 395 3439 466 disrumpi
3467 420 3482 455 :

1903 471 1990 527 hic
2020 483 2196 528 autem
2227 473 2351 530 licet
2398 492 2504 531 non
2545 480 2850 550 comedere,
2879 499 2978 539 nec
3027 487 3231 554 bibere,
3255 489 3300 542 si
3328 490 3480 545 nolit.

1901 561 2256 631 Quamobrem
2285 565 2392 621 illic
2411 581 2551 636 eam,
2575 585 2694 639 qua:
2709 586 2772 627 ex
2790 573 3028 630 ciborum
3049 578 3353 635 conditione
3377 583 3487 634 ori-

1904 665 1989 711 tur
2010 657 2356 726 voluptatem.
2384 668 2439 714 et
2466 663 2775 730 prmeedens
2804 666 2991 722 adimit
3017 669 3270 738 dedecus,
3299 682 3350 726 et
3366 689 3487 742 quae

1904 749 2201 806 satietatem
2235 753 2476 822 sequitur
2499 755 2765 811 molestia.
2789 757 2904 813 Non
2932 762 3110 816 minus
3141 764 3283 818 enim
3323 780 3484 834 quam

1905 840 2090 907 fames,
2114 858 2336 912 corpora
2357 849 2649 919 corrumpit
2668 850 2820 907 nobis
2836 861 2890 908 et
2917 853 3103 911 dolore
3125 856 3291 912 afficit
3315 861 3488 928 reple-

1905 931 1978 985 tio
2004 939 2057 986 et
2083 934 2372 1000 saturitas;
2406 935 2514 991 imo
2553 954 2682 994 vero
2719 943 2975 1009 gravius:
3009 956 3061 1000 et
3095 962 3487 1019 quemcumque

1906 1020 2036 1074 mihi
2085 1022 2218 1078 dare
2257 1026 2512 1092 volueris,
2559 1044 2680 1083 eum
2720 1029 2929 1088 facilius
2955 1034 3280 1107 disrumpam
3310 1041 3485 1109 reple-

1908 1114 2073 1179 tione,
2105 1131 2264 1186 quam
2294 1118 2447 1173 fame.
2478 1120 2555 1174 Re
2586 1138 2710 1178 vera
2740 1126 2881 1180 enim
2916 1127 3029 1183 haec
3055 1140 3135 1184 est
3166 1131 3253 1186 illa
3285 1133 3486 1187 tolera-

1864 1281 1866 1283 ,
1907 1205 2065 1260 bilior
2093 1225 2105 1260 :
2139 1210 2390 1276 quoniam
2420 1211 2610 1266 famem
2640 1215 2723 1270 vel
2751 1216 2935 1286 viginti
2974 1219 3090 1275 dies
3114 1223 3378 1291 quispiam
3406 1233 3487 1278 tu-

1910 1295 2045 1360 lerit,
2079 1298 2428 1366 repletionem
2475 1312 2652 1358 autem
2696 1319 2763 1360 ne
2807 1306 2942 1362 duos
2987 1309 3202 1378 quidem
3238 1320 3334 1366 :et
3363 1327 3484 1367 eum

1909 1384 2049 1441 fame
2078 1388 2295 1456 quidem
2340 1391 2554 1448 assidue
2581 1393 2846 1451 luctantes
2867 1399 2954 1466 qni
2982 1401 3088 1453 ruri
3123 1400 3340 1470 degunt,
3372 1407 3487 1459 sani

1908 1483 2069 1540 sunt,
2103 1492 2202 1532 nec
2246 1489 2400 1549 egent
2438 1482 2697 1547 medicis;
2726 1485 2864 1541 hanc
2890 1498 3067 1544 autem
3091 1531 3106 1555 ,
3137 1492 3490 1561 repletionem

1909 1564 2144 1635 inquam,
2174 1583 2280 1623 non
2309 1569 2384 1624 illi
2411 1571 2625 1627 tulerint
2654 1574 2754 1628 nisi
2788 1589 3044 1646 perpetuo
3071 1593 3347 1637 accersam
3377 1601 3490 1638 me-

1909 1655 2090 1720 dicos;
2117 1657 2224 1712 imo
2251 1674 2380 1713 vero
2403 1661 2612 1716 illorum
2643 1679 2855 1734 quoque
2879 1669 3131 1723 auxilium
3158 1686 3302 1742 sa‘pe
3331 1688 3492 1744 supe-

1909 1755 1990 1800 rat
2016 1747 2170 1817 hujus
2197 1751 2436 1820 tyrannis
2472 1751 2634 1822 Ergo,
2663 1755 2804 1824 quod
2834 1759 3022 1813 attinet
3046 1760 3111 1813 ad
3139 1763 3487 1832 voluptatem,

1911 1835 2024 1890 haec
2054 1839 2250 1906 primas
2282 1839 2439 1895 habet
2466 1851 2665 1912 partes.
2696 1844 2826 1899 Nam
2856 1848 2900 1901 si
2931 1848 3102 1905 honor
3144 1853 3358 1922 quidem
3409 1867 3492 1911 est

1905 1927 2221 1997 jucundior,
2252 1947 2409 2001 quam
2438 1933 2635 2002 probro
2663 1946 2714 1991 et
2765 1942 3086 1996 contumelia
3115 1945 3288 2010 affici;
3318 1957 3367 2000 et
3400 1965 3491 2016 po-

1912 2029 2156 2076 testatem
2188 2023 2406 2090 habere,
2430 2040 2588 2095 quam
2618 2042 2738 2083 esse
2759 2030 3085 2099 subjectum;
3114 2043 3168 2088 et
3197 2037 3490 2107 conlidere,

1911 2125 2066 2180 quam
2099 2113 2284 2168 timere
2329 2125 2382 2170 et
2423 2124 2691 2184 tremere;
2729 2128 2784 2174 et
2810 2121 2913 2175 frui
2944 2124 3007 2177 iis
3034 2119 3151 2193 qua:
3178 2127 3446 2182 sufficiunt
3473 2171 3488 2191 .

1912 2219 2068 2273 quam
2109 2221 2266 2275 supra
2309 2207 2524 2263 modum
2557 2209 2800 2282 immergi
2831 2214 2882 2267 in
2912 2215 3106 2270 ﬂuctus
3131 2217 3438 2274 deliciarum
3474 2238 3488 2274 :

1915 2295 2030 2351 bmc
2053 2313 2235 2353 mensa
2266 2298 2354 2353 illa
2386 2309 2468 2354 est
2499 2303 2709 2369 melior,
2738 2306 2898 2360 etiam
2928 2307 3066 2376 quod
3094 2309 3282 2364 attinet
3307 2311 3374 2366 ad
3397 2329 3490 2362 m-

1914 2387 2190 2459 lnptatem.
2215 2390 2514 2457 Quinetiam
2549 2394 2689 2464 quod
2729 2396 2794 2450 ad
2822 2409 3090 2468 sumptum
3119 2403 3348 2471 attinet,
3379 2405 3495 2460 ha‘c

1913 2492 2122 2548 quoque
2143 2481 2426 2536 estmelior
2445 2501 2457 2536 :
2476 2499 2598 2538 nam
2617 2486 2705 2539 illa
2725 2488 2936 2557 quidem
2960 2491 3180 2545 multum
3204 2498 3492 2559 consumit,

1917 2569 2028 2626 haec
2058 2585 2184 2625 vero
2223 2588 2576 2644 nequaquam.
2607 2577 2710 2631 Sed
2739 2580 2900 2648 quid?
2929 2597 3056 2636 num
3099 2583 3164 2638 iis
3203 2586 3373 2642 solum
3403 2592 3494 2658 qui

1915 2661 2476 2733 accubantjucundior
2509 2676 2591 2722 est
2635 2667 2748 2724 hzec
2792 2685 2997 2738 mensa,
3027 2687 3095 2728 an
3137 2675 3296 2728 etiam
3329 2678 3375 2732 ei
3403 2681 3495 2748 qui

1915 2752 2122 2819 invitat,
2150 2754 2405 2824 majorem
2456 2756 2608 2812 all‘ert
2662 2774 2818 2826 quam
2865 2759 2950 2815 illa
2993 2762 3354 2832 voluptatem?
3382 2767 3495 2822 Hoc

1913 2843 2054 2898 enim
2085 2855 2186 2909 e5t,
2210 2847 2349 2916 quod
2377 2862 2408 2902 a
2435 2849 2590 2904 nobis
2609 2850 2775 2921 magis
2796 2853 3070 2921 quaeritur.
3100 2855 3200 2923 Qui
3225 2871 3354 2926 ergo
3375 2858 3495 2913 illos

1916 2939 2122 3004 invitat,
2145 2940 2324 2995 multis
2353 2951 2477 2996 ante
2517 2941 2704 2997 diebus
2736 2959 2856 2999 sese
2884 2955 3136 3014 apparat;
3178 2956 3234 3002 et
3275 2964 3496 3005 necesse

1913 3039 1996 3084 est
2025 3039 2082 3085 ut
2123 3030 2315 3086 habeat
2341 3033 2580 3102 negotia,
2611 3049 2768 3088 curas
2795 3043 2848 3090 et
2872 3037 3256 3094 sollicitudines
3275 3081 3292 3103 ,
3321 3054 3372 3094 ut
3402 3044 3493 3111 qui

1915 3135 2086 3191 neque
2116 3132 2272 3176 nocte
2319 3123 2582 3190 dormiat,
2611 3140 2784 3194 neque
2828 3126 3058 3182 interdiu
3099 3129 3369 3198 quiescat,
3399 3134 3494 3188 sed

1914 3211 2054 3278 apud
2080 3227 2139 3266 se
2160 3213 2324 3267 multa
2341 3215 2627 3284 contingat,
2650 3215 2873 3285 loquens
2893 3232 3014 3272 cum
3033 3220 3240 3289 coquis,
3257 3237 3377 3275 cum
3399 3225 3495 3276 oh-

1913 3303 2274 3369 sonatoribus,
2303 3319 2424 3360 cum
2470 3321 2670 3362 mensm
2717 3309 3088 3366 structoribus.
3131 3311 3331 3367 Deinde
3371 3329 3493 3370 cunt

1916 3393 2028 3463 ipse
2066 3394 2182 3450 dies
2211 3395 2522 3464 advenerit,
2550 3397 2746 3453 videris
2783 3400 2956 3469 ipsum
3005 3401 3173 3472 magis
3218 3403 3495 3460 timentem

1913 3499 2072 3554 quam
2102 3499 2196 3540 eos
2222 3486 2311 3555 qui
2357 3495 2482 3542 sunt
2521 3489 2710 3558 pugnis
2752 3488 3099 3558 decertaturi,
3130 3506 3198 3547 ne
3235 3493 3360 3562 quid
3407 3495 3496 3550 fiat

1917 3584 2110 3646 prwter
2137 3577 2420 3644 rationem,
2464 3592 2531 3632 ne
2557 3578 2766 3633 invidia:
2797 3579 2998 3636 fascino
3017 3579 3263 3649 feriatur,
3286 3599 3352 3638 ne
3371 3585 3495 3639 inde

1916 3665 2114 3721 multos
2136 3676 2474 3724 accusatores
2497 3669 2596 3724 sibi
2624 3670 2816 3741 pariat.
2849 3670 2944 3728 llic
2970 3681 3146 3728 autem
3169 3683 3250 3748 est
3273 3675 3408 3730 liber
3426 3680 3495 3729 ab

1916 3760 2060 3815 omni
2087 3775 2213 3815 cura
2245 3769 2298 3816 et
2327 3763 2559 3831 negatio,
2583 3778 2824 3820 mensam
2856 3765 2969 3834 ipse
2997 3781 3092 3836 per
3115 3781 3174 3822 se
3204 3781 3421 3836 parans,
3441 3780 3497 3822 et

1917 3866 2022 3904 non
2051 3851 2232 3906 multis
2257 3862 2384 3907 ante
2411 3853 2600 3908 diebus
2625 3855 2692 3909 de
2716 3869 2782 3910 eo
2807 3857 3086 3913 sollicitus.
3111 3858 3176 3913 Et
3198 3868 3380 3929 postea
3409 3860 3496 3914 hie

1915 3943 2132 4012 quidem
2151 3944 2328 3998 statim
2351 3944 2528 3999 amisit
2548 3947 2772 4014 gratiam
2798 3963 2811 4000 :
2836 3946 2924 4002 ille
2937 3957 3113 4004 autem
3136 3949 3299 4006 habet
3329 3951 3493 4006 Deum

1916 4033 2233 4100 debitorem,
2261 4043 2316 4088 et
2357 4035 2493 4090 bona
2523 4049 2620 4105 Spe
2640 4036 2820 4101 alitur,
2855 4038 3075 4109 singulis
3102 4039 3290 4096 diebus
3317 4057 3383 4096 ex
3407 4044 3493 4097 illa

1919 4141 2098 4180 mensa
2115 4126 2421 4180 convivans.
2441 4125 2570 4179 Nam
2589 4127 2692 4180 cibi
2716 4126 2928 4196 quidem
2953 4140 3357 4196 consumuntur,
3375 4146 3497 4200 gra-

1919 4217 1988 4272 tia
2015 4229 2190 4272 autem
2221 4233 2325 4271 nou
2355 4219 2718 4282 consumitur;
2750 4218 2842 4272 sed
2887 4219 3121 4288 quotidie
3149 4222 3315 4290 magis
3344 4221 3494 4274 laeta:

1920 4314 2006 4361 tur
2032 4315 2085 4361 et
2109 4308 2363 4371 exsultat,
2397 4321 2556 4375 quam
2582 4307 2671 4375 qui
2701 4307 2873 4360 multo
2902 4309 3024 4360 vino
3051 4323 3109 4362 se
3139 4309 3494 4380 ingurgitave-

1920 4409 2061 4454 runt.
2077 4399 2218 4453 Nihil
2245 4399 2386 4457 enim
2410 4399 2642 4452 animam
2665 4413 2815 4468 atque
2845 4399 3010 4453 nutrit
3039 4408 3198 4469 atque
3219 4402 3354 4456 bona
3373 4417 3496 4473 spes

1918 4499 1974 4546 et
1993 4491 2128 4546 bona
2157 4491 2503 4559 exspectatio.
2529 4491 2633 4546 Sed
2669 4491 2941 4545 videamus
2964 4506 3026 4546 ea
3053 4507 3170 4561 qua:
3198 4502 3379 4563 postea
3407 4510 3496 4552 se-

1920 4592 2170 4652 quuntur.
2193 4581 2305 4636 lllic
2324 4581 2535 4652 quidem
2558 4591 2682 4634 sunt
2704 4580 2843 4635 tibia:
2864 4590 2918 4636 et
2938 4581 3156 4636 cithara:
3185 4595 3238 4638 et
3268 4583 3455 4641 fistula:
3478 4605 3492 4647 ς

1922 4673 2007 4728 hic
2031 4683 2208 4727 autem
2236 4672 2414 4727 nullus
2432 4672 2714 4727 dissonans
2735 4672 2922 4727 modus
2947 4687 2960 4734 ;
2990 4672 3085 4727 sed
3110 4674 3273 4743 quid?
3292 4677 3493 4748 hymni,

1921 4765 2246 4837 psalmodite.
2281 4763 2394 4818 Illic
2431 4764 2643 4834 quidem
2676 4764 2885 4835 hymnis
2925 4763 3264 4820 celebrantur
3299 4767 3496 4822 diemoo

1921 4869 2054 4924 nes;
2091 4855 2175 4908 hic
2201 4862 2380 4908 autem
2418 4853 2558 4907 Deus
2597 4854 2832 4908 omnium
2881 4855 3154 4909 Dominus.
3188 4854 3349 4911 Vides
3374 4859 3493 4927 qui-

1920 4944 2042 5002 dem
2071 4954 2279 5014 quanta:
2310 4944 2378 4998 sit
2405 4943 2518 5000 haec
2544 4945 2760 5013 gratim;
2793 4944 2846 4998 in
2873 4944 3016 4999 illam
3042 4955 3215 5000 autem
3238 4959 3493 5017 quantum

1920 5039 2075 5093 cadat
2105 5037 2294 5106 ingrati
2325 5037 2486 5090 animi
2514 5037 2719 5098 vitium,
2744 5046 3032 5107 stuporque
3061 5047 3117 5092 et
3139 5054 3329 5094 sensus
3369 5057 3496 5112 egw

1921 5128 2067 5183 stas?
2090 5126 2180 5180 llic
2209 5127 2352 5180 enim
2382 5126 2529 5190 mihi,
2561 5133 2610 5180 te
2637 5125 2777 5180 Deus
2805 5125 2934 5179 aluit
2964 5125 3072 5180 suis
3098 5125 3271 5191 bonis,
3297 5137 3494 5184 etcum

1920 5227 2193 5290 oporteret
2222 5220 2328 5272 Deo
2345 5218 2537 5290 gratias
2559 5233 2717 5288 agere
2736 5233 2855 5272 cum
2879 5219 2953 5272 sis
2975 5219 3224 5284 nutritus,
3251 5229 3304 5274 tu
3331 5221 3496 5274 intra.

1921 5313 2067 5369 ducis
2089 5312 2394 5367 daemones?
2424 5327 2542 5367 nam
2573 5327 2693 5383 qua:
2731 5320 2994 5367 canuntur
3020 5310 3211 5367 fidibus
3231 5328 3338 5368 non
3372 5326 3494 5368 sunt

1920 5403 2080 5468 aliud,
2110 5419 2266 5474 quam
2293 5403 2591 5458 daemonum
2635 5403 2859 5458 cantica.
2893 5403 2957 5457 Et
2989 5417 3107 5457 cum
3138 5413 3191 5458 te
3225 5415 3494 5474 Oportet-et

1920 5495 2117 5557 dicere,
2153 5493 2466 5550 Benedictus
2493 5509 2572 5560 es,
2609 5493 2854 5558 Domine,
2881 5491 3004 5562 quia
3035 5507 3121 5547 me
3144 5495 3409 5550 nutrivisti
3428 5511 3492 5549 ex

1920 5587 2074 5645 bonis
2106 5589 2242 5654 tuis;
2273 5597 2538 5657 tamquam
2567 5586 2778 5642 infamis
2805 5585 3018 5658 quidam
3045 5587 3192 5642 canis
3219 5604 3285 5645 ne
3309 5591 3494 5643 memi-

1923 5680 2045 5738 nisti
2065 5681 2298 5752 quidem,
2312 5680 2402 5738 sed
2424 5679 2716 5748 inti-educis
2736 5677 3044 5737 dtcmones?
3066 5680 3174 5736 lmo
3190 5695 3313 5736 vero
3333 5680 3491 5736 etiam
