4064 6210
536 315 636 371 3d?

537 445 700 487 canes
731 436 838 482 tam
858 424 945 496 qui
972 426 1291 490 acceperunt
1313 429 1469 484 quam
1498 413 1585 481 qui
1629 427 1732 464 non
1762 414 2115 476 acceperunt,

542 520 880 578 blandiuntur
907 511 1246 572 domesticis;
1277 518 1331 562 ιιι
1361 516 1537 559 autem
1569 518 1633 557 ne
1659 502 1760 555 hoc
1798 499 2010 570 quidem
2044 497 2118 550 fa-

538 615 636 669 cis.
668 611 846 673 Canis,
880 608 1038 662 etiam
1064 618 1167 657 non
1190 595 1765 668 accipiens,blanditur
1785 591 2002 646 domino
2024 603 2039 653 ;
2064 597 2119 642 tu

539 715 737 763 autem,
756 701 912 756 etiam
933 712 1053 752 cum
1071 692 1363 762 acceperis,
1383 689 1636 743 adversus
1653 701 1774 741 eum
1793 686 1968 738 latras.
1987 681 2118 736 Rur-

539 811 628 850 sus
659 794 824 851 canis.
845 787 1050 846 etiamsi
1088 788 1291 841 alienus
1321 784 1366 838 ei
1392 779 1710 842 benefaciat,
1730 796 1795 833 ne
1812 778 1887 832 sic
1904 775 2116 846 quidem

537 885 731 941 desinit
756 896 875 937 esse
905 881 1149 933 inimicus
1170 918 1184 940 ,
1215 890 1388 944 neque
1415 872 1646 926 allicitur
1673 865 1740 924 ad
1782 868 2068 921 amicitiam
2101 882 2114 932 ;

536 989 589 1032 tu
621 986 798 1030 autem
827 973 960 1028 mala
992 969 1394 1025 innumerabilia
1428 963 1633 1034 patiens
1678 976 1705 1036 a
1747 959 2078 1013 «Immonibus
2100 997 2113 1018 ,

535 1070 694 1124 etiam
737 1067 801 1121 ad
837 1064 1050 1136 prandia
1078 1075 1172 1116 eos
1200 1057 1509 1114 introducis.
1544 1055 1898 1123 Quamobrem
1931 1067 1989 1105 cs
2020 1050 2115 1104 du-

535 1164 620 1229 plo
642 1175 773 1215 cane
791 1158 1038 1212 deterior.
1071 1154 1233 1207 Recte
1255 1160 1431 1204 autem
1461 1148 1510 1200 in
1540 1145 1849 1200 memoriam
1869 1139 2112 1196 revocavi

534 1271 691 1309 canes
716 1250 852 1318 apud
885 1263 977 1303 eos
1004 1288 1019 1312 ,
1048 1246 1135 1315 qui
1169 1255 1292 1298 tunc
1335 1242 1504 1296 solum
1542 1247 1706 1307 agunt
1732 1238 1927 1305 gratias
1947 1273 1961 1296 ,
1993 1247 2112 1287 cum

531 1344 705 1397 affecti
755 1341 946 1394 fuerint
987 1337 1262 1393 beneficio.
1297 1331 1663 1388 Revereamini
1685 1371 1700 1393 ,
1731 1342 1888 1397 rogo,
1916 1340 2110 1389 canes,

531 1435 617 1503 qui
649 1435 807 1487 etiam
849 1430 987 1484 fame
1013 1428 1314 1482 laborantes
1345 1425 1626 1478 adulantur
1651 1420 1882 1474 dominis
1909 1437 1919 1471 :
1944 1429 1995 1471 tu
2021 1433 2114 1469 au-

534 1535 660 1587 tem,
691 1523 734 1576 si
766 1520 998 1574 audieris
1027 1517 1165 1588 quod
1197 1516 1404 1569 darmon
1427 1513 1630 1567 curavit
1654 1509 1980 1580 quempiam,
2007 1517 2112 1560 sta-

533 1618 625 1671 tim
651 1614 872 1668 dimittis
896 1611 1198 1673 Dominum,
1218 1624 1250 1662 o
1272 1607 1477 1660 ratione
1507 1604 1682 1658 minus
1712 1601 1930 1669 praedite
1955 1612 2109 1667 quam

528 1706 727 1762 canes!
761 1706 826 1758 At
862 1702 1193 1763 meretrices,
1225 1698 1453 1767 inquies,
1487 1695 1610 1748 dum
1645 1692 1992 1761 aspiciuntur,
2017 1703 2110 1741 vo-

533 1801 785 1867 luptatem
814 1794 1086 1850 exhibent.
1115 1791 1282 1858 Quam
1317 1785 1682 1856 voluptatem?
1707 1797 1862 1852 quam
1896 1796 2000 1833 non
2026 1779 2109 1831 in.

528 1866 739 1939 fatuiam
758 1891 807 1937 et
835 1879 1176 1951 ignominiam
1199 1876 1222 1928 ?
1246 1875 1490 1943 Lupanar
1513 1870 1647 1925 facta
1678 1878 1755 1923 cst
1789 1876 1872 1920 tua
1895 1866 2106 1927 domus,

529 1978 778 2045 furorque
815 1982 867 2027 ct
896 1983 1117 2027 (nstrum
1151 1985 1164 2020 :
1207 1982 1310 2020 non
1345 1973 1397 2020 te
1426 1963 1590 2033 pudet
1629 1975 1689 2016 ea
1730 1973 1922 2013 vocare
1951 1957 2106 2010 volu-

527 2068 770 2136 ptatem?
799 2066 953 2135 Atqui
983 2065 1026 2118 si
1056 2063 1209 2115 liceat
1231 2058 1374 2112 omni
1406 2057 1480 2110 uti
1508 2054 1797 2123 voluptate,
1829 2051 2001 2119 majus
2027 2057 2110 2104 est

528 2162 652 2217 illud
674 2161 947 2231 probrum,
967 2163 1022 2211 et
1043 2155 1210 2224 major
1232 2167 1350 2221 qua:
1377 2166 1440 2205 ex
1473 2163 1533 2202 ea
1559 2144 1815 2214 accipitur
1836 2142 2101 2197 molestia.

525 2251 840 2323 Quomodo?
868 2252 1056 2304 Annon
1083 2261 1242 2317 grave
1264 2253 1343 2300 est
1373 2250 1426 2297 te
1447 2242 1673 2311 lupanar
1695 2237 1870 2292 facere
1889 2235 2104 2290 domum

527 2359 688 2410 tuam,
712 2345 763 2397 in
789 2357 889 2412 qua
915 2339 1160 2394 homines
1182 2335 1344 2390 veluti
1366 2348 1491 2389 sues
1519 2332 1568 2385 in
1592 2345 1747 2386 emno
1764 2326 2107 2384 volutentur?

524 2439 575 2494 Si
607 2446 782 2490 autem
815 2449 916 2487 non
946 2447 1010 2486 eo
1033 2445 1198 2500 usque
1224 2424 1612 2498 progrediatur,
1641 2435 1766 2477 ecce
1791 2433 1978 2475 rursus
1995 2433 2106 2470 ma-

519 2529 606 2598 jor
627 2535 708 2582 est
727 2525 914 2580 dolor:
939 2532 1186 2591 aspectus
1203 2518 1342 2573 enim
1371 2531 1474 2570 non
1497 2521 1582 2568 est
1606 2513 1870 2581 voluptas,
1891 2508 2105 2581 quando

525 2635 627 2672 non
662 2616 819 2672 fuerit
847 2628 995 2678 usus,
1027 2610 1120 2667 sed
1150 2609 1322 2680 majus
1345 2604 1667 2662 desiderium
1695 2613 1749 2657 et
1779 2603 1990 2656 flamma
2014 2615 2104 2654 ve-

525 2709 841 2763 Itelncnlior.
873 2704 976 2760 Sed
1005 2705 1084 2758 vis
1109 2702 1246 2757 scire
1277 2699 1476 2753 linem?
1516 2697 1594 2752 Illi
1621 2695 1832 2767 quidem
1864 2711 1892 2745 a
1919 2706 2100 2746 mensa

521 2807 802 2868 surgentes
831 2804 956 2850 sunt
986 2793 1187 2848 insanis
1213 2791 1421 2846 similes
1451 2797 1504 2843 et
1530 2787 1710 2841 furore
1738 2783 1974 2852 percitis,
2003 2797 2100 2835 au-

520 2891 676 2943 daces
696 2931 710 2954 ,
755 2885 992 2942 iracundi
1017 2926 1032 2950 ,
1059 2885 1216 2939 etiam
1249 2881 1525 2950 mancipiis
1555 2877 1764 2932 ridiculi
1797 2893 1809 2929 :
1839 2884 1894 2930 et
1921 2873 2100 2928 famuli

519 2981 732 3052 quidam
751 2977 1026 3034 discedunt
1048 2975 1229 3035 sobrii,
1248 2973 1332 3026 isti
1355 2987 1478 3026 vero
1495 2968 1700 3024 ebrii.0
1717 2966 1968 3022 dedecus!
1989 2965 2102 3019 Illic

519 3081 694 3126 autem
720 3070 848 3124 nihil
863 3065 1143 3137 ejusmodi,
1163 3064 1256 3120 sed
1277 3063 1493 3117 domum
1515 3059 1792 3119 recedunt,
1812 3073 1932 3111 eum
1950 3071 2101 3110 meno

519 3181 631 3220 sam
654 3158 1317 3230 eoucluscriutgratiarum
1350 3155 1579 3220 aetione,
1613 3153 1716 3207 Ireti
1740 3152 2095 3218 dormientes,

519 3257 622 3311 Leti
654 3250 1182 3324 expergiscentes,ab
1207 3247 1349 3303 omni
1371 3247 1567 3318 probro
1588 3260 1649 3300 ac
1677 3245 1898 3299 crimine
1927 3242 2097 3296 liberi.

588 3348 640 3402 6.
668 3345 725 3401 Si
749 3345 827 3400 vis
857 3354 1034 3398 autem
1063 3343 1244 3397 videre
1272 3355 1366 3395 cos
1394 3340 1552 3394 etiam
1578 3337 1668 3408 qui
1701 3343 1825 3390 sunt
1853 3333 2094 3398 invitati,

519 3441 721 3498 videbis
754 3439 854 3494 hos
883 3439 1097 3510 quidem
1130 3437 1278 3489 intus
1306 3447 1426 3489 esse
1459 3432 1592 3486 tales
1614 3471 1628 3494 ,
1661 3429 1848 3500 quales
1879 3427 1952 3481 illi
1999 3441 2100 3480 ex-

519 3535 800 3598 trinsecus,
833 3545 1024 3602 nempe
1051 3545 1242 3594 catcos,
1269 3526 1508 3591 mutilos,
1538 3522 1791 3588 claudos;
1820 3531 1872 3576 ct
1922 3519 2098 3591 qualia

516 3636 640 3681 sunt
671 3625 860 3680 horum
888 3638 1134 3694 corpora,
1158 3621 1297 3676 tales
1329 3627 1454 3674 sunt
1485 3617 1695 3671 illorum
1729 3615 1941 3676 animm,
1963 3626 2096 3683 aqua

517 3719 778 3771 intercute
796 3715 1099 3768 laborantes
1121 3719 1175 3766 et
1196 3707 1632 3764 inflammatione.
1658 3701 1930 3771 Ejusmodi
1954 3702 2096 3756 enim

518 3824 605 3862 res
633 3818 713 3862 est
743 3817 795 3860 et
824 3805 1126 3874 arrogantia
1153 3818 1310 3857 :nam
1334 3809 1452 3868 post
1480 3797 1697 3851 delicias
1722 3796 1780 3847 lit
1804 3793 2094 3847 mutilatio:

518 3915 603 3952 res
633 3899 772 3952 enim
820 3893 1082 3963 ejusmodi
1130 3901 1212 3945 est
1241 3889 1464 3960 repletio
1496 3897 1548 3941 et
1569 3886 1801 3942 ebrietas
1824 3927 1838 3945 ,
1880 3882 2099 3937 claudos

519 3988 747 4045 reddens
775 3996 828 4040 et
854 3983 1094 4038 mutilos.
1126 3986 1194 4037 At
1225 3982 1322 4035 bos
1354 3979 1559 4033 videbis
1587 3977 1718 4030 tales
1747 3975 1946 4028 habere
1982 3973 2098 4026 ani-

518 4093 664 4146 mas,
712 4077 888 4147 qualia
916 4075 1001 4129 isti
1035 4087 1285 4144 corpora,
1315 4069 1651 4141 splendidas,
1693 4059 1930 4120 ornatas.
1965 4063 2097 4118 Nam

519 4171 609 4242 qui
640 4170 821 4224 vivunt
851 4184 971 4224 cum
1001 4167 1296 4238 gratiarum
1325 4164 1557 4226 actione,
1589 4161 1676 4230 qui
1706 4159 1840 4213 nihil
1869 4156 2098 4227 amplius

520 4263 799 4334 requirunt
823 4275 980 4332 quam
1011 4257 1151 4329 quod
1184 4257 1313 4310 satis
1343 4255 1444 4319 sit,
1467 4254 1555 4323 qui
1587 4252 1668 4308 sic
1712 4250 2098 4322 philoSOpban-

516 4368 622 4419 tur,
653 4356 704 4409 in
735 4361 990 4424 perpetua
1022 4363 1146 4406 sunt
1172 4349 1374 4402 betitia.
1412 4345 1698 4399 Videamus
1723 4351 1901 4396 autem
1934 4350 1988 4396 et
2012 4340 2099 4395 hic

519 4458 572 4502 et
599 4447 704 4500 illic
736 4445 918 4500 linem.
949 4441 1060 4496 Illic
1085 4440 1298 4511 quidem
1329 4447 1413 4491 est
1437 4437 1681 4504 voluptas
1709 4434 2092 4502 intemperans,

518 4540 656 4593 risus
683 4535 904 4599 elI'usus,
933 4533 1190 4596 ebrietas,
1223 4528 1541 4590 scurrilitas,
1570 4525 1855 4580 verborum
1887 4524 2099 4578 obsca-

517 4634 687 4696 nitas;
718 4645 839 4684 nam
869 4628 990 4699 quia
1018 4624 1180 4696 pudet
1220 4623 1361 4693 loqui
1397 4619 1567 4689 turpia
1594 4659 1609 4683 ,
1634 4633 1729 4687 per
1779 4615 2097 4672 meretrices

521 4721 690 4790 pudor
721 4720 963 4774 tollitur:
999 4717 1086 4772 hic
1106 4725 1284 4769 autem
1315 4722 1396 4768 cst
1419 4710 1743 4770 humanitas,
1768 4706 2093 4776 benignitas,

515 4794 571 4870 et
613 4809 986 4867 mansuetudo.
1017 4811 1192 4879 Atque
1232 4807 1378 4859 illum
1420 4803 1508 4872 qui
1538 4800 1832 4855 dissolutos
1872 4799 2091 4865 invitat,

513 4913 685 4958 armat
700 4899 1054 4971 inanisgloria
1070 4914 1084 4963 ;
1100 4878 1260 4952 alium
1275 4905 1448 4948 autem
1465 4878 2094 4958 lunnanitas,benignitas

513 5007 565 5051 ct
589 4993 959 5050 mansuetudo.
981 4990 1113 5045 Nam
1143 4989 1285 5042 illam
1319 4984 1533 5056 quidem
1567 4996 1803 5036 mensam
1821 4979 2097 5035 constituit

515 5087 816 5140 humanitas
843 5098 906 5138 ac
933 5080 1269 5149 benignitas;
1299 5076 1436 5130 hanc
1467 5088 1592 5128 vero
1624 5071 1796 5125 inanis
1841 5070 2010 5141 gloria
2041 5075 2096 5122 et

515 5177 840 5242 crudelitas,
869 5189 935 5230 ex
982 5169 1238 5242 injustitia
1270 5178 1322 5222 et
1363 5165 1605 5221 avaritia.
1638 5163 1704 5217 Et
1745 5163 1831 5216 illa
1877 5160 2093 5231 quidem

508 5269 709 5324 desinit
733 5269 785 5323 in
809 5283 870 5322 ea
894 5282 1011 5338 qua:
1027 5262 1158 5328 dixi,
1185 5266 1236 5316 in
1254 5257 1631 5330 arrogantiam,
1656 5257 1707 5309 in
1731 5254 1925 5309 mentis
1947 5265 2096 5306 cmo-

512 5365 748 5427 tionem,
781 5361 832 5415 in
875 5359 1170 5425 insaniam;
1227 5355 1331 5409 tale
1371 5353 1512 5407 enim
1562 5359 1646 5404 est
1692 5363 1909 5420 germen
1937 5363 2094 5401 vana!

509 5453 691 5523 gloria:
726 5470 739 5506 :
781 5453 895 5506 haec
919 5463 1097 5506 autem
1134 5450 1184 5502 in
1235 5446 1526 5516 gratiarum
1561 5442 1826 5496 actionem
1851 5480 1864 5503 ,
1912 5449 1967 5493 et
1999 5437 2092 5493 Dei

508 5545 755 5616 gloriam.
789 5543 956 5597 Porro
981 5541 1101 5595 huic
1128 5553 1341 5610 quoque
1375 5537 1544 5604 major
1573 5533 1688 5586 laus
1711 5531 1868 5585 datur
1893 5530 1962 5584 ab
1991 5529 2059 5582 ho
2079 5558 2094 5570 -

510 5639 784 5692 minibus:
835 5651 954 5689 nam
1006 5634 1076 5686 illi
1133 5632 1348 5703 quidem
1399 5626 1673 5692 invident;
1723 5623 1865 5677 hunc
1912 5605 2090 5677 autem

512 5743 701 5785 omnes
744 5728 936 5783 habent
981 5736 1246 5794 tamquam
1293 5733 1632 5779 t‘ommuucm
1662 5724 1885 5785 patrem,
1918 5716 2076 5769 etiam

1233 302 1289 357 s.
1331 294 1608 356 .IOANNIS
1631 291 2103 352 ettnvsosrout
2157 286 2466 342 AllCIllEP.
2504 287 3032 343 coast'snmor.

3704 293 3812 350 303

2231 404 2263 455 ii
2293 401 2382 473 qui
2411 417 2514 456 non
2548 411 2670 456 sunt
2697 401 2872 456 aﬂ‘ecti
2903 400 3180 456 beneﬁcio.
3215 403 3290 456 Ac
3339 403 3475 458 sicut
3519 406 3552 458 ii
3580 407 3670 476 qui
3701 425 3814 464 non

2225 503 2348 546 sunt
2378 493 2571 562 injuria
2619 493 2816 557 affecti,
2847 493 3137 547 condolent
3175 493 3239 548 iis
3285 495 3374 562 qui
3403 495 3592 564 injuria
3632 499 3815 557 allecti

2223 595 2370 648 suat,
2401 597 2452 640 et
2480 602 2794 642 communes
2823 587 3006 640 hostes
3037 587 3167 640 liunt
3197 604 3211 640 :
3246 587 3315 640 ita
3343 587 3501 642 etiam
3545 589 3820 649 beneficio

2224 677 2432 734 affectis
2454 679 2753 749 junguntur
2781 681 2812 732 ii
2839 680 2926 747 qui
2960 680 3278 734 benelicium
3309 695 3414 734 non
3448 696 3814 753 acceperunt,

2224 784 2286 822 ac
2332 770 2652 824 beneficium
2679 785 2781 824 una
2833 769 3053 823 laudant
3095 778 3149 824 et
3176 771 3456 827 mirantur.
3487 773 3600 828 Illic
3641 777 3814 831 multa

2222 870 2304 915 est
2333 861 2528 915 invidia
2555 905 2568 926 ,
2598 861 2682 916 hic
2722 871 2900 916 autem
2949 861 3110 914 multa
3138 862 3342 930 geritur
3382 879 3506 917 cura
3530 906 3544 929 ,
3577 875 3628 920 et
3671 867 3815 923 bene

2225 963 2510 1020 precantur
2527 969 2735 1008 omnes.
2758 955 2823 1007 Iit
2848 955 2899 1007 in
2929 953 3031 1009 hoc
3057 955 3256 1009 saeculo
3287 970 3373 1009 res
3396 956 3464 1009 ita
3491 971 3548 1012 se
3573 958 3808 1016 habent:

2225 1045 2328 1099 illic
2345 1056 2521 1100 autem
2551 1062 2670 1100 cum
2692 1045 2936 1100 Christus
2961 1045 3256 1110 advenerit,
3286 1046 3371 1100 hic
3397 1048 3609 1117 quidem
3639 1052 3810 1106 stabit

2220 1153 2338 1190 cum
2373 1151 2559 1206 magna
2585 1137 2800 1198 fiducia,
2827 1146 2879 1190 et
2905 1136 3085 1190 audiet
3112 1146 3375 1205 pra-sonte
3403 1146 3512 1191 toto
3543 1140 3674 1194 orbe
3699 1151 3811 1195 ter-

2221 1242 2399 1280 rarum
2425 1269 2438 1288 ,
2472 1227 2792 1281 Esuricntem
2823 1243 2902 1281 me
2941 1228 3110 1280 vidisti
3132 1267 3146 1291 ,
3176 1236 3222 1279 et
3246 1229 3539 1292 enutriisli;
3565 1231 3761 1284 nudum
3786 1275 3806 1296 ,

2219 1327 2265 1370 et
2306 1318 2561 1382 induisti;
2603 1320 2880 1387 hospitem,
2927 1327 2974 1372 et
3021 1319 3238 1385 hospitio
3285 1321 3525 1389 excepisti
3569 1322 3800 1392 (Hall/1.

2219 1409 2440 1479 25.55),
2471 1420 2523 1462 el
2553 1425 2673 1480 qua:
2716 1420 2840 1465 sunt
2880 1410 3181 1480 hujusmodi
3215 1429 3228 1458 :
3260 1412 3350 1467 ille
3395 1424 3568 1468 autem
3611 1426 3800 1473 contra

2219 1501 2435 1567 audiet,
2471 1501 2624 1556 Serve
2675 1503 2808 1556 male
2859 1514 2905 1556 el
2951 1503 3172 1572 ignave;
3205 1512 3257 1556 et
3301 1520 3524 1570 rursus,
3584 1506 3671 1562 Vw
3714 1513 3807 1578 qui

2216 1591 2436 1646 molliter
2464 1593 2765 1647 deliciautur
2783 1596 2835 1647 in
2865 1594 3108 1649 cubilibus
3135 1596 3259 1659 suis,
3287 1606 3332 1650 et
3357 1599 3440 1666 qui
3471 1599 3724 1655 dormiunt
3744 1607 3804 1657 in

2217 1684 2356 1738 lectis
2372 1684 2620 1747 eburneis,
2637 1687 2722 1756 qui
2737 1685 3088 1740 bibuntvinum
3103 1687 3400 1755 dcfwcatum
3426 1687 3622 1761 (Amos.
3639 1693 3691 1747 6.
3713 1694 3798 1764 4);

2217 1785 2270 1830 et
2295 1776 2570 1842 primariis
2620 1779 2905 1847 unguentis
2937 1779 3083 1834 uncti
3133 1777 3248 1834 haec
3289 1789 3558 1851 tamquam
3600 1788 3797 1842 stantia

2216 1877 2526 1936 reputarunt
2549 1909 2563 1933 ,
2595 1878 2650 1923 et
2678 1884 2782 1922 non
2815 1879 3082 1938 tamquam
3116 1870 3390 1941 fugientia.
3425 1873 3548 1928 Hzec
3579 1889 3608 1928 a
3639 1877 3798 1932 nobis

2216 1973 2320 2010 non
2351 1967 2554 2013 temere
2584 1957 2724 2012 dicta
2758 1969 2916 2025 sunt,
2944 1959 3035 2014 sed
3067 1969 3123 2014 ut
3149 1969 3382 2016 vestram
3411 1973 3646 2019 mentem
3694 1967 3798 2020 im-

2213 2058 2438 2117 mutem,
2462 2058 2515 2104 et
2541 2065 2634 2103 vos
2659 2051 2790 2105 nihil
2822 2050 3028 2106 faciatis
3051 2052 3192 2123 quod
3213 2069 3315 2107 non
3349 2054 3554 2110 lucrum
3584 2057 3793 2114 alferat.

2211 2143 2345 2212 Quid
2380 2158 2526 2210 vero,
2555 2143 2749 2213 inquit,
2782 2143 2826 2198 si
2853 2154 2906 2197 et
2931 2143 3042 2198 haec
3064 2153 3116 2199 et
3141 2145 3230 2198 illa
3259 2145 3427 2201 facio?
3456 2146 3568 2202 lloc
3599 2151 3793 2218 passim

2210 2243 2294 2289 est
2321 2234 2375 2289 in
2403 2249 2498 2324 ore
2525 2235 2785 2289 omnium.
2819 2234 2886 2288 Et
2913 2234 3066 2304 quid,
3089 2235 3406 2306 dic,qua.~so,
3436 2253 3668 2294 necesse
3687 2251 3788 2304 est,

2211 2341 2333 2380 cum
2373 2323 2552 2379 omnia
2609 2324 2769 2379 liceat
2814 2323 2989 2380 facere
3021 2326 3256 2392 utiliter,
3286 2325 3527 2383 dividere
3549 2370 3565 2394 ,
3594 2338 3650 2384 et
3687 2329 3791 2384 alia

2207 2415 2420 2486 quidem
2446 2431 2549 2470 non
2575 2415 2746 2470 solum
2772 2413 2838 2470 ad
2871 2415 3096 2480 inutilia,
3130 2416 3224 2470 sed
3257 2418 3417 2472 etiam
3439 2427 3637 2474 temere
3654 2435 3790 2475 con-

2207 2521 2459 2572 sumere;
2492 2506 2594 2560 alia
2631 2514 2810 2562 autem
2840 2506 3086 2562 utiliter?
3114 2506 3205 2561 Dic
3233 2507 3362 2560 mihi
3384 2549 3399 2574 ,
3431 2509 3477 2562 si
3517 2510 3792 2565 seminans

2207 2600 2307 2653 alia
2334 2598 2549 2668 quidem
2574 2598 2781 2668 iaceres
2808 2613 2966 2666 supra
2996 2607 3220 2666 petram,
3245 2597 3344 2652 alia
3374 2608 3549 2653 autem
3580 2600 3632 2654 in
3676 2610 3791 2656 ter-

2207 2705 2320 2744 ram
2352 2690 2628 2758 optimam.
2660 2688 2832 2760 hocne
2857 2689 2948 2742 tibi
2979 2687 3271 2755 sufﬁceret,
3297 2698 3349 2743 et
3377 2688 3586 2744 diceres
3612 2708 3625 2744 :
3649 2691 3790 2759 Quid

2205 2780 2379 2845 obest,
2411 2781 2453 2834 si
2485 2780 2585 2833 alia
2617 2779 2828 2848 quidem
2861 2787 3082 2843 temere,
3108 2778 3208 2830 alia
3234 2792 3362 2832 vero
3391 2778 3440 2831 in
3471 2786 3666 2833 terram
3691 2796 3791 2848 op-

2206 2870 2386 2924 timam
2414 2869 2702 2939 jecerimus
2725 2870 2747 2921 ?
2773 2868 2904 2922 Nam
2943 2883 3040 2922 cur
3063 2884 3166 2922 non
3195 2869 3372 2922 omnia
3401 2869 3450 2922 iu
3489 2871 3791 2938 optimam?

2205 2974 2302 3015 cur
2328 2961 2533 3014 lucrum
2566 2959 2803 3013 minuis?
2836 2959 2898 3012 Et
2924 2959 2966 3012 si
2998 2959 3249 3028 pecunias
3282 2957 3496 3028 quidem
3540 2971 3792 3029 oporteat

2204 3065 2532 3122 ceugerere,
2582 3067 2686 3106 non
2741 3050 2844 3106 hoc
2887 3051 3068 3114 dices,
3117 3051 3208 3106 sed
3241 3051 3474 3121 undique
3503 3055 3788 3125 congeris;

2205 3141 2315 3197 illic
2345 3154 2524 3198 autem
2575 3159 2680 3196 non
2711 3143 2789 3196 sic
2821 3160 2833 3195 :
2867 3151 2922 3195 et
2972 3142 3014 3195 si
3061 3141 3315 3197 fmtierari
3347 3152 3626 3211 oporteat,
3678 3161 3787 3199 non

2203 3234 2368 3299 dices,
2400 3234 2508 3289 Cur
2526 3233 2658 3289 alias
2688 3234 2900 3302 quidem
2935 3234 3276 3302 pauperibus,
3314 3235 3445 3288 alias
3477 3250 3606 3290 vero
3632 3236 3791 3291 dabi-

2204 3339 2322 3377 mus
2349 3323 2640 3388 divitibus;
2672 3323 2765 3378 scd
2796 3324 2900 3377 illis
2931 3339 3118 3378 omnes
3147 3341 3160 3377 :
3196 3324 3282 3378 hic
3320 3334 3496 3378 autem
3519 3365 3535 3390 ,
3579 3325 3668 3379 ubi
3704 3337 3790 3380 est

2205 3425 2409 3470 tantum
2433 3417 2657 3480 lucrum,
2688 3430 2781 3469 cur
2803 3414 2904 3468 hoc
2928 3430 3031 3469 non
3064 3422 3300 3484 reputas,
3333 3429 3430 3469 nec
3451 3430 3633 3470 cessas
3664 3425 3786 3470 tan-

2204 3507 2324 3561 dem
2380 3517 2581 3560 tcmere
2632 3505 2941 3576 impendere
2995 3514 3050 3558 et
3096 3504 3456 3559 consumere?
3485 3508 3552 3559 At
3583 3505 3784 3571 habet,

2205 3598 2380 3667 inquis
2400 3639 2414 3661 ,
2450 3597 2550 3650 hoc
2592 3611 2802 3666 quoque
2835 3597 3061 3649 lucrum.
3091 3594 3370 3662 Quodnam
3391 3595 3418 3648 ?
3439 3595 3742 3664 dic,qu.cso
3768 3635 3784 3648 .

2205 3689 2478 3744 Amicitias
2505 3697 2684 3758 auget.
2710 3686 2852 3741 Nihil
2881 3697 2962 3741 est
3001 3686 3243 3756 frigidius
3274 3685 3579 3739 hominibus
3602 3688 3691 3754 qui
3721 3703 3788 3741 ex

2205 3781 2288 3834 his
2315 3780 2447 3834 ﬁunt
2475 3780 2651 3846 amici,
2687 3795 2751 3832 cx
2784 3793 2965 3832 mensa
2997 3786 3049 3832 et
3076 3776 3356 3830 saturitate
3395 3779 3785 3845 parasitorum;

2205 3872 2334 3926 nihil
2365 3872 2624 3940 ingratius
2643 3870 2872 3925 amicitia
2903 3869 3026 3924 hinc
3054 3880 3190 3924 orta.
3211 3868 3286 3923 Ne
3314 3871 3638 3924 contumelia
3661 3871 3792 3924 alI‘e-

2204 3965 2341 4020 ceris
2370 3978 2478 4017 rem
2511 3962 2646 4016 adeo
2661 3960 3050 4025 admirabilem,
3075 3975 3266 4029 nempe
3282 3961 3589 4015 caritatem:
3616 3975 3791 4029 neque

2205 4054 2406 4111 dixeris
2437 4054 2572 4108 hanc
2600 4068 2720 4109 esse
2737 4052 2865 4127 ejus
2905 4051 3162 4106 radicem.
3197 4051 3264 4106 Ut
3289 4051 3333 4104 si
3359 4050 3567 4105 arboris
3597 4066 3786 4104 aurum

2209 4146 2430 4202 ferentis
2468 4153 2523 4199 et
2566 4143 2768 4214 lapides
2813 4143 3113 4212 pretiosos,
3145 4140 3378 4196 radicem
3427 4156 3531 4194 non
3583 4140 3792 4196 diceret

2205 4237 2470 4308 quispiam
2498 4251 2619 4290 esse
2650 4234 2831 4300 talem,
2860 4233 2953 4287 sed
2984 4233 3129 4287 nasci
3156 4247 3222 4286 ex
3248 4230 3528 4301 putredine
3556 4249 3571 4286 :
3599 4232 3703 4285 hoc
3732 4241 3787 4284 tu

2205 4341 2416 4398 quoque
2449 4326 2578 4380 lacis
2605 4343 2616 4378 :
2651 4340 2770 4378 nam
2799 4325 2843 4378 si
2866 4323 2991 4378 hinc
3026 4331 3147 4376 nata
3180 4325 3338 4376 fuerit
3363 4321 3618 4381 amicitia.
3654 4320 3788 4374 nihil

2203 4435 2266 4476 ea
2295 4419 2453 4474 fuerit
2479 4416 2739 4486 frigidius.
2772 4414 2877 4469 Sed
2905 4415 3012 4469 illae
3056 4428 3255 4468 mensa:
3285 4411 3572 4467 conciliant
3598 4411 3790 4465 amici-

2207 4512 2333 4566 tiam
2360 4551 2375 4577 ,
2406 4525 2511 4565 non
2540 4507 2679 4578 apud
2709 4505 2952 4560 homines
2979 4547 2994 4570 ,
3033 4503 3128 4558 sed
3156 4502 3296 4573 apud
3327 4504 3489 4556 Deum
3517 4564 3522 4568 _
3557 4516 3792 4570 eamque

2204 4601 2550 4667 uniformem,
2578 4613 2698 4653 cum
2733 4611 2931 4651 mensa:
2963 4595 3161 4649 fuerint
3185 4591 3480 4648 uniformes
3530 4589 3666 4646 Nam
3698 4591 3791 4662 qui

2203 4697 2306 4750 alia
2335 4694 2548 4764 quidem
2602 4693 2722 4756 hic,
2752 4691 2858 4763 alia,
2909 4704 3039 4745 vero
3087 4689 3195 4744 illic
3241 4688 3541 4752 consumit,
3573 4685 3788 4741 etiamsi

2203 4787 2370 4841 multa
2399 4785 2626 4848 dederit,
2661 4783 2790 4838 nihil
2812 4797 3059 4851 magnum
3089 4780 3210 4836 facit
3237 4797 3249 4830 :
3275 4779 3367 4848 qui
3396 4786 3572 4833 autem
3606 4778 3792 4830 omnia

2205 4880 2292 4934 hic
2338 4877 2645 4941 consumit,
2679 4875 2888 4930 etiarnsi
2923 4887 3088 4943 pauca
3135 4870 3374 4935 dederit,
3409 4878 3574 4923 totum
3601 4865 3790 4922 efficit.

2203 4969 2333 5026 Nam
2363 4969 2506 5040 quod
2535 4969 2826 5038 quaritur,
2861 4979 2968 5018 non
3019 4971 3136 5028 est,
3171 4961 3414 5016 multane
3461 4957 3672 5014 dederit
3723 4972 3792 5010 an

2203 5075 2407 5132 pauca;
2438 5060 2533 5116 sed
2563 5075 2629 5112 an
2663 5074 2771 5113 non
2803 5057 2978 5111 minus
3019 5069 3178 5124 quam
3211 5053 3354 5109 ferre
3383 5051 3591 5122 possint
3617 5050 3792 5104 vires.

2205 5154 2510 5222 Cogitemus
2552 5167 2676 5205 eum
2729 5150 2818 5219 qui
2862 5149 3094 5218 quinque
3136 5145 3368 5199 lucratus
3398 5151 3480 5198 est
3512 5141 3710 5195 talenta
3739 5148 3797 5194 et

2205 5245 2292 5314 qui
2321 5243 2429 5296 duo
2460 5261 2474 5296 :
2510 5242 2807 5311 cogitemus
2856 5254 2973 5294 eam
3024 5253 3144 5308 qua:
3189 5236 3324 5289 duos
3345 5235 3510 5304 auisit
3555 5232 3748 5287 obolos
3775 5247 3792 5282 :

2204 5336 2500 5404 cogitemus
2527 5333 2736 5386 viduam
2769 5347 2887 5401 qua:
2917 5329 3017 5384 fuit
3057 5341 3296 5399 tempore
3327 5328 3478 5382 Elim.
3513 5325 3626 5380 Non
3656 5323 3799 5378 dixit

2205 5429 2291 5483 illa
2319 5443 2435 5498 quae
2463 5427 2598 5482 duos
2629 5427 2772 5481 misit
2792 5425 2978 5479 obolos
3001 5423 3165 5491 :Quid
3187 5421 3331 5477 enim
3353 5421 3528 5484 obest,
3554 5418 3597 5472 si
3627 5431 3793 5470 unum

2205 5519 2419 5588 quidem
2475 5518 2689 5572 obolum
2738 5515 2878 5586 apud
2920 5529 3006 5569 me
3048 5513 3361 5577 retinuere,
3406 5525 3566 5564 unum
3611 5515 3794 5561 autem

2204 5611 2442 5666 dedero?
2469 5609 2562 5664 sed
2598 5619 2734 5664 totas
2783 5622 2909 5662 suas
2950 5607 3098 5661 dedit
3129 5605 3431 5659 facultates.
3461 5601 3540 5656 Tu
3567 5611 3751 5655 autem
3774 5639 3793 5663 ,

2205 5723 2325 5762 eum
2359 5713 2518 5760 tautae
2569 5703 2660 5758 tibi
2690 5711 2973 5774 suppetant
3013 5700 3217 5772 cupias,
3245 5713 3304 5754 es
3333 5697 3420 5752 illa
3452 5697 3687 5765 parcior.
3714 5693 3795 5748 Ne
