4072 6206
492 254 598 309 30!!

490 373 651 424 πέντε
685 369 943 437 τάλαντα,
986 371 1079 424 zeal
1106 369 1200 423 τὸν
1230 370 1300 424 τὰ
1338 370 1434 424 δύο
1460 385 1475 401 ο
1510 368 1782 440 ἐννοῶμεν
1806 369 1906 441 τὴν
1940 370 2064 431 τοὺς

488 460 583 514 δύο
612 460 833 524 ὀϐολοὺς
856 460 1272 514 καταϐαλοῦσαν
1294 477 1310 493 ·
1338 460 1610 532 ἐννοῶμεν
1641 460 1740 532 τὴν
1770 461 1944 532 χήραν
1966 460 2065 530 τὴν

489 552 581 605 ἐπὶ
619 552 713 606 τοῦ
757 553 929 607 Ἠλία.
962 548 1260 607 Οὐκ-εἷπεν
1292 551 1477 623 ἐκείνη
1504 554 1537 625 ὴ
1574 553 1698 615 τοὺς
1724 552 1819 606 δύο
1846 551 2067 615 ὀϐολοὺς

489 643 893 698 καταϐαλοῦσαο
928 644 995 697 τί
1020 643 1130 714 γάρ
1151 643 1401 711 βλάπτει,
1420 643 1487 697 ἂν
1516 643 1609 699 τὸν
1639 643 1738 713 μὲν
1762 643 1859 698 ενα
1879 641 2065 696 ὀϐολὸν

488 734 700 803 ἐμαυτῇ
746 734 1023 803 κατάσχω,
1070 732 1162 786 τὸν
1207 732 1265 786 δὶ
1313 732 1409 786 Eva
1451 732 1560 800 δὼς
1595 733 1711 787 ἀλλ’
1737 733 1857 787 ὅλον
1891 733 2063 787 ἐδωκε

488 821 578 875 τὸν
613 821 748 892 βίον.
775 823 849 876 Σὺ
871 822 928 876 δέ
950 823 1009 875 ἐν
1041 822 1280 895 τοσαύτῃ
1307 821 1541 895 ἀφθονίᾳ
1569 822 1666 887 ῶν,
1699 824 1917 896 ἐκείνης
1946 841 2067 894 φει-

486 910 684 964 δωλότε
692 928 783 983 ρος
800 907 869 967 εἴ.
898 912 989 983 Μὴ
1012 912 1191 966 τοίνυν
1212 912 1506 984 άμελῶμεν
1528 914 1629 984 τῆς
1649 914 1858 968 ἐαυτῶν
1889 932 2064 987 σωτη-

490 1000 633 1071 ρίας,
685 1002 803 1056 ἀλλ’
853 1002 1172 1074 ἐπιθώμεθα
1213 1005 1278 1074 τῇ
1316 1003 1677 1077 ἐλεημοσύνη.
1734 1005 1902 1060 Οὐδὲν
1951 1006 2062 1077 7&9

1211 254 1270 312 S.
1309 255 1600 312 JUANNIS
1636 253 2061 312 ωιιιγεοετο]

2168 256 2491 314 Αιιειιιερ.
2531 244 3075 313 CONSTANTINOP.

3626 251 3738 314 310

2170 368 2376 441 ταύτης
2405 369 2643 440 βέλτιον·
2689 368 2785 422 καὶ
2830 368 3050 435 δείξειό
3094 368 3302 439 μέλλων
3342 368 3567 439 χρόνος’
3618 370 3760 431 τέως

2168 458 2225 511 δὲ
2255 460 2350 513 καὶ
2379 461 2408 512 ό
2446 458 2639 531 παρὼν
2672 458 2896 523 ἔδειξεν.
2943 459 3035 521 El;
3067 456 3225 522 δόξαν
3265 458 3450 510 τοίνυν
3483 457 3577 511 τοῦ
3619 458 3757 510 Θεοῦ

2171 550 2449 622 ζήσωμεν,
2501 552 2596 605 καὶ
2637 552 2706 605 τά
2752 548 2901 620 αὐτῷ
2949 548 3209 603 δοκοῦντα
3261 548 3630 619 πράττωμεν,
3668 548 3763 601 ῖνα

2167 641 2599 710 καταξιωθῶμεν
2635 641 2745 693 τῶν
2779 639 3206 710 ἐπηγγελμένων
3244 637 3499 707 ἀγαθῶν·
3541 630 3619 691 ὧν
3657 636 3759 705 γέο

2166 749 2313 785 νοιτο
2345 732 2553 795 πάντας
2582 733 2730 803 ἡμᾶς
2755 732 3053 801 ἐπιτυχεῖν,
3096 730 3281 800 χάριτι
3313 730 3407 782 καὶ
3445 727 3763 799 φιλανθρωο

2167 822 2270 895 πίᾳ
2297 822 2391 876 τοῦ
2426 823 2631 895 Κυρίου
2664 822 2823 895 ἡμῶν
2860 820 3034 891 Ἰησοῦ
3063 819 3325 892 Χριστοῦ,
3355 812 3400 887 ᾧ
3423 819 3458 890 ὴ
3495 818 3628 885 δόξα
3655 819 3762 874 καὶ

2166 914 2230 969 τὸ
2266 915 2488 987 κράτος,
2523 913 2676 987 τιμὴ.
2708 912 2804 968 νῦν
2848 914 2945 969 zeal
2971 913 3079 980 άεὶ,
3117 912 3212 966 zeal
3245 913 3327 976 εἰς
3366 910 3494 976 τοὺς
3542 909 3758 975 αίῶνας

2170 1005 2281 1061 τῶν
2319 1006 2556 1062 αἰώνων.
2599 1005 2795 1076 Ἀμήν.

1978 1272 2221 1327 ΟΜΙΔΙΛ
2260 1269 2336 1328 Β⁹.

488 1381 1103 1476 [ὅκῃ-Ματοῦταν(αέ
1125 1384 1295 1476 quasi?
1321 1386 1421 1476 ἀφ’
1441 1381 1520 1466 ᾗς
1547 1386 1772 1476 ἠμέρας
1791 1388 2061 1476 ἡξούσα-

553 1470 670 1521 μεν
686 1493 701 1516 ,
733 1454 805 1507 οὐ
834 1454 1142 1522 παυόμεθα
1168 1454 1321 1523 ὑπὲρ
1347 1454 1515 1524 ὑμῶν
1550 1458 2023 1525 προσευχόμενοι
2042 1497 2058 1522 ,

561 1521 662 1603 καὶ
690 1525 1026 1603 αἰτούμενοι
1059 1524 1159 1603 ἵνα
1199 1523 1551 1603 πληρωθῆτε
1589 1523 1703 1603 τὴν
1737 1525 2065 1603 ἐπίςγινωσιν

559 1591 665 1645 τοῦ
690 1590 1023 1661 θελήματος
1045 1591 1235 1662 αὐτοῦ
1258 1590 1335 1645 ἐν
1352 1592 1522 1661 πάσῃ
1545 1590 1732 1662 σοφίᾳ
1754 1590 1859 1648 καῖ
1878 1594 2061 1649 συνέ-

559 1675 658 1713 σει
691 1660 1065 1730 πνευματικῇ
1085 1678 1097 1691 ·
1132 1660 1535 1730 περιπατῆσαι
1567 1660 1722 1730 ὑμᾶς
1751 1664 1934 1730 ἀξίως
1957 1663 2065 1718 τοῦ

557 1729 780 1803 Κυρίου
820 1731 902 1796 εις
942 1729 1158 1803 πᾶσαν,
1185 1729 1505 1803 ἀρέσκειαν
1523 1773 1536 1791 .
1563 1729 1652 1803 Αέν
1692 1734 1870 1787 παντὶ
1911 1729 2065 1803 ἔργῳ

556 1796 1320 1874 ᾀγαθῷκαρποεξοροῦντες,
1346 1801 1445 1855 καὶ
1468 1800 1867 1872 αὐξανόμενοι
1891 1796 1960 1858 ἐν
1988 1796 2064 1874 τῆ

556 1866 874 1935 ἐπιγνώσει
904 1866 1011 1923 τοῦ
1040 1866 1209 1924 Θεοῦ.

556 1969 628 2029 α’.
651 1971 753 2027 Διίι
774 1971 971 2039 τοῦτο,
991 1975 1172 2042 ποῖον;
1203 1974 1422 2048 Ἐπειδὴ
1438 1975 1749 2048 ἠκούσαμεν
1763 1977 1862 2049 τὴν
1880 1978 2062 2031 πίστιν

487 2058 639 2129 ὐμῶν
664 2059 760 2113 zeal
781 2059 880 2131 τὴν
911 2060 1167 2133 ἀγάπην⁸
1193 2062 1379 2133 ἐπειδὴ
1412 2064 1653 2135 χρηστάς
1688 2062 1883 2136 ἔχομεν
1907 2064 2062 2117 ἐλπί-

484 2145 599 2209 δας,
630 2145 908 2211 εὐέλπιδές
933 2148 1099 2219 ἐσμεν
1127 2149 1224 2203 zeal
1249 2149 1377 2220 περὶ
1404 2149 1512 2202 τῶν
1535 2150 1839 2220 μελλόντων
1867 2152 2059 2206 αἰτεῖν.

485 2235 752 2307 Καθάπερ
811 2237 920 2309 γάρ
958 2238 1015 2291 ἐν
1047 2239 1159 2303 τοῖς
1189 2238 1396 2308 ἀγῶσιν
1438 2239 1680 2303 ἐκείνους
1715 2239 1951 2311 μάλιστα
1982 2240 2063 2295 δι-

486 2321 779 2393 εγείρομεν
806 2324 934 2389 τοὺς
958 2325 1124 2393 ἐγγὺς
1146 2326 1307 2390 ὄντας
1334 2325 1433 2393 τῆς
1457 2325 1636 2396 νίκηςο
1667 2326 1809 2380 οὓτω
1825 2326 1890 2398 δὴ
1917 2328 2010 2380 καὶ
2034 2328 2062 2381 ό

488 2409 696 2473 Παῦλος
735 2410 960 2476 τούτους
1010 2411 1249 2484 μάλιστα
1289 2413 1601 2484 παρακαλεῖ
1628 2414 1755 2478 τοὺς
1794 2413 1857 2468 τὸ
1899 2414 2061 2469 πλέον

487 2497 933 2569 κατωρθωκότας.
977 2500 1102 2570 Ἀφ’
1122 2496 1199 2571 ἧς
1224 2499 1450 2570 ἡμέρας
1471 2501 1844 2571 ⁴ἠκούσαμεν,
1872 2502 2057 2574 φησὶν,

485 2576 558 2639 οὗ
584 2587 890 2656 παυόμεθα
922 2586 1074 2655 ὑπὲρ
1102 2584 1270 2658 ὑμῶν
1297 2575 1792 2659 προσευχόμενοι.
1822 2590 1897 2643 Οὐ
1932 2590 2059 2661 μίαν

483 2675 698 2745 ἡμέραν
727 2676 1162 2747 ὑπερευχόμεθα,
1193 2677 1314 2731 οὐδὲ
1336 2677 1450 2742 δύο,
1486 2678 1546 2732 οὐ
1574 2681 1743 2750 τρεῖς.
1791 2678 2058 2733 Ἐνταῦθα

485 2763 582 2815 zeal
606 2764 705 2834 τὴν
726 2763 946 2834 ἀγάπην
974 2764 1235 2830 δείκνυσι,
1267 2765 1363 2819 καὶ
1391 2765 1576 2837 ὴρέμα
1603 2765 1802 2828 αὐτοὺς
1827 2765 2053 2820 αίνίττε-

484 2866 575 2903 ται
611 2849 684 2913 ὡς
717 2850 928 2904 οὐδέπω
972 2850 1111 2921 πρὸς
1148 2850 1211 2904 τδ
1250 2851 1403 2915 τέλος
1439 2851 1779 2919 ἐφθακόταςο
1816 2852 1879 2905 τὸ
1916 2850 2054 2923 γὰρ,

486 2937 620 2991 Ἵνα
650 2935 1031 3006 πληρωθῆτε,
1062 2934 1221 2990 τοῦτο
1246 2936 1535 3009 δηλοῦντος
1562 2934 1648 3009 ἦν.
1682 2938 1792 2991 Kal
1828 2939 1930 3010 ὅρα
1968 2956 2058 3009 μοι

486 3023 585 3093 τὴν
610 3022 825 3077 σύνεσιν
851 3021 946 3075 τοῦ
979 3023 1249 3094 μακαρίου
1282 3024 1474 3077 τούτου
1495 3040 1509 3056 ο
1538 3023 1776 3095 οὐδαμοῦ
1801 3024 1896 3077 τοῦ
1923 3042 2059 3078 atav-

485 3111 577 3174 τὸς
590 3111 786 3174 αὐτοὺς
799 3109 1205 3183 ἀπεστερῆσθαί
1228 3129 1413 3183 φησιν,
1436 3111 1573 3166 ἀλλὰ
1591 3111 1796 3166 λείπειν
1820 3112 2013 3176 αὐτοὺς
2029 3109 2056 3149 ά

487 3198 762 3269 πανταχοῦ
782 3215 795 3230 ο
836 3199 899 3252 τὸ
929 3200 1057 3271 γάρ,
1093 3202 1226 3256 ἰνα
1255 3198 1641 3270 πληρωθῆτε,
1691 3198 1851 3254 τοῦτο
1886 3200 2055 3269 δηλοῖ.

488 3287 597 3339 Καὶ
625 3285 808 3353 πάλιν,
836 3287 937 3352 Εὶς
977 3284 1185 3342 πᾶσαν
1218 3286 1560 3355 ἀρέσκειαν,
1587 3287 1659 3341 ἐν
1690 3286 1871 3340 παντί
1906 3286 2060 3356 ἔργῳ

485 3369 685 3441 ἀγαθῷ
706 3388 720 3403 ο
763 3371 860 3424 zeal
899 3372 1061 3427 πάλιν
1078 3412 1093 3437 ,
1150 3372 1253 3429 Ἐν
1286 3372 1454 3442 πάσῃ
1486 3371 1736 3443 δυνάμει
1764 3373 2060 3443 δυναμού-

482 3475 653 3529 μενοι
674 3477 688 3491 ο
723 3459 815 3512 zeal
844 3459 1025 3524 πάλιν,
1062 3459 1165 3525 Εὶς
1205 3457 1412 3514 πᾶσαν
1449 3458 1766 3529 ὑπομονὴν
1809 3459 1909 3514 καὶ
1943 3477 2057 3530 μαι-

486 3546 833 3616 κροθυμίαν.
866 3545 940 3599 Τδ
966 3545 1097 3617 γάρ,
1124 3544 1337 3600 Πᾶσαν
1354 3583 1369 3609 ,
1396 3545 1798 3618 μαρτυροῦντός
1824 3547 1941 3600 ἐστι
1964 3546 2059 3601 καί

484 3650 540 3685 τι
576 3636 688 3697 τοῖς
728 3631 1114 3702 κατορθοῦσιν,
1156 3632 1203 3684 εί
1252 3632 1348 3685 zeal
1383 3631 1457 3702 μὴ
1500 3631 1561 3684 τὸ
1606 3633 1735 3687 πᾶν.
1785 3631 1895 3686 Καὶ
1926 3633 2062 3688 Ἵνα

487 3720 842 3787 πληρωθῆτε
864 3762 877 3785 ,
919 3720 1113 3788 φησὶν,
1154 3718 1253 3788 οὐχ
1284 3719 1371 3772 ῖνα
1403 3717 1608 3788 λάϐητε
1629 3735 1642 3748 ·
1685 3718 1876 3773 ἔλαϐον
1911 3721 2019 3792 γάρ
2040 3736 2057 3753 ο

487 3805 622 3858 ἀλλὰ
654 3805 716 3858 τὸ
751 3806 937 3859 λεῖπον
972 3805 1059 3858 ἵνα
1086 3803 1435 3875 πληρωθῆτε.
1468 3804 1624 3858 Οὕτω
1657 3804 1753 3859 zeal
1783 3807 1812 3858 ὁ
1843 3805 2060 3877 ἐλεγχος

487 3890 800 3960 ἀνεπαχθὴς
840 3890 1078 3958 ἐγένετο,
1116 3890 1212 3943 zeal
1243 3890 1305 3944 τδ
1341 3889 1617 3959 ἐγκώμιον
1642 3893 1740 3946 οὐκ
1770 3893 1921 3963 ὴφίει
1962 3894 2059 3947 αὐ-

488 3979 613 4042 τοὺς
644 3979 974 4031 καταπεσεῖν
1001 3978 1097 4031 zeal
1120 3976 1372 4047 γενέσθαι
1402 3978 1626 4042 ὑπτίους
1650 3980 1934 4051 ὁλοσχερὲς
1965 3998 2060 4050 γε-

488 4066 734 4138 νόμενον.
767 4068 832 4120 Τί
857 4064 916 4120 δέ
942 4069 1111 4131 ἐστιν,
1144 4068 1280 4122 Ἵνα
1298 4066 1649 4135 πληρωθῆτε
1678 4069 1794 4138 τὴν
1813 4070 2063 4139 ἐπίγνω-

489 4168 596 4208 σιν
622 4153 728 4208 τοῦ
756 4154 1089 4224 θελήματος
1119 4155 1345 4219 αὑτοῦ;
1371 4153 1628 4210 Τουτέστι
1648 4196 1662 4221 ,
1694 4156 1783 4211 διά
1810 4156 1905 4210 τοῦ
1934 4156 2061 4211 Υίοῦ

490 4241 863 4312 προσάγεσθαι
906 4242 1050 4312 ὑμᾶς
1094 4240 1242 4312 αὐτῷ
1279 4239 1418 4312 χρὴ,
1459 4241 1641 4296 οὐκέτι
1679 4243 1748 4297 δι’
1791 4243 2060 4312 ἀγγέλων.

494 4330 614 4383 Ὅτι
646 4329 745 4400 μέν
770 4325 862 4384 οὖν
877 4328 956 4383 δεῖ
976 4329 1367 4401 προσάγεσθαι,
1393 4329 1594 4397 ἔγνωτε
1614 4345 1628 4360 ο
1650 4329 1827 4384 λείπει
1849 4331 1905 4384 δέ
1934 4331 2063 4402 ὑμῖν

490 4418 573 4471 ἐτι
603 4418 760 4472 τοῦτο
804 4416 995 4488 μαθεῖν
1025 4418 1121 4471 zeal
1170 4416 1259 4470 διά
1297 4416 1350 4470 τί
1382 4416 1474 4471 τὸν
1514 4415 1641 4470 Υίδν
1684 4416 1948 4489 ἐπεμψεν.
1999 4417 2062 4472 El

491 4504 599 4575 7&9
634 4502 702 4557 δι’
753 4502 999 4573 ἀγγέλων
1046 4503 1153 4556 ἔδει
1208 4502 1512 4568 σώζεσθαι,
1546 4504 1648 4556 οὐκ
1677 4504 1744 4557 ἂν
1789 4504 1882 4558 τὸν
1935 4505 2063 4559 Υἱδν

491 4589 755 4660 ἐπεμψεν,
784 4590 884 4643 οὐκ
914 4589 981 4645 ἂν
1008 4588 1291 4657 ἐξέδωκεν.
1336 4591 1435 4644 Ἐν
1468 4590 1638 4662 πάσῃ
1664 4593 1871 4660 σοφίᾳ,
1908 4593 2060 4661 φησὶ,

491 4676 592 4730 καὶ
631 4676 880 4731 συνέσει
924 4676 1316 4746 πνευματικῇ.
1369 4676 1584 4745 Ἐπειδὴ
1627 4677 1736 4748 7&9
1775 4679 1973 4742 αὐτοὺς
2012 4680 2063 4732 οἱ

493 4762 770 4832 φιλόσοφοι
812 4764 1072 4833 ὴπάτων,
1116 4763 1378 4835 βούλομαι
1409 4764 1553 4835 ὑμᾶς
1588 4766 1643 4817 ἐν
1687 4770 2060 4838 πνευματικῇ,

492 4851 649 4922 φησὶ,
681 4850 845 4923 σοφίᾳ
872 4844 1032 4914 εἶναι,
1066 4851 1142 4922 μὴ
1180 4850 1322 4904 κατὰ
1351 4849 1448 4921 τὴν
1480 4850 1675 4919 σοφίαν
1709 4850 1818 4905 τῶν
1857 4851 2067 4924 ἀνθρώ-

493 4956 631 4994 πων.
662 4938 726 4992 Εί
765 4938 824 4992 δέ
861 4936 1002 4991 ὥστε
1042 4936 1104 4991 τὸ
1129 4937 1342 5008 θέλημα
1366 4936 1501 4991 Θεοῦ
1534 4936 1724 5007 μαθεῖν
1760 4953 2065 5010 πνευματι-

492 5028 596 5100 κῆς
618 5028 699 5082 δεῖ
716 5028 927 5097 σοφίας,
955 5026 1097 5081 ὥστε
1119 5028 1217 5097 τὴν
1246 5027 1437 5082 οὐσίαν
1457 5027 1511 5080 τί
1542 5028 1712 5094 ἐστιν,
1744 5027 1920 5098 εὐχῶν
1946 5028 2064 5097 διηο

492 5113 687 5171 νεκῶν.
717 5115 828 5169 Καὶ
853 5113 1124 5169 δείκνυσιν
1155 5112 1409 5177 ἐνταῦθα,
1442 5113 1523 5166 ὅτι
1542 5111 1602 5177 ἐξ
1624 5112 1833 5167 ἐκείνου
1862 5114 1892 5167 ό
1922 5113 2065 5168 Παῦ-

491 5204 583 5268 λος
609 5204 849 5275 εὐχεται,
883 5206 976 5257 καὶ
1000 5201 1213 5256 οὐδέπω
1242 5201 1406 5273 ὴνυσε
1424 5242 1439 5265 ,
1460 5201 1554 5255 καὶ
1584 5201 1687 5254 οὐκ
1717 5202 1926 5271 ἀπέστη
1951 5220 1967 5236 ’
2001 5202 2062 5257 τὸ

492 5289 621 5360 γάρ,
656 5290 784 5360 Ἀφ’
810 5285 885 5361 ἧς
913 5288 1136 5359 ἡμέρας
1163 5288 1533 5356 ἠκούσαμεν,
1562 5286 1719 5341 τοῦτο
1752 5288 1919 5360 δηλοῖ.
1945 5291 2062 5343 Ka-

490 5378 759 5447 τάγνωσιν
787 5378 844 5431 δὲ
882 5379 1066 5443 αὐτοῖς
1107 5376 1306 5449 πολλὴν
1337 5375 1528 5448 φέρει,
1560 5377 1609 5429 εί
1640 5376 1699 5445 ἐξ
1728 5377 1935 5432 ἐκείνου
1968 5377 2064 5432 καὶ

490 5466 676 5537 εὐχαῖς
719 5465 1073 5538 βοηθούμενοι
1117 5465 1193 5538 μὴ
1234 5464 1605 5535 ἀνεκτήσαντο
1656 5463 1901 5529 ἐαυτούς.
1952 5465 2062 5520 Καὶ

490 5554 851 5623 σιτούμενοι,
883 5553 1035 5625 φησὶ,
1066 5553 1331 5618 τουτέστι,
1369 5550 1508 5624 μετὰ
1535 5549 1738 5622 πολλῆς
1766 5551 1866 5623 τῆς
1900 5569 2063 5607 σπου-

552 5662 582 5703 ἀ
607 5663 788 5715 Mavult
809 5663 971 5722 αὐτοῖς
994 5664 1225 5717 Danaus.

2163 1389 2261 1459 δῆς
2283 1403 2298 1419 ο
2341 1387 2498 1442 τοῦτο
2528 1386 2639 1459 γάρ
2670 1387 2909 1441 δείκνυσι
2945 1386 3025 1450 τὸ,
3067 1387 3346 1452 “Errare.
3387 1383 3552 1437 Ἀλλά
3585 1382 3668 1438 δεῖ
3689 1399 3751 1438 τι

2163 1475 2259 1529 zeal
2303 1473 2455 1547 [354]
2507 1472 2825 1542 ἐπιγνῶναι.
2885 1475 2987 1539 Εὶς
3028 1472 3094 1526 τὸ
3135 1470 3541 1539 περιπατῆσαι
3587 1471 3752 1541 ὑμᾶς

2162 1562 2347 1629 ἀξίως
2373 1561 2480 1616 τοῦ
2506 1561 2750 1630 Κυρίου.
2796 1560 3061 1614 Ἐνταῦθα
3084 1559 3214 1628 περὶ
3240 1558 3355 1627 βίου
3389 1559 3483 1611 zeal
3509 1557 3621 1610 τῶν
3650 1559 3748 1623 ἐρ-

2162 1667 2274 1718 γων
2298 1647 2464 1721 φησί·
2493 1649 2589 1703 καὶ
2614 1649 2724 1719 γάρ
2752 1648 2848 1702 zeal
2870 1648 3028 1701 τοῦτο
3053 1645 3328 1716 πανταχοῦ
3357 1648 3534 1699 ποιεῖ·
3562 1646 3652 1698 ἀεὶ
3676 1650 3746 1716 τῇ

2162 1738 2344 1792 πίστει
2385 1735 2710 1806 συζεύγνυσι
2757 1736 2857 1806 τὴν
2893 1736 3194 1789 πολιτείαν.
3234 1736 3338 1800 Είς
3374 1733 3584 1788 πᾶσαν
3612 1735 3748 1802 dp!-

2161 1840 2395 1881 σκειαν.
2441 1825 2567 1888 Πῶς
2606 1824 2695 1890 δέ,
2743 1821 2954 1880 Πᾶσαν
3001 1822 3360 1888 ἀρέσκειανς
3410 1822 3517 1874 Ἐν
3561 1822 3748 1874 παντί

2160 1912 2313 1983 ἔργῳ
2349 1911 2548 1982 ἀταθῷ
2599 1911 3142 1980 καρποφοροῦντες,
3191 1909 3288 1962 καί
3339 1908 3751 1978 αὐξανόμενοι

2162 2000 2234 2053 ἐν
2261 1999 2337 2069 τῇ
2360 1999 2680 2069 ἐπιγνώσει
2700 1997 2808 2051 τοῦ
2843 1996 3014 2051 Θεοῦ.
3046 1996 3278 2066 Ὥσπερ,
3311 1997 3499 2066 φησὶν,
3528 1994 3750 2066 ἀθρόως

2164 2088 2292 2157 ὑμῖν
2319 2086 2512 2141 ἐαυτὸν
2543 2085 2881 2154 άπεκάλυψε,
2922 2084 3015 2136 zeal
3043 2081 3232 2150 ὥσπερ
3258 2081 3595 2152 τηλικαύτην
3626 2082 3679 2135 ἐ)
3691 2083 3751 2136 a-

2163 2174 2284 2227 ϐετε
2326 2172 2558 2243 γνῶσιν,
2596 2171 2739 2226 οὕτω
2764 2171 2857 2224 zeal
2893 2169 3169 2223 πολιτείαν
3199 2169 3356 2235 ἀξίαν
3399 2168 3748 2239 ἐπιδείξασθε

2160 2261 2261 2332 τῆς
2296 2260 2531 2324 πίστεως
2554 2276 2570 2293 ο
2609 2259 2853 2330 μεγάλης
2893 2258 3001 2329 γάρ
3041 2256 3178 2327 αῦτη
3224 2256 3393 2309 δεῖται
3436 2255 3741 2319 πολιτείας,

2162 2349 2258 2403 zeal
2306 2347 2485 2418 πολλῷ
2534 2346 2810 2418 μείζονος,
2841 2346 2875 2418 ἢ
2923 2346 2958 2415 η
2988 2343 3213 2400 παλαιά.
3257 2344 3316 2397 '0
3341 2343 3449 2415 7&9
3483 2342 3579 2396 τὸν
3605 2342 3746 2396 Θεὸν

2161 2434 2337 2501 εἰδὼς,
2370 2433 2579 2490 καὶτοῦ
2617 2432 2753 2487 Θεοῦ
2784 2432 2970 2496 δοῦλος
2997 2428 3136 2484 εἶναι
3170 2429 3561 2501 καταξιωθεὶς,
3596 2430 3742 2499 μᾶλ-

2162 2523 2254 2576 λον
2280 2522 2336 2576 δέ
2361 2521 2454 2575 zeal
2487 2520 2620 2588 υἱὸς,
2660 2521 2762 2591 ὅρα
2794 2521 2925 2591 ὅσης
2957 2518 3128 2572 δεῖται
3171 2514 3392 2589 ἀρετῆς.
3439 2518 3537 2569 Ἐν
3568 2516 3743 2585 πάσῃ

2162 2609 2409 2679 δυνάμει
2435 2607 2890 2678 δυναμούμενοι.
2945 2601 3209 2659 Ἐνταῦθα
3235 2602 3362 2674 περὶ
3395 2603 3503 2655 τῶν
3545 2616 3746 2673 πειρα-

2167 2695 2319 2767 σμῶν
2342 2696 2436 2750 καὶ
2466 2695 2574 2748 τῶν
2598 2693 2854 2764 διωγμῶν
2886 2709 3069 2762 φησιν,
3097 2691 3380 2761 Εὐχόμεθα
3406 2685 3495 2743 ἵνα
3518 2689 3624 2757 πλη
3633 2707 3745 2759 ρω-

2164 2783 2294 2854 θῆτε
2319 2780 2735 2852 δυναμούμενοι,
2763 2778 2903 2833 ὥστε
2939 2778 3015 2851 μὴ
3049 2779 3359 2849 άκηδιᾶσαι,
3412 2774 3543 2849 μηδὲ
3597 2777 3744 2828 azm-

2163 2870 2385 2940 γνῶναι.
2428 2873 2586 2924 Κατα
2623 2868 2688 2922 τὸ
2735 2865 2950 2936 κράτος
2998 2864 3109 2934 τῆς
3133 2863 3317 2933 δόξης
3349 2862 3554 2917 αὑτοῦ.
3582 2863 3737 2926 Ἵνα,

2163 2959 2330 3028 φησὶ,
2359 2957 2613 3026 τοιαύτην
2660 2954 2964 3025 άναλάϐητε
3011 2952 3353 3023 προθυμίαν,
3399 2950 3488 3004 οἶα
3534 2952 3741 3020 πρέπει

2162 3049 2227 3117 τῇ
2261 3046 2405 3116 ίσχύῖ
2427 3048 2523 3116 τῆς
2541 3041 2697 3115 δόξης
2726 3041 2891 3096 αὐτοῦ
2921 3041 3121 3096 δοῦναι.
3152 3043 3258 3106 Εἰς
3277 3038 3485 3095 πᾶσαν
3512 3041 3743 3109 ὑπομο-

2162 3132 2283 3199 νὴν
2300 3132 2396 3185 καί
2417 3128 2850 3200 μακροθυμίαν.
2883 3130 2947 3181 ⁸0
2970 3127 3138 3195 λέγει,
3173 3125 3412 3181 τοιοῦτόν
3426 3128 3540 3179 ἐστι
3560 3143 3575 3158 ·
3605 3123 3742 3178 Συνο

2161 3218 2346 3289 τόμως
2386 3217 2676 3288 εὐχόμεθα,
2723 3216 2913 3285 φησὶν,
2960 3213 3100 3269 ὥστε
3146 3214 3401 3283 ἐνάρετον
3444 3214 3587 3282 ὑμᾶς
3620 3212 3744 3280 βίον

2166 3308 2314 3378 σχεῖν
2350 3307 2444 3359 καὶ
2472 3304 2568 3374 τῆς
2602 3303 2874 3366 πολιτείας
2902 3302 3078 3367 ἄξιον,
3108 3302 3205 3355 zeal
3232 3300 3421 3371 στῆναι
3459 3299 3701 3362 βεϐαίως
3722 3339 3741 3366 ,

2163 3393 2240 3457 ὡς
2278 3391 2423 3454 είκδς
2461 3392 2588 3454 τοὺς
2626 3389 2734 3443 ἀπὸ
2772 3389 2908 3443 Θεοῦ
2948 3388 3385 3459 δυναμωθέντας.
3435 3386 3532 3440 Διά
3579 3385 3744 3439 τοῦτο

2164 3480 2301 3542 τέως
2338 3477 2549 3532 οὐδέπω
2601 3477 2832 3530 ἅπτεται
2884 3475 3169 3547 δογμάτων
3188 3518 3204 3542 ,
3253 3474 3368 3529 ἀλλ’
3406 3474 3466 3527 ἐν
3506 3472 3587 3544 τῷ
3638 3472 3744 3543 βίῳ

2167 3567 2475 3639 στρέφεται,
2509 3564 2637 3619 ἔνθα
2679 3564 2833 3618 οὐδὲν
2859 3562 3002 3635 εἶχεν
3029 3564 3323 3632 ἐγκαλέσαι
3341 3579 3357 3594 ⁸
3382 3564 3485 3617 zeal
3514 3562 3743 3617 ἐπαινέ-

2168 3672 2265 3718 σας
2310 3654 2393 3723 ἐφ⁸
2424 3647 2506 3716 οἷς
2552 3652 2749 3724 ἐχρῆν,
2796 3651 2917 3705 τότε
2965 3651 3220 3722 καθίησιν
3259 3652 3338 3713 είς
3377 3650 3740 3720 κατηγορίαν.

2165 3741 2336 3795 Τοῦτο
2358 3739 2452 3793 zeal
2474 3739 2747 3810 πανταχοῦ
2774 3740 2952 3792 ποιεῖ·
2977 3739 3105 3792 ὅταν
3135 3738 3243 3808 γὰρ
3279 3737 3444 3809 μέλλῃ
3464 3737 3577 3790 τισὶ
3599 3737 3741 3805 γρά-

2167 3844 2307 3897 φειν,
2329 3826 2468 3896 ἔχων
2494 3825 2594 3897 μέν
2610 3844 2663 3879 τι
2687 3824 2956 3894 ἐγκαλεῖν,
2985 3824 3123 3895 έχων
3142 3825 3201 3878 δὲ
3228 3825 3321 3878 καί
3347 3840 3401 3877 τι
3428 3824 3739 3887 ἐπαινέσαι,

2163 3914 2429 3984 πρότερον
2470 3914 2712 3977 ἐπαινεῖ,
2762 3913 2857 3966 zeal
2890 3913 3009 3965 τότε
3042 3911 3297 3983 καθίησιν
3326 3911 3404 3974 είς
3449 3910 3518 3963 τά
3547 3910 3743 3980 ἐγκλή-

2164 4017 2330 4071 ματα.
2372 3999 2680 4053 Οίκειοῦται
2727 4000 2836 4070 γὰρ
2879 3999 3141 4071 πρότερον
3169 3998 3261 4052 τὸν
3290 3997 3598 4069 ἀκροατὴν,
3642 3997 3744 4051 zeal

2161 4086 2258 4157 τὴν
2280 4084 2613 4157 κατηγορίαν
2646 4085 2974 4139 ἀπαλλάττει
3003 4086 3185 4155 πάσης
3220 4084 3476 4153 ὑποψίας,
3508 4083 3606 4138 zeal
3630 4083 3748 4137 δεί-

2163 4189 2349 4227 κνυσιν
2385 4173 2467 4227 ὃτι
2505 4173 2666 4236 αὐτὸς
2698 4174 2795 4243 μέν
2826 4171 3079 4226 ἐϐούλετο
3118 4172 3294 4225 διόλου
3336 4171 3739 4241 ἐγκωμιάζειν,

2164 4260 2268 4313 ὑπὸ
2296 4258 2352 4313 δὲ
2377 4262 2475 4331 τῆς
2502 4260 2747 4330 ἀνάγκης
2766 4261 2846 4324 είς
2865 4258 3086 4322 τούτους
3115 4257 3469 4329 ἐμϐιϐάζεται
3497 4258 3625 4320 τοὺς
3650 4256 3745 4310 λό-

2163 4361 2313 4413 γους.
2366 4345 2535 4399 Τοῦτο
2590 4346 2681 4400 zeal
2726 4346 2784 4399 ἐν
2833 4349 2900 4416 τῇ
2950 4346 3190 4416 προτέρᾳ
3237 4346 3374 4416 πρὸς
3418 4344 3741 4414 Κορινθίους
3807 4391 3812 4393 _

2164 4434 2326 4488 ποιεῖ.
2367 4433 2688 4495 Ἐπαινέσας
2723 4433 2829 4503 γάρ
2854 4433 3051 4496 αὐτοὺς
3088 4432 3255 4503 μυρία
3296 4432 3375 4496 ὠς
3407 4429 3744 4501 ἀγαπῶντας

2164 4519 2347 4585 αὐτὸν,
2385 4520 2479 4573 zeal
2507 4519 2614 4574 ἀπὸ
2644 4518 2737 4572 τοῦ
2771 4520 3218 4590 πεπορνευκότος,
3247 4519 3367 4572 τότε
3395 4520 3474 4582 είς
3501 4534 3744 4586 κατηγο-

2167 4608 2287 4679 ρίαν
2313 4606 2584 4675 καθίησιν.
2629 4606 2717 4660 Ἐν
2742 4606 2799 4660 δέ
2829 4609 2896 4677 τῇ
2930 4607 3067 4678 πρὸς
3094 4606 3336 4669 Γαλάτας
3365 4605 3570 4667 οὐκέτι,
3600 4606 3747 4658 ἀλλὰ

2163 4696 2501 4751 τούναντίονο
2534 4695 2734 4767 μᾶλλον
2763 4684 2829 4749 δέ
2852 4696 2906 4749 εί
2945 4712 3029 4759 τις
3068 4694 3339 4759 ἐξετάσειε
3359 4737 3374 4761 ,
3405 4694 3630 4765 κάκείνη
3682 4696 3747 4761 ἐξ

2165 4784 2389 4840 ἐπαίνου
2415 4784 2448 4855 ἡ
2475 4783 2799 4855 κατηγορία.
2840 4781 3060 4854 Ἐπειδὴ
3097 4783 3206 4854 γὰρ
3238 4782 3416 4836 αὐτῶν
3446 4782 3597 4836 οὐδὲν
3623 4776 3746 4851 εἶχε

2166 4870 2499 4943 κατόρθωμα
2524 4871 2645 4925 τότε
2675 4871 2867 4935 είπεῖν,
2896 4871 2990 4923 zeal
3015 4871 3242 4942 σφοδρὸν
3270 4871 3332 4925 τὺ
3357 4869 3606 4941 ἔγκλημα
3643 4863 3747 4940 ἦν,

2166 4958 2262 5012 zeal
2286 4959 2483 5021 πάντες
2504 4957 2893 5030 διεφθάρησαν,
2920 4957 3012 5011 καὶ
3037 4957 3223 5029 φέρειν
3237 4958 3500 5027 ὴδύναντο
3528 4959 3749 5027 ἰσχυροὶ

2166 5045 2349 5110 ὅντες,
2386 5046 2495 5100 ἀπὸ
2547 5046 2880 5117 κατηγορίας
2909 5044 3134 5115 ἄρχεται
3178 5044 3387 5113 λέγων,
3426 5040 3747 5113 Θαυμαζωο

2167 5132 2307 5184 ὥστε
2335 5132 2427 5185 zeal
2453 5131 2612 5185 τοῦτο
2643 5131 2917 5203 ἐγκώμιόν
2951 5133 3119 5186 ἐστιν.
3148 5130 3414 5202 ’Υστερον
3446 5130 3503 5184 δὲ
3539 5130 3747 5193 αὐτοὺς

2168 5218 2401 5283 ἐπαινεῖ,
2427 5218 2528 5271 οὐκ
2556 5219 2650 5271 ἐπὶ
2681 5220 2793 5281 τοῖς
2822 5217 3107 5288 παροῦσιν,
3134 5216 3248 5272 ἀλλ’
3274 5217 3367 5271 ἐπὶ
3390 5219 3505 5281 τοῖς
3538 5217 3745 5287 παρελ-

2169 5303 2350 5370 θοῦσι,
2381 5304 2583 5373 λέγων,
2632 5306 2713 5360 ὅτι
2760 5307 2829 5360 El
2872 5304 3166 5370 δυνατὸν,
3211 5304 3354 5372 τοὺς
3388 5303 3744 5374 ὀφθαλμοὺς

2166 5391 2335 5462 ὑμῶν
2360 5391 2754 5461 ἐξορύξαντες
2788 5392 2867 5449 ἂν
2889 5392 3146 5447 ἐδώκατέ
3175 5408 3298 5463 μοι.

2238 5478 2304 5549 β’.
2340 5480 2904 5550 Καρποφοροῦντες,
2950 5480 3112 5550 φησί’
3157 5479 3314 5533 τοῦτο
3359 5479 3488 5550 περὶ
3529 5478 3711 5549 ἔργων

2169 5567 2610 5635 Δυναμούμενοι
2633 5584 2646 5599 ο
2674 5567 2800 5638 περὶ
2833 5566 3152 5638 πειρασμῶν
3179 5566 3355 5621 τοῦτο.
3397 5567 3499 5631 Ek
3528 5563 3741 5620 πᾶσαν

2170 5653 2486 5724 ὑπομονὴν
2534 5652 2632 5707 καί
2672 5653 3125 5723 μακροθυμίαν
3166 5650 3548 5723 μακροθυμίαν
3601 5649 3747 5720 πρὸς
