4064 6210
283 231 393 300 toil

283 359 417 416 ergo
441 349 681 399 nostram
726 339 1058 411 negligamus
1088 341 1346 404 salutem,
1377 339 1470 394 sed
1497 336 1869 408 aggrediamur

280 437 708 505 cleemosynam.
733 432 874 486 Nihil
909 440 991 487 est
1020 433 1161 486 enim
1193 447 1256 486 ea
1301 431 1491 485 melius
1520 439 1574 484 et
1602 436 1872 499 praestan-

277 528 386 580 tius
420 542 436 578 :
472 523 632 594 idque
652 523 894 578 ostendet
928 532 1137 591 tempus
1168 521 1430 587 futurum;
1461 520 1675 574 interim
1693 526 1870 571 autem

276 617 519 671 ostendit
535 617 694 672 etiam
713 631 971 686 prtesens.
1000 615 1080 668 Ad
1106 615 1196 669 Dci
1217 630 1344 684 ergo
1371 615 1610 666 vivamus
1626 611 1869 680 gloriam,

273 719 333 764 et
361 723 484 778 quae
507 709 558 763 ei
591 709 803 778 placent
831 723 891 762 ea
917 721 1156 777 agamus,
1187 715 1244 758 ut
1265 705 1408 774 digni
1440 703 1728 758 habeantur
1751 715 1875 770 pro-

1175 224 1246 282 ἸΝ
1284 224 1506 284 EPIST.
1550 225 1640 280 ΑΙ)
1672 223 1955 280 ΕΟΕΟΞΞ.
1997 221 2147 277 CAP.
2190 224 2232 279 l.
2271 222 2506 281 ‘llOIllll..
2553 225 2616 282 11.

368 828 2009 853 Μ

3453 240 3556 298 820

1979 333 2156 390 missis
2187 335 2340 390 bouis
2371 355 2383 389 :
2416 352 2533 406 quae
2575 338 2728 393 detur
2775 341 2927 397 nobis
2971 346 3217 402 omnibus
3263 354 3520 420 consequi
3545 395 3560 416 ,

1979 427 2147 495 gratia
2176 437 2227 480 et
2249 426 2576 498 benignitate
2607 430 2814 485 Domini
2841 437 3008 489 nostri
3039 436 3166 491 Jesu
3207 439 3436 501 Christi.
3470 443 3564 497 cui

1979 517 2168 586 gloria,
2193 518 2494 588 imperium,
2519 519 2706 588 honos,
2731 540 2868 580 nunc
2892 536 2947 581 et
2967 542 3196 598 semper,
3220 531 3344 585 etin
3367 533 3560 588 saecula

1980 607 2318 661 swculorum.
2347 610 2537 664 Amen.

2018 825 3168 858 ...Μ-*η*

1671 901 2018 965 HOMILIA
2061 902 2140 964 ll.

277 1062 421 1118 CAP.
448 1062 496 1115 I.
529 1075 583 1113 v.
617 1060 670 1115 9.
699 1059 827 1114 Ideo
853 1069 900 1114 et
929 1075 1020 1113 nos
1049 1075 1112 1113 es:
1155 1074 1254 1127 qua
1282 1058 1362 1110 die
1392 1055 1676 1108 audivimus
1709 1093 1723 1117 ,
1773 1065 1876 1102 non

353 1169 609 1207 cessamus
632 1168 725 1222 pro
751 1152 889 1205 vobis
915 1160 1136 1214 orantes,
1169 1159 1215 1202 et
1242 1148 1551 1218 postulantes
1579 1155 1631 1198 ut
1660 1142 1874 1210 implea-

356 1244 480 1296 mini
515 1243 773 1313 agnitione
803 1242 1071 1294 voluntatis
1099 1241 1210 1308 ejus
1235 1281 1250 1304 ,
1277 1239 1330 1291 in
1358 1238 1496 1290 omni
1533 1234 1782 1302 sapientia
1827 1242 1873 1284 et

350 1335 606 1388 intellectu
629 1332 887 1403 spirituali
916 1347 934 1384 :
959 1330 1045 1385 10.
1069 1339 1121 1382 ut
1139 1327 1400 1382 ambuletis
1429 1327 1581 1394 digne
1632 1323 1751 1387 Deo,
1779 1338 1868 1390 per

353 1423 524 1476 omnia
553 1423 808 1491 placentes
833 1462 848 1488 ,
879 1421 932 1473 in
965 1421 1100 1473 omni
1125 1434 1273 1489 opere
1309 1417 1436 1471 bona
1462 1414 1824 1486 fructiﬁcantes
1849 1452 1864 1480 ,

351 1525 398 1569 et
420 1523 700 1569 crescentes
733 1513 788 1565 in
827 1512 1038 1565 scientia
1066 1509 1179 1564 Dei.

352 1613 406 1666 l.
431 1609 583 1674 Ideo,
618 1606 825 1678 quare?
851 1605 982 1671 Quia
1015 1602 1314 1658 audivimus
1348 1600 1508 1655 ﬁdem
1537 1605 1772 1654 vestram
1814 1604 1870 1650 et

280 1703 577 1758 caritatem.
608 1700 871 1766 Quoniam
903 1698 1094 1752 bonum
1126 1711 1278 1766 spem
1305 1693 1487 1759 habet,
1517 1693 1714 1748 bonam
1736 1704 1872 1760 quo-

280 1809 387 1863 que
408 1809 560 1862 spem
588 1793 863 1858 habemus,
885 1797 942 1843 ut
963 1799 1016 1844 et
1043 1788 1110 1843 de
1131 1785 1320 1840 futuris
1346 1785 1696 1855 postulemus.
1719 1780 1868 1836 Sicut

281 1886 431 1940 enim
458 1885 517 1938 in
567 1884 938 1939 certaminibus
983 1883 1104 1936 illos
1152 1880 1383 1936 maxime
1421 1877 1745 1939 excitamus,
1777 1871 1866 1943 qui

283 1987 416 2030 sunt
448 1975 725 2046 propinqui
767 1975 1004 2029 victoriae
1036 1993 1049 2028 :
1082 1973 1151 2027 ita
1181 1972 1340 2027 etiam
1368 1969 1566 2023 Paulus
1610 1982 1703 2022 eos
1748 1981 1864 2021 ma-

286 2067 435 2120 xime
466 2068 733 2132 hortatur,
772 2066 859 2136 qui
887 2079 946 2120 se
973 2063 1204 2134 amplius
1247 2071 1393 2116 recte
1439 2067 1740 2130 gesserunt.
1782 2055 1868 2110 Ea:

285 2175 390 2222 qua
421 2159 534 2222 die,
561 2158 766 2227 inquit,
808 2157 1129 2221 audivimus,
1160 2170 1262 2207 non
1304 2167 1558 2206 cessamus
1604 2165 1694 2219 pro
1728 2148 1864 2202 vobis

276 2259 504 2303 orantes.
529 2248 644 2302 Non
674 2263 838 2302 unum
869 2247 1006 2302 diem
1040 2261 1137 2315 pro
1163 2243 1314 2298 vobis
1336 2255 1574 2308 oramus,
1604 2248 1696 2294 aut
1727 2239 1863 2294 duos

274 2349 369 2392 aut
401 2348 529 2393 tres.
559 2338 653 2393 llic
702 2339 862 2393 etiam
890 2335 1124 2392 ostendit
1168 2334 1443 2390 caritatem
1463 2373 1478 2399 ,
1512 2342 1566 2387 et
1609 2329 1861 2401 paulatim

272 2431 580 2484 subindicat
631 2445 727 2484 eos
774 2429 1010 2483 nondum
1054 2426 1369 2498 pervenisse
1409 2423 1476 2479 ad
1518 2423 1676 2477 ﬁnem
1716 2421 1862 2476 :hoc

269 2525 440 2585 enim,
475 2521 542 2577 Ut
566 2520 897 2592 impleamini,
928 2519 1031 2575 hoc
1055 2518 1336 2589 signiﬁcat.
1364 2515 1495 2570 Vide
1517 2523 1699 2569 autem
1729 2511 1858 2566 mihi

270 2614 433 2683 hujus
484 2614 625 2668 beati
676 2611 1020 2683 prudentiam
1064 2623 1370 2677 :nusquam
1417 2605 1547 2661 dicit
1603 2619 1698 2659 eos
1746 2611 1858 2657 toto

267 2723 393 2762 esse
426 2707 684 2776 privatos,
716 2703 809 2760 scd
834 2704 1028 2773 ubique
1053 2716 1147 2758 eos
1166 2701 1396 2757 deﬁcere
1428 2717 1441 2754 :
1470 2698 1571 2753 hoc
1597 2697 1860 2768 signiﬁcat

266 2798 426 2865 illud,
456 2797 525 2852 Ut
549 2797 884 2867 impleamini.
917 2795 985 2849 Et
1007 2809 1214 2862 rursus,
1246 2792 1350 2848 Per
1373 2792 1543 2847 omnia
1571 2789 1852 2861 placentes,

265 2892 322 2942 in
366 2890 507 2942 omni
530 2904 682 2957 apere
710 2888 839 2941 bona
865 2905 882 2952 ;
909 2894 963 2942 et
991 2887 1214 2950 iterum,
1245 2883 1313 2937 In
1343 2884 1480 2938 omni
1515 2883 1698 2936 virtute
1735 2897 1857 2935 con-

266 2983 450 3047 fortati
473 2997 493 3043 ;
523 2990 578 3036 et
603 2994 808 3046 rursus,
840 2979 908 3032 In
936 2979 1074 3032 omni
1105 2976 1349 3046 patientia
1375 2983 1421 3029 et
1449 2975 1852 3045 longanimitate.

262 3072 401 3126 Illud
431 3073 596 3136 enim,
632 3069 804 3138 Omni,
839 3078 920 3125 est
941 3069 1056 3139 ejus
1080 3069 1170 3139 qui
1201 3082 1300 3123 suo
1327 3065 1637 3121 testimonio
1658 3063 1854 3135 aliquid

262 3164 457 3218 tribuit
477 3165 540 3217 iis
561 3164 648 3232 qui
678 3178 736 3218 se
763 3171 908 3217 recte
931 3170 1148 3231 gerunt,
1175 3159 1384 3214 etiamsi
1412 3173 1518 3214 non
1540 3157 1850 3211 universim.

260 3255 336 3311 Ut
368 3254 702 3324 impleamini,
733 3254 920 3322 inquit,
943 3267 1072 3318 non,
1104 3250 1174 3306 Ut
1195 3249 1503 3320 accipiatis;
1531 3255 1855 3318 acceperunt

255 3348 448 3413 enim;
483 3347 578 3404 sed
617 3356 673 3402 ut
715 3345 1039 3415 impleamini
1064 3359 1128 3399 eo
1151 3343 1290 3414 quod
1316 3341 1466 3397 vobis
1497 3341 1667 3396 deest.
1690 3341 1764 3394 lla
1798 3348 1854 3394 et

257 3441 622 3512 reprehensio
648 3438 879 3493 nonfuit
920 3437 1120 3508 gravis,
1155 3450 1252 3490 nec
1293 3434 1419 3487 sinit
1443 3432 1746 3488 encomium
1795 3439 1851 3484 ut

251 3534 526 3604 dejiciant
549 3535 820 3596 animum,
855 3540 908 3584 ct
957 3529 1246 3584 reddantur
1286 3525 1488 3595 supini,
1519 3540 1639 3580 cum
1690 3524 1849 3578 fuerit

253 3628 559 3694 integrum.
592 3623 727 3690 Quid
770 3631 852 3677 est
891 3630 1068 3674 autem
1093 3662 1106 3685 ,
1143 3619 1208 3674 Ut
1237 3617 1545 3688 impleamini
1584 3617 1841 3686 agnitione

248 3717 540 3771 voluntatis
561 3716 668 3784 eius
687 3715 713 3768 ?
739 3714 792 3768 Id
824 3723 936 3780 cst,
967 3727 1065 3783 per
1094 3711 1285 3766 Filium
1316 3725 1410 3764 vos
1435 3709 1500 3762 ad
1549 3709 1720 3777 ipsum
1750 3706 1848 3760 ad-

247 3810 383 3864 duci
436 3816 682 3877 Oportet,
717 3821 822 3861 non
870 3805 1051 3874 utique
1099 3819 1194 3872 per
1223 3802 1461 3871 angelos.
1485 3801 1660 3870 Atque
1705 3796 1849 3868 quod

244 3909 511 3971 oporteat
542 3899 753 3968 quidem
776 3897 987 3962 adduci,
1012 3895 1238 3950 novistis
1265 3900 1466 3948 :restat
1490 3903 1668 3946 autem
1694 3891 1847 3945 vobis

248 4001 308 4045 ut
343 3993 454 4044 hoc
486 3988 726 4054 discatis,
759 4003 854 4043 cur
880 3986 1087 4041 miserit
1111 3984 1324 4038 Filium.
1359 3982 1413 4038 Si
1444 3983 1586 4038 enim
1619 3996 1716 4052 per
1746 3996 1844 4034 an-

242 4085 410 4154 gelos
455 4096 556 4136 nos
584 4088 860 4149 oporteret
903 4094 1025 4134 esse
1052 4078 1234 4132 salvos
1261 4119 1274 4140 ,
1318 4092 1427 4131 non
1476 4077 1710 4130 misisset
1747 4086 1846 4128 nec

243 4173 574 4228 tradidisset
600 4172 814 4224 Filium.
843 4169 907 4223 In
931 4170 1069 4224 omni
1095 4169 1367 4239 sapientia,
1393 4168 1597 4237 inquit,
1625 4176 1670 4220 et
1693 4165 1845 4219 intel-

240 4267 386 4318 lectu
424 4263 708 4332 spirituali.
745 4261 876 4315 Nam
899 4261 1150 4330 quoniam
1181 4260 1328 4328 ipsos
1364 4259 1699 4328 decipiebant
1731 4255 1845 4327 phi-

242 4353 494 4423 losophi,
527 4352 661 4406 Volo
688 4368 802 4418 vos,
827 4353 1018 4422 inquit,
1047 4367 1168 4407 esse
1199 4354 1250 4405 in
1276 4351 1533 4420 sapientia
1556 4347 1839 4418 spirituali,

238 4465 357 4502 non
411 4444 711 4498 secundum
759 4444 1075 4513 sapientiatn
1129 4443 1427 4496 hominum.
1468 4440 1521 4496 Si
1569 4448 1744 4494 autem
1786 4445 1844 4492 ut

235 4537 532 4592 discamus
560 4533 655 4589 Dei
681 4534 1029 4598 voluntatem,
1062 4533 1322 4603 spirituali
1353 4546 1488 4601 opus
1530 4529 1845 4598 estsapien-

237 4629 316 4683 tia
344 4645 358 4681 :
389 4636 450 4681 ut
480 4626 716 4680 essentia
745 4625 867 4694 quid
889 4627 958 4678 sit
982 4625 1272 4688 discamus,
1296 4638 1431 4692 OpllS
1461 4630 1542 4676 est
1573 4621 1843 4676 continuis

240 4719 537 4789 precibus.
563 4718 630 4770 Et
655 4715 740 4769 hic
765 4716 1014 4781 ostendit,
1045 4715 1183 4786 quod
1211 4729 1278 4768 ex
1324 4713 1419 4767 illo
1447 4721 1687 4781 tempore
1727 4717 1846 4765 oret

237 4813 476 4876 Paulus,
507 4819 563 4865 et
589 4809 823 4863 nondum
854 4808 1095 4878 perfecit,
1130 4821 1227 4860 nec
1251 4806 1490 4861 destitit:
1519 4804 1649 4860 illud
1675 4804 1840 4870 enim,

244 4904 328 4959 Ex
345 4919 458 4974 qua
485 4902 574 4954 die
591 4900 895 4964 audivimus,
924 4899 1025 4953 hoc
1042 4897 1323 4968 signiﬁcat.
1353 4896 1464 4952 lllis
1484 4906 1665 4952 autem
1687 4896 1843 4951 aﬁ'ert

235 4992 795 5056 condemnationem,
823 4993 867 5045 si
894 5007 959 5044 ex
997 4990 1088 5043 illo
1118 4999 1360 5059 tempore
1400 4990 1560 5043 etiam
1590 4989 1842 5058 precibus

232 5087 455 5156 adjuti,
489 5099 552 5138 se
578 5098 684 5136 non
715 5083 1132 5139 emendaverint.
1162 5081 1230 5134 Et
1252 5081 1596 5150 postulantes,
1629 5081 1835 5152 inquit,

233 5179 290 5230 id
324 5184 573 5240 est,cum
602 5188 794 5243 magno
824 5172 1000 5226 studio
1031 5189 1045 5224 :
1075 5171 1174 5225 hoc
1202 5172 1346 5226 enim
1395 5171 1631 5225 ostendit
1669 5171 1796 5225 illud
1820 5211 1836 5238 ,

229 5263 588 5332 Cognovistis.
638 5263 741 5318 Sed
789 5269 1000 5331 Oportet
1047 5262 1206 5316 etiam
1261 5261 1457 5331 aliquid
1523 5277 1838 5332 agnoscere.

236 5330 459 5422 Utfvos,
494 5355 688 5424 inquit,
717 5330 981 5406 ambuletis
1011 5352 1161 5420 digne
1188 5350 1314 5405 Deo.
1351 5330 1446 5404 llic
1472 5351 1540 5406 de
1565 5330 1675 5405 vita
1704 5352 1836 5407 dicit

233 5460 289 5504 et
339 5449 609 5518 cperibus
649 5462 662 5497 :
697 5461 818 5498 nam
870 5444 974 5498 hoc
1018 5459 1231 5514 quoque
1275 5442 1400 5499 facit
1449 5445 1682 5513 ubique;
1713 5443 1836 5500 ﬁdei

233 5554 464 5606 semper
492 5537 773 5605 conjungit
797 5535 918 5588 vitae
959 5533 1180 5603 agenda:
1211 5535 1494 5588 rationem.
1535 5533 1638 5588 Per
1663 5536 1835 5588 omnia

236 5634 523 5698 placentes.
558 5627 839 5692 Quomodo
877 5637 1076 5690 autem,
1107 5625 1209 5680 Per
1248 5627 1418 5681 omnia
1448 5627 1739 5696 placentes?
1768 5625 1834 5680 In

570 5732 836 5791 ΡΑτιιοι..
879 5726 995 5784 Gn.
1047 5725 1236 5787 LXII.

1981 1043 2116 1095 omni
2145 1060 2292 1112 opere
2316 1047 2445 1100 bona
2475 1052 2840 1120 fructi/icantes
2865 1096 2879 1122 ,
2913 1067 2960 1111 et
3003 1072 3274 1118 crescentes
3310 1066 3362 1120 in
3407 1071 3554 1138 agni-

1979 1134 2113 1188 tione
2159 1129 2278 1192 Dci.
2312 1138 2460 1194 Sicut
2502 1144 2644 1198 enim
2687 1161 2745 1202 se
2785 1157 2951 1204 totum
2998 1155 3150 1209 vobis
3179 1129 3478 1225 revelavitv,
3509 1174 3564 1216 et

1977 1237 2115 1278 Sicut
2145 1235 2341 1282 tantam
2364 1234 2642 1300 accepistis
2681 1239 3037 1307 cognitionem
3071 1261 3084 1295 :
3128 1245 3200 1300 ita
3233 1259 3280 1302 el
3321 1249 3444 1306 vita:
3464 1268 3560 1306 vc-

1977 1325 2102 1370 strae
2121 1318 2504 1377 institutionem
2525 1329 2788 1385 ostendite
2814 1330 2917 1386 ﬁde
2945 1334 3031 1389 illa
3053 1335 3263 1406 dignam
3287 1357 3300 1406 ;
3331 1357 3392 1396 ea
3411 1345 3552 1398 enim

1974 1422 2109 1478 opus
2164 1411 2321 1468 habet
2367 1431 2555 1486 magna
2601 1421 2718 1474 vita:
2763 1423 2984 1492 agendae
3028 1427 3272 1496 ratione,
3319 1442 3372 1485 et
3402 1434 3558 1503 longe

1974 1499 2163 1568 majori
2193 1517 2349 1571 quam
2379 1515 2548 1561 vetus.
2581 1509 2712 1564 Nam
2740 1513 2829 1582 qui
2860 1515 3028 1570 Deum
3059 1519 3207 1573 novit
3231 1560 3245 1584 ,
3279 1529 3332 1576 et
3359 1499 3555 1593 dignus

1972 1601 2056 1646 est
2094 1592 2305 1648 habitus
2321 1596 2410 1665 qui
2435 1597 2527 1652 Dei
2551 1609 2694 1655 esset
2721 1617 2927 1671 servus,
2961 1606 3066 1662 imo
3094 1623 3222 1662 vero
3246 1609 3405 1678 ﬁlius,
3429 1592 3558 1668 rvidc

1971 1693 2166 1752 quanta
2203 1699 2336 1754 opus
2364 1687 2556 1744 habeat
2595 1691 2808 1748 vi—rtute.
2841 1695 2928 1748 ll.
2958 1695 3025 1751 1η
3057 1701 3194 1752 οηιηὶ
3216 1702 3398 1756 virtute
3432 1721 3555 1759 con-

1970 1777 2161 1846 fortati.
2190 1778 2286 1833 Hic
2309 1779 2436 1834 dicit
2464 1781 2531 1836 de
2557 1785 2937 1842 tentationibus
2963 1799 3018 1842 et
3045 1794 3508 1859 persecutionibus
3539 1813 3552 1847 τ

1969 1867 2195 1923 Oramus
2226 1877 2282 1924 ut
2316 1870 2640 1943 impleamini
2686 1877 3049 1944 corroborati,
3096 1895 3162 1935 ne
3194 1887 3507 1952 torpescatis
3532 1927 3548 1953 ,

1969 1976 2141 2030 neque
2179 1963 2415 2017 animum
2471 1964 2868 2036 despondeatis.
2921 1969 3216 2025 Secundum
3275 1978 3551 2045 potentiam

1967 2051 2211 2105 claritatis
2239 2054 2368 2121 ejus.
2389 2053 2459 2110 Ut
2484 2057 2777 2126 accipiatis,
2810 2059 2998 2129 inquit,
3022 2077 3140 2117 eam
3168 2063 3331 2120 animi
3358 2067 3550 2122 alacri-

1969 2149 2151 2210 tatem,
2183 2159 2342 2214 quam
2365 2145 2478 2216 ejus
2508 2147 2690 2217 gloriae
2718 2147 3086 2207 fortitudinem
3112 2153 3264 2210 decet
3305 2156 3457 2212 dare.
3481 2158 3548 2213 In

1966 2234 2104 2286 omni
2126 2235 2368 2302 patientia
2393 2247 2439 2290 et
2461 2237 2859 2310 longanimitate.
2892 2243 3048 2311 Quod
3077 2245 3226 2314 dicit,
3263 2257 3345 2303 est
3366 2249 3547 2318 hujus-

1965 2326 2109 2380 modi
2138 2344 2151 2380 :
2183 2327 2458 2394 Breviter,
2487 2329 2691 2401 inquit,
2717 2348 2930 2388 oramus
2973 2345 3032 2390 ut
3057 2352 3152 2392 vos
3182 2340 3345 2394 vitam
3373 2343 3543 2411 agatis

1964 2432 2028 2472 ex
2057 2419 2273 2488 virtute,
2304 2420 2626 2493 dignamque
2649 2435 2827 2481 vestro
2855 2427 3067 2484 vivendi
3092 2430 3354 2496 instituto,
3384 2432 3541 2488 forti-

1965 2521 2149 2583 terque
2170 2529 2234 2570 ac
2259 2515 2482 2572 ﬁrmiter
2512 2519 2666 2573 stetis
2706 2522 3061 2589 corroborati,
3084 2531 3142 2578 ut
3171 2535 3383 2594 oportet
3413 2542 3506 2582 eos
3525 2571 3542 2594 ,

1962 2607 2051 2676 qui
2081 2622 2111 2661 a
2145 2609 2252 2664 Deo
2278 2617 2403 2663 sunt
2428 2612 2781 2667 corroborati.
2805 2613 3092 2684 Propterea
3126 2617 3362 2672 nondum
3390 2622 3544 2674 attin-

1960 2701 2036 2769 git
2062 2699 2332 2771 dogmata,
2362 2710 2416 2755 et
2439 2702 2492 2756 in
2518 2703 2624 2757 vita
2655 2713 2915 2768 versa-tur,
2950 2707 3038 2760 ubi
3067 2708 3196 2762 nihil
3217 2708 3375 2764 habet
3394 2712 3541 2779 quod

1961 2789 2353 2858 reprehendat;
2395 2799 2450 2846 et
2491 2808 2609 2847 cum
2641 2808 2735 2849 cos
2779 2794 3047 2851 laudasset
3075 2799 3125 2852 iu
3155 2814 3262 2868 quo
3290 2799 3542 2856 laudandi

1959 2889 2147 2950 erant,
2195 2890 2320 2937 tunc
2368 2883 2572 2939 accedit
2616 2885 2684 2940 ad
2721 2889 3136 2944 accusationem.
3184 2891 3293 2945 lloc
3338 2891 3536 2962 ubique

1959 2969 2136 3039 facit,
2194 2974 2406 3045 quando
2453 2975 2638 3031 scribit
2680 2978 2746 3033 ad
2813 2979 3038 3050 aliquos.
3088 2981 3144 3037 Si
3193 2982 3387 3038 habeat
3443 2985 3541 3038 ali-

1957 3065 2081 3134 quid
2128 3066 2269 3136 quod
2314 3067 2671 3137 reprehendat
2709 3110 2726 3139 ,
2780 3081 2833 3127 et
2893 3074 3092 3144 aliquid
3139 3075 3277 3144 quod
3325 3075 3536 3142 laudet;

1956 3155 2102 3225 prius
2128 3156 2309 3212 laudat
2328 3167 2382 3214 et
2412 3167 2537 3215 tunc
2561 3160 2839 3217 descendit
2865 3162 2931 3218 ad
2953 3165 3194 3218 crimina.
3217 3165 3370 3220 Prius
3394 3168 3539 3222 enim

1957 3247 2055 3303 sibi
2081 3249 2331 3303 conciliat
2374 3259 2428 3304 et
2458 3253 2776 3308 benevolum
2817 3254 2992 3309 reddit
3018 3255 3350 3324 auditorem;
3379 3273 3538 3314 accu-

1955 3337 2217 3393 sationem
2251 3339 2442 3395 liberat
2471 3343 2538 3397 ab
2577 3344 2721 3397 omni
2749 3345 3051 3414 suspicione
3073 3389 3087 3413 ,
3118 3355 3172 3402 et
3204 3349 3437 3404 ostendit
3477 3364 3538 3405 se

1954 3430 2166 3501 quidem
2199 3431 2336 3486 velle
2358 3433 2577 3487 omnino
2607 3435 2842 3502 laudare,
2873 3437 2965 3492 sed
2987 3438 3054 3492 ad
3089 3453 3149 3494 ea
3176 3439 3402 3494 dicenda
3431 3440 3536 3494 im-

1953 3522 2077 3592 pelli
2105 3538 2132 3576 a
2161 3525 2500 3580 necessitate.
2530 3525 2641 3580 lloc
2681 3527 2840 3582 etiam
2882 3529 3007 3584 facit
3055 3531 3106 3584 in
3139 3532 3303 3600 priori
3342 3532 3407 3586 ad
3437 3531 3538 3588 Co-

1952 3615 2176 3670 rinthios
2212 3617 2256 3688 (l
2272 3654 2285 3668 .
2314 3615 2430 3670 Cor.
2447 3618 2526 3688 5).
2545 3617 2678 3673 Nam
2700 3635 2820 3675 cum
2839 3636 2932 3676 eos
2954 3623 3239 3692 plurimum
3259 3624 3536 3680 laudasset

1953 3716 2010 3761 ut
2040 3708 2128 3778 qui
2155 3709 2326 3778 ipsum
2351 3709 2654 3779 diligerent,
2688 3721 2813 3767 tunc
2837 3716 2906 3768 ab
2935 3729 3001 3770 eo
3045 3716 3134 3785 qui
3167 3715 3339 3771 fuerat
3361 3715 3528 3771 forni-

1950 3809 2098 3854 catus
2115 3799 2390 3855 descendit
2410 3801 2478 3855 ad
2494 3805 2909 3860 accusationem.
2937 3805 2992 3859 In
3012 3807 3250 3876 Epistola
3272 3817 3446 3862 autem
3466 3808 3534 3862 ad

1951 3890 2164 3946 Galatas
2196 3891 2219 3964 (
2237 3891 2407 3947 Galat.
2435 3894 2458 3947 l
2487 3896 2504 3964 )
2539 3906 2644 3949 non
2691 3896 2762 3949 ita
2785 3937 2800 3962 ,
2827 3896 2922 3952 sed
2974 3909 3192 3953 contra:
3241 3899 3350 3954 imo
3399 3915 3533 3954 vero

1948 3986 1991 4038 si
2022 3985 2283 4053 quiSpiam
2315 3987 2733 4055 examinaverit,
2767 3989 2852 4044 illa
2896 4006 3108 4060 quoque
3137 4001 3222 4048 est
3257 4007 3322 4047 ex
3367 3992 3526 4046 laude

1947 4075 2236 4130 accusatio.
2267 4075 2397 4130 Nam
2443 4079 2693 4148 quoniam
2743 4081 2873 4135 nihil
2922 4091 3128 4150 poterat
3160 4082 3344 4138 dicere
3381 4085 3528 4153 quod

1949 4165 2048 4235 ipsi
2076 4176 2223 4221 recte
2250 4172 2562 4238 gessissent,
2592 4178 2647 4224 et
2669 4171 2874 4225 crimen
2905 4181 3022 4226 erat
3047 4173 3338 4228 vehemens
3364 4214 3378 4238 ,
3407 4190 3529 4229 om-

1948 4271 2149 4327 nesque
2173 4258 2413 4326 corrupti
2437 4268 2612 4324 erant,
2644 4270 2697 4314 et
2735 4260 2873 4315 ferre
2905 4271 3148 4330 poterant
3195 4279 3315 4318 cum
3347 4279 3531 4321 essent

1947 4347 2132 4413 fortes,
2158 4349 2342 4416 incipit
2357 4349 2425 4402 ab
2449 4351 2788 4406 accusatione
2810 4351 2993 4408 dicens
3016 4372 3028 4408 :
3047 4353 3212 4408 Miror
3227 4355 3275 4422 (Ι
3283 4355 3530 4426 bid.v.6).

1945 4438 2305 4506 Quamobrem
2324 4439 2425 4494 hoc
2450 4456 2662 4511 quoque
2691 4453 2773 4498 est
2794 4446 3115 4500 encomium.
3142 4446 3330 4502 Postea
3349 4457 3529 4503 autem

1945 4545 2040 4585 eos
2084 4530 2316 4598 laudat,
2357 4547 2464 4588 non
2513 4544 2733 4604 propter
2792 4537 3101 4605 pra‘sentia,
3169 4538 3260 4592 sed
3313 4549 3532 4610 propter

1946 4622 2215 4692 prmterita
2243 4662 2258 4688 ,
2307 4623 2492 4678 dicens
2525 4642 2538 4676 :
2572 4625 2634 4678 Si
2683 4625 2795 4693 ﬁeri
2824 4626 3096 4693 potuisset,
3124 4627 3296 4681 oculos
3339 4639 3529 4684 vestros

1946 4723 2112 4766 erutos
2151 4713 2275 4767 mihi
2301 4713 2562 4784 dedissetis
2589 4713 2748 4784 (Ibid.
2770 4715 2823 4769 4.
2848 4715 2957 4785 15).

2014 4803 2067 4856 2.
2112 4802 2518 4873 Fructi/icantes,
2549 4804 2755 4874 inquit:
2780 4804 2882 4861 hoc
2903 4806 2970 4861 de
2990 4809 3266 4878 operibus.
3297 4812 3528 4884 Confer-

1947 4893 2036 4946 tati
2066 4909 2084 4946 :
2113 4892 2217 4948 hoc
2244 4894 2311 4948 de
2334 4894 2736 4949 tentationibus.
2778 4895 2844 4950 In
2873 4898 3008 4952 omni
3055 4901 3298 4970 patientia
3333 4913 3380 4956 et
3417 4904 3531 4957 lon-

1945 4986 2239 5056 ganimitate
2265 5001 2284 5040 :
2315 4986 2718 5056 longanimitate
2747 5003 2840 5044 seu
2877 4989 3099 5048 lenitate
3130 4995 3267 5049 inter
3303 5009 3360 5049 se
3379 5035 3394 5058 .
3427 5011 3526 5065 pa-

1948 5076 2128 5130 tientia
2157 5092 2279 5146 erga
2321 5085 2597 5133 externos.
2640 5078 2984 5150 Longanlmis
3008 5085 3151 5139 enim
3179 5099 3242 5140 ac
3282 5085 3416 5141 lenis
3441 5099 3527 5143 est

1945 5167 2206 5238 quispiam
2237 5168 2289 5221 in
2321 5183 2414 5222 eos
2459 5184 2594 5238 quos
2638 5171 2798 5226 etiam
2848 5183 3026 5243 potest
3064 5177 3286 5240 ulcisci;
3333 5176 3527 5231 tolerat

1944 5274 2073 5313 vero
2103 5273 2196 5312 eos
2212 5274 2424 5329 quoque
2443 5275 2576 5328 quos
2603 5277 2706 5316 nan
2728 5273 2901 5332 potest
2932 5266 3134 5320 ulcisci.
3157 5267 3442 5337 Propterea
3465 5270 3518 5322 in

1946 5349 2056 5404 Deo
2095 5349 2305 5419 quidem
2337 5367 2624 5421 numquam
2656 5353 2846 5408 dicitur
2868 5361 3076 5424 tinguant
3106 5371 3199 5410 seu
3230 5359 3520 5427 patientia;

1946 5443 2318 5514 longanimitas
2343 5453 2518 5499 autem
2551 5456 2604 5499 ct
2623 5446 2812 5500 lenitas
2837 5462 2979 5515 szepe
2999 5447 3195 5504 dicitur
3225 5468 3238 5504 :
3265 5451 3399 5505 sicut
3432 5451 3520 5505 hic

1943 5533 2056 5602 ipse
2085 5549 2292 5604 quoque
2319 5536 2506 5590 beatus
2535 5536 2720 5590 scribit
2757 5537 2880 5591 alibi
2909 5578 2924 5602 ,
2953 5537 3139 5594 dicens
3170 5559 3183 5594 :
3212 5541 3287 5595 An
3316 5542 3514 5595 divitias

1944 5626 2176 5680 bonitatis
2202 5627 2309 5694 ejus
2339 5637 2386 5681 et
2415 5627 2692 5683 lolcrantiw
2719 5639 2764 5683 et
2791 5629 3187 5698 longanimitatis
3239 5648 3332 5685 con
3355 5634 3513 5687 cuiuis

3109 5729 3189 5789 20
