4064 6210
521 240 618 297 3η

527 355 702 426 (liam.
741 353 795 407 2.
844 351 943 421 4)?
978 349 1042 404 In
1079 348 1234 403 omni.
1278 345 1391 400 Non
1430 359 1571 399 nunc
1614 343 1874 414 quidem',
1915 351 2101 412 postea

524 456 703 500 autem
732 445 970 498 minime.
1000 439 1064 495 In
1092 439 1247 504 omni,
1279 435 1467 506 inquit,
1499 435 1748 504 sapientia
1773 442 1819 487 et
1848 433 2101 487 intellectu

522 537 798 605 spirituali.
849 536 1018 590 Aliter
1045 534 1188 588 enim
1229 545 1334 585 non
1385 530 1506 583 licet
1545 528 1658 596 ejus
1700 539 1989 596 agnoscere
2017 538 2102 577 vo-

525 628 808 682 luntatem.
851 626 1008 696 Atqui
1038 622 1413 680 existimabant
1454 633 1512 673 se
1538 619 1655 688 ejus
1691 617 1889 671 habere
1914 617 2103 670 volun-

522 729 683 775 tatem
709 735 722 782 ;
744 717 839 772 sed
863 733 966 771 non
991 725 1105 772 erat
1130 713 1419 784 spiritualis
1444 712 1721 780 sapientia.
1746 709 1812 765 Ut
1839 709 2100 763 ambuletis

517 809 666 877 digne
699 807 829 860 Deo.
863 806 974 860 lloc
1007 807 1148 860 enim
1176 813 1259 860 est
1303 805 1385 856 via
1421 802 1606 871 Optimi
1647 802 1770 855 vita:
1795 801 2018 855 instituti
2045 808 2100 854 et

517 907 677 952 recta:
706 899 1128 952 conversationis
1149 915 1166 954 ἒ
1189 912 1312 952 nam
1333 898 1421 967 qui
1442 897 1532 950 Dei
1550 896 1792 950 didicerit
1811 895 2098 965 benignita-

518 999 654 1052 tem;
677 991 849 1046 discet
868 999 1044 1046 autem
1085 991 1128 1044 si
1151 989 1343 1044 viderit
1365 988 1611 1042 traditum
1635 988 1860 1052 Filium;
1885 987 2101 1043 habebit

516 1083 771 1150 majorem
791 1082 1320 1137 animialacritatem.
1354 1081 1565 1150 Alioqui
1586 1091 1763 1135 autem
1793 1096 1895 1135 non
1925 1083 2095 1135 solum

519 1187 753 1236 oramus,
779 1181 838 1227 ut
869 1173 1087 1228 discatis
1110 1213 1123 1237 ,
1144 1172 1236 1228 sed
1257 1173 1414 1227 etiam
1444 1181 1497 1226 ut
1521 1172 1571 1225 in
1590 1172 1739 1226 factis
1759 1173 2050 1227 ostendatis
2079 1190 2092 1226 :

519 1277 638 1316 nam
669 1263 755 1332 qui
781 1263 926 1316 novit
946 1277 1044 1317 uec
1070 1271 1245 1316 tamen
1286 1262 1408 1317 fecit
1431 1303 1446 1328 ,
1475 1271 1556 1316 est
1585 1264 1743 1317 etiam
1773 1262 2090 1332 puniendus.

521 1349 587 1404 Ut
618 1368 721 1413 ros,
748 1351 933 1421 inquit,
958 1352 1236 1404 ambuletis.~
1259 1351 1369 1405 Hoc
1390 1359 1492 1418 est,
1515 1366 1726 1420 semper
1744 1372 1759 1417 ;
1779 1366 1885 1406 non
1905 1353 2091 1418 semel,

517 1442 609 1495 sed
639 1451 914 1512 perpetuo.
936 1441 1085 1498 Sicut
1106 1445 1248 1497 enim
1270 1444 1542 1498 ambulare
1565 1443 1718 1498 nobis
1742 1452 1824 1498 est
1849 1459 2093 1499 necessa-

513 1533 673 1597 rium,
691 1533 759 1586 ita
787 1533 944 1588 etiam
966 1543 1110 1590 recte
1129 1535 1334 1598 vivere;
1363 1542 1417 1588 et
1439 1535 1486 1588 id
1509 1549 1723 1603 semper
1740 1545 1895 1589 vocat
1918 1536 2095 1590 ambu-

519 1620 790 1687 lationem,
822 1633 874 1677 et
901 1624 1113 1687 merito,
1142 1623 1431 1678 ostendens
1460 1625 1597 1679 hanc
1622 1638 1740 1679 esse
1773 1624 1935 1679 vitam
1976 1643 2091 1694 quae

513 1720 595 1764 est
619 1712 771 1766 nobis
789 1713 1093 1782 proposita:
1117 1713 1212 1768 sed
1245 1713 1512 1768 mundana
1536 1729 1646 1769 non
1664 1724 1744 1770 est
1765 1715 2087 1785 ltujusmodi.

512 1803 697 1873 Magna
737 1813 917 1859 autem
961 1814 1044 1860 est
1090 1806 1225 1864 laus.
1264 1806 1330 1862 Ut
1374 1808 1675 1876 ambuletis,
1710 1810 1912 1880 inquit,
1942 1812 2091 1882 digne

482 1933 484 1935 .
513 1892 755 1961 Domino,
786 1903 842 1950 et
870 1895 937 1950 In
969 1898 1108 1952 omni
1131 1913 1281 1968 opere
1301 1898 1460 1965 bono,
1495 1909 1551 1955 ut
1574 1915 1788 1969 semper
1813 1904 2085 1971 crescatis,

509 1992 564 2037 et
589 1998 848 2053 nusquam
877 1985 1112 2053 sistatis;
1152 1996 1206 2043 et
1230 1989 1624 2059 metaphorice,
1659 1990 1904 2046 Fructum
1932 1998 2089 2064 feren-

509 2083 597 2137 tes,
630 2082 678 2128 et
706 2085 982 2130 crescentes
1009 2077 1062 2130 in
1107 2079 1364 2149 agnitione
1392 2079 1488 2135 Dei
1516 2098 1534 2144 ,°
1577 2089 1635 2136 ut
1673 2084 1750 2138 sic
1773 2085 2088 2140 corrobore-

508 2166 639 2220 mini
661 2168 954 2223 secundum
979 2171 1266 2238 potentiam
1291 2171 1406 2237 Dei,
1430 2185 1683 2242 quantum
1706 2175 1866 2230 homo
1889 2185 2083 2246 potest.

511 2254 618 2308 Per
637 2259 914 2324 potentiam
939 2261 1069 2328 ejus.
1097 2258 1282 2332 Magna
1308 2263 1624 2317 consolatio.
1645 2263 1760 2318 Non
1788 2266 1943 2332 dixit,
1968 2266 2088 2322 Vir-

507 2355 674 2402 tutem
697 2358 788 2402 aut
808 2357 1153 2419 potestatem,
1177 2352 1270 2406 sed
1294 2351 1604 2420 Potentiam,
1626 2355 1766 2424 quod
1788 2365 1870 2412 est
1889 2358 2082 2426 majus.

507 2438 611 2492 Per
636 2441 944 2508 potentiam,
973 2440 1180 2512 inquit,
1212 2457 1305 2497 seu
1333 2443 1663 2500 dominatum
1686 2486 1702 2512 ,
1729 2448 1908 2518 gloria:
1933 2450 2042 2518 ejus
2065 2466 2085 2514 ;

505 2532 626 2600 quia
655 2531 848 2602 ubique
872 2531 1043 2602 gloria
1085 2533 1201 2604 ejus
1243 2535 1522 2605 imperium
1550 2538 1777 2594 obtinet.
1808 2539 1925 2594 iam
1953 2556 2083 2596 con-

504 2623 706 2678 solatus
737 2632 837 2691 est,
869 2625 1010 2694 quod
1036 2641 1160 2682 cum
1187 2628 1239 2681 in
1271 2629 1471 2699 probro
1497 2639 1552 2685 et
1579 2631 1847 2688 dedecore
1869 2635 2079 2700 essetis,

503 2731 688 2770 rursus
711 2717 1024 2773 ambulastis
1045 2719 1203 2789 digne
1230 2721 1478 2777 Domino.
1513 2723 1590 2778 De
1619 2725 1755 2779 Filio
1781 2725 1909 2781 dicit
1931 2727 2080 2794 illud,

504 2805 643 2876 quod
676 2805 789 2875 ipse
819 2807 1014 2878 ubique
1063 2810 1344 2879 imperium
1384 2822 1438 2866 et
1466 2812 1800 2869 dominatum
1841 2815 2083 2872 obtineat

502 2905 557 2951 ct
588 2897 638 2951 in
661 2897 796 2953 caelo
817 2907 872 2954 et
897 2899 948 2952 in
967 2908 1125 2964 terra,
1146 2900 1289 2969 quod
1312 2900 1428 2971 ejus
1453 2901 1619 2972 gloria
1648 2903 1842 2974 ubique
1873 2918 2079 2977 regnet.

502 2987 618 3042 Non
647 2988 779 3043 dixit
812 2997 1016 3043 tantum
1039 3031 1054 3055 ,
1087 2988 1495 3057 Confortamini,
1531 2994 1627 3048 sed
1660 3005 1714 3049 ut
1759 3011 1853 3065 par
1881 3009 1964 3053 est
1987 3015 2080 3054 eos

500 3081 593 3147 qui
623 3079 851 3133 Domino
882 3088 988 3135 tam
1021 3079 1144 3134 forti
1175 3082 1437 3148 serviunt,
1468 3081 1532 3138 In
1557 3083 1652 3138 Dei
1685 3087 1958 3157 agnitione.
1993 3088 2081 3145 Si-

489 3169 614 3223 mul
635 3170 791 3223 etiam
814 3170 1023 3240 attingit
1049 3171 1309 3226 rationem
1333 3174 1652 3243 cognitionis
1676 3193 1690 3230 :
1714 3192 1866 3232 error
1886 3180 2081 3250 quippe

479 3267 603 3323 ost,
644 3259 810 3313 Deum
839 3275 944 3314 non
988 3269 1043 3314 ut
1073 3271 1286 3330 oportet
1327 3279 1507 3320 nosse.
1550 3268 1656 3320 Aut
1687 3276 1742 3322 ut
1779 3272 2035 3325 crescatis
2061 3313 2076 3338 ,

501 3349 692 3418 inquit,
723 3350 772 3403 in
807 3349 898 3404 Dei
936 3352 1226 3422 agnitione.
1257 3353 1389 3409 Nam
1433 3357 1478 3411 si
1516 3357 1606 3427 qui
1649 3358 1840 3414 Filium
1873 3364 2073 3428 nescit,

500 3455 601 3494 nec
627 3439 840 3497 Patrem
866 3442 1082 3512 quidem
1105 3446 1240 3511 scit,
1271 3448 1462 3503 merito
1487 3463 1620 3518 opus
1651 3460 1732 3505 est
1763 3453 2031 3522 agnitione
2062 3473 2075 3508 :

499 3531 697 3587 otetnm
725 3532 924 3604 absque
953 3533 1038 3588 illa
1070 3535 1142 3589 nil
1169 3537 1388 3605 prodest
1420 3539 1550 3594 vita.
1582 3539 1649 3594 In
1680 3544 1817 3595 omni
1837 3545 2080 3613 patientia

499 3632 544 3674 ct
568 3623 967 3692 longanimitate,
995 3625 1184 3696 inquit,
1209 3643 1323 3681 eum
1345 3629 1551 3698 gaudio,
1584 3629 1668 3685 12.
1698 3634 1892 3702 gratias
1917 3651 2078 3704 agen-

499 3724 570 3769 tes
601 3714 729 3769 Deo.
769 3715 972 3771 Deinde
998 3731 1093 3771 eos
1129 3718 1512 3776 exhortaturus
1532 3761 1546 3783 ,
1579 3737 1683 3775 non
1715 3725 1962 3779 meminit
1985 3740 2079 3780 eo-

500 3819 617 3858 rum
648 3819 766 3873 quae
802 3814 927 3860 sunt
952 3807 1032 3863 eis
1069 3809 1380 3865 recondita:
1409 3811 1504 3865 sed
1535 3811 1635 3866 hoc
1664 3815 1877 3882 quidem
1921 3817 2078 3873 tacite

498 3895 836 3964 significavit,
870 3897 1052 3949 dicens
1081 3898 1262 3964 initio,
1295 3899 1513 3969 Propter
1540 3919 1681 3972 spem
1717 3922 1831 3975 qua:
1856 3911 2078 3976 reposita

498 3994 570 4041 est
599 3985 735 4040 vobis
769 3986 822 4040 in
865 3989 1001 4043 etatis
1027 4004 1046 4042 :
1075 3988 1164 4043 hic
1209 3999 1385 4046 autem
1439 3995 1684 4051 meminit
1729 4010 1914 4054 eorum
1958 4019 2076 4072 quae

494 4077 603 4146 jam
645 4077 858 4134 fuerunt
904 4097 919 4134 :
966 4079 1080 4135 haec
1123 4083 1266 4137 enim
1309 4093 1433 4139 sunt
1476 4100 1650 4142 causa:
1687 4089 1916 4146 illorum.
1963 4095 2076 4152 lloc

497 4181 658 4239 porro
688 4166 814 4223 facit
855 4169 905 4223 in
949 4171 1127 4225 multis
1159 4171 1312 4227 locis.
1342 4173 1474 4228 Nam
1518 4191 1638 4245 quae
1671 4179 1780 4248 jam
1825 4181 2072 4252 fuerunt,

497 4257 656 4312 fidem
682 4259 898 4326 faciunt,
920 4267 974 4316 et
1002 4262 1170 4333 magis
1199 4263 1432 4320 excitant
1454 4267 1770 4324 auditorem.
1799 4271 1924 4327 Cum
1947 4293 2076 4345 gau-

495 4350 601 4415 dio,
634 4351 840 4421 inquit,
869 4355 1060 4424 gratias
1085 4365 1287 4426 agentes
1317 4355 1446 4414 Deo.
1478 4358 1604 4415 Hatc
1631 4371 1714 4418 est
1736 4378 2074 4438 consequen-

493 4443 567 4497 tia
602 4460 614 4496 :
645 4443 761 4499 Non
785 4459 1058 4502 cessamus
1083 4463 1240 4505 orare
1267 4464 1366 4520 pro
1394 4452 1548 4508 vobis
1567 4494 1583 4521 ,
1615 4464 1669 4510 et
1694 4461 1890 4526 gratias
1914 4476 2074 4532 agere

493 4535 562 4590 de
592 4536 879 4624 prioribus.
922 4537 1083 4596 Vides
1112 4542 1382 4612 quomodo
1421 4544 1537 4615 ipse
1561 4551 1899 4619 aggrediatur
1927 4553 2072 4624 loqui

491 4624 561 4680 tle
589 4623 724 4682 Filio
743 4627 927 4685 TNam
951 4632 997 4687 si
1027 4647 1147 4687 cum
1173 4648 1368 4706 magno
1393 4637 1588 4706 gaudio
1618 4641 1817 4709 gratias
1842 4623 2069 4713 agimus,

500 4730 690 4786 magna
716 4728 840 4774 sunt
865 4736 984 4792 qua:
1003 4722 1272 4781 dicuntur.
1296 4724 1432 4783 Nam
1454 4736 1508 4785 et
1531 4731 1718 4801 gratia:
1740 4734 1823 4803 agi
1853 4745 2074 4804 possunt

447 4845 451 4850 ι
480 4819 709 4878 propter
741 4810 913 4866 solum
949 4825 1186 4882 metum;
1215 4828 1438 4887 possunt
1463 4823 1623 4877 etiam
1664 4823 1749 4893 agi
1789 4825 1976 4894 gratiae
2001 4829 2069 4883 ab
2111 4867 2119 4874 -

489 4913 560 4955 co
585 4900 670 4969 qui
705 4909 790 4954 est
818 4902 871 4956 in
915 4917 1150 4961 moerere
1181 4922 1194 4960 :
1227 4917 1286 4963 ut
1319 4919 1465 4980 puta,
1496 4911 1599 4969 Job
1623 4913 1840 4986 quidem
1882 4917 2073 4987 agebat

445 5023 450 5046 ;
492 4991 710 5060 gratias,
743 4991 838 5046 sed
866 4993 1053 5051 dolore
1077 4995 1298 5055 affectus
1321 5019 1336 5056 :
1361 5002 1588 5076 ideoque
1618 5006 1852 5077 dicebat,
1890 5008 2071 5065 Domi-
2107 5065 2110 5067 λ

495 5098 590 5136 nus
619 5081 755 5138 dedit
777 5124 791 5148 ,
847 5081 1099 5142 Dominus
1131 5089 1338 5147 abstulit
1363 5094 1484 5166 (Job
1509 5099 1559 5154 i.
1608 5101 1723 5172 2|).
1768 5103 1848 5161 Ne
1875 5102 2024 5162 dicas
2053 5145 2069 5172 ,
2106 5133 2118 5151 ν-

435 5209 446 5216 .
486 5185 596 5227 non
617 5172 805 5271 dolare
826 5189 947 5232 eum
968 5177 1208 5236 affecisse
1233 5197 1294 5238 ea
1321 5199 1440 5256 qum
1466 5187 1605 5245 facta
1634 5191 1864 5266 fuerant,
1897 5213 2068 5271 neque
2113 5221 2118 5232 ι

438 5299 452 5308 ..
489 5277 611 5360 eum
637 5263 880 5333 injecisse
903 5268 957 5324 in
977 5271 1138 5327 animi
1163 5275 1554 5348 :egritudinem,
1578 5298 1645 5338 ne
1661 5284 1791 5355 justi
1814 5263 2062 5360 magnum

443 5385 448 5391 ι
489 5351 698 5410 auferas
724 5360 1048 5414 encomium.
1083 5361 1216 5418 Cum
1247 5377 1423 5423 autem
1457 5371 1571 5428 hzec
1599 5351 1707 5430 sint
1738 5351 2060 5451 hujusmodi,

489 5459 597 5498 non
619 5457 838 5515 propter
861 5459 1060 5508 metum
1080 5494 1096 5519 ,
1126 5470 1297 5527 neque
1328 5469 1547 5531 propter
1574 5464 1902 5524 dominatum
1942 5481 2061 5528 tan-

490 5543 625 5626 tum,
659 5537 751 5591 sed
783 5541 943 5596 etiam
971 5549 1378 5620 propteripsam
1410 5568 1585 5610 rerum
1622 5567 1898 5626 naturam,
1927 5561 2062 5617 Gra-

441 5625 586 5687 .,Jias
611 5627 810 5698 agimus
845 5632 892 5684 ei
909 5671 923 5703 ,
951 5635 1038 5702 qui
1081 5637 1260 5709 dignos
1304 5658 1394 5695 nos
1433 5644 1639 5714 fecitiu
1675 5656 2064 5721 partemsartis

1243 232 1299 287 S.
1338 227 1611 287 JOANNIS
1643 221 2112 284 CllRYSOS’l‘OMl
2151 220 3028 283 ARCHIER‘CONSTANTI’NOP.

3675 235 3794 292 δη

2205 349 2490 395 sanctorum
2515 342 2566 395 in
2597 342 2807 397 lumine.
2833 343 3072 414 Magnam
3101 359 3214 400 rem
3237 343 3488 417 loquutus
3509 357 3607 406 est.
3633 351 3793 409 Talia

2203 439 2464 501 suntquae
2494 432 2614 486 data
2645 443 2789 498 sunt,
2835 435 3043 504 inquit,
3076 445 3134 490 ut
3179 451 3287 492 non
3330 439 3504 494 solum
3535 441 3745 498 dederit
3772 487 3791 508 ,

2202 523 2294 578 sed
2323 524 2482 578 etiam
2515 523 2679 579 fortes
2701 524 2890 580 fecerit
2909 526 2974 580 ad
2997 527 3392 597 accipiendum.
3423 531 3574 598 Quod
3599 543 3790 588 autem

2202 611 2352 676 dixit,
2388 611 2450 665 Ei
2479 613 2565 682 qui
2587 614 2766 683 dignos
2795 631 2886 668 nos
2914 616 3051 684 fecit,
3078 633 3325 688 magnum
3359 621 3566 689 pondus
3591 631 3791 678 osten-

2202 702 2296 756 dit.
2333 702 2399 757 Ut
2432 704 2477 758 si
2504 706 2764 774 quispiam
2789 706 2985 761 infimae
3009 708 3329 764 conditionis
3355 725 3450 766 rex
3475 712 3643 768 factus
3665 714 3794 770 fne-
3868 713 3872 722 ’

2201 795 2290 861 rit,
2320 806 2497 864 potest
2519 797 2604 851 cui
2626 798 2754 853 velit
2779 798 2907 853 dare
2929 800 3295 868 prmfecturam
3322 821 3337 866 ;
3366 813 3420 859 et
3445 805 3581 860 hanc
3607 808 3788 865 solam

2201 888 2248 941 ei
2280 897 2452 955 potest
2481 887 2609 944 dare
2633 890 2941 960 dignitatem
2960 933 2974 956 ,
3005 893 3100 948 sed
3129 909 3233 948 non
3275 896 3523 953 idoneum
3549 900 3790 958 reddere

2198 978 2265 1032 ad
2291 979 2580 1047 gerendum
2612 983 2977 1051 magistratum
3013 984 3176 1053 (saepe
3205 987 3364 1040 etiam
3402 988 3556 1043 talem
3584 1005 3786 1060 quem-

2199 1071 2338 1139 piam
2382 1071 2661 1127 ridiculum
2696 1073 2822 1127 facit
2873 1075 3123 1144 honor):
3155 1076 3198 1130 si
3240 1086 3416 1132 autem
3459 1078 3782 1149 dignitatem

2195 1160 2435 1225 dederit,
2467 1172 2520 1216 et
2551 1173 2730 1232 aptum
2773 1164 2962 1220 fecerit
2991 1166 3058 1220 ad
3095 1166 3354 1222 honorem
3377 1209 3391 1232 ,
3428 1178 3485 1224 et
3522 1171 3779 1228 idoneum

2196 1253 2260 1305 ad
2284 1253 2818 1320 administrationem,
2847 1265 2973 1312 tunc
2993 1273 3054 1312 ea
3085 1273 3170 1312 res
3191 1267 3274 1314 est
3295 1259 3486 1314 honor.
3510 1261 3622 1316 Hoc
3641 1278 3780 1334 ergo

2198 1343 2283 1397 hic
2311 1359 2522 1413 quoque
2545 1344 2703 1410 dicit,
2743 1347 2882 1416 quod
2911 1362 3014 1401 non
3052 1348 3223 1402 solum
3255 1349 3408 1404 nobis
3434 1351 3638 1406 dederit
3666 1352 3778 1408 lto-

2195 1447 2402 1498 norem,
2437 1435 2530 1488 sed
2558 1438 2715 1488 etiam
2745 1437 2907 1490 fortes
2939 1436 3127 1490 fecerit
3154 1438 3220 1492 ad
3250 1439 3635 1509 accipiendum.

2265 1525 2317 1579 '5.
2364 1525 2562 1594 Duplex
2587 1541 2714 1596 ergo
2740 1536 2821 1581 est
2860 1526 2944 1580 hic
2973 1527 3163 1593 honor,
3192 1530 3333 1598 quod
3365 1539 3415 1583 et
3445 1530 3682 1598 dederit,
3709 1541 3778 1587 et

2193 1618 2502 1686 accipiendo
2524 1617 2664 1673 dono
2690 1618 2879 1674 fecerit
2902 1627 3076 1689 aptos.
3102 1619 3220 1673 Non
3246 1620 3379 1674 dixit
3406 1622 3772 1690 solummodo,

2197 1708 2298 1774 Qui
2325 1711 2500 1775 dedit,
2531 1711 2624 1765 sed
2651 1712 2811 1766 etiam
2837 1752 2850 1777 ,
2888 1713 2989 1779 Qui
3015 1713 3313 1782 sufﬁcientes
3339 1723 3385 1767 et
3413 1715 3617 1769 idoneos
3644 1717 3778 1786 fecit

2190 1799 2243 1853 in
2273 1811 2467 1870 partem
2502 1805 2653 1857 sortis
2693 1814 2986 1858 sanctorum
3028 1806 3080 1858 in
3126 1805 3342 1867 lumine.
3381 1807 3491 1862 Hoc
3527 1817 3606 1863 est
3629 1850 3649 1874 ,
3674 1811 3775 1879 qui

2191 1905 2290 1946 nos
2316 1893 2600 1948 collocavit
2620 1909 2740 1949 cum
2768 1897 2986 1950 sanctis.
3016 1895 3120 1951 Sed
3147 1911 3250 1950 non
3279 1899 3449 1952 solum
3473 1898 3636 1966 dixit,
3663 1899 3770 1967 Qui

2189 1982 2491 2048 collocavit,
2521 1985 2615 2040 sed
2641 1987 2824 2054 etiam,
2854 1987 2954 2054 Qui
2984 1987 3214 2056 praebuit
3243 1998 3297 2043 ut
3341 1990 3527 2044 iisdem
3561 1991 3771 2048 fruere-

2189 2087 2345 2126 mur:
2377 2088 2502 2142 pars
2530 2082 2612 2129 est
2639 2076 2782 2130 enim
2815 2077 2964 2142 illud,
2998 2078 3138 2148 quod
3167 2080 3528 2150 unusquisque
3551 2083 3768 2152 accipit.

2190 2162 2373 2217 Potest
2399 2163 2539 2218 enim
2573 2164 2689 2220 ﬁeri
2723 2175 2780 2220 ut
2806 2168 3067 2236 quispiam
3099 2169 3168 2222 sit
3206 2169 3257 2223 in
3287 2168 3471 2224 eadem
3514 2171 3765 2234 civitate.

2189 2270 2293 2310 non
2319 2265 2497 2311 autem
2524 2257 2732 2313 fruatur
2757 2259 2944 2314 iisdem
2976 2278 2988 2313 :
3014 2269 3072 2314 ut
3098 2269 3274 2316 autem
3305 2261 3543 2316 eamdem
3571 2261 3771 2318 habeat

2187 2358 2390 2417 partem
2411 2391 2425 2413 ,
2456 2357 2511 2404 et
2536 2364 2641 2404 non
2669 2349 2875 2405 fruatur
2899 2351 3084 2406 iisdem
3111 2393 3127 2416 ,
3173 2352 3388 2407 minime
3415 2367 3534 2407 esse
3563 2362 3767 2422 potest.

2187 2439 2330 2494 Fieri
2371 2449 2545 2508 pctest
2573 2449 2632 2495 ut
2670 2442 2741 2496 sit
2782 2442 2833 2494 in
2865 2441 3051 2496 eadem
3079 2451 3226 2497 sorte
3249 2482 3264 2508 ,
3298 2452 3352 2497 et
3384 2458 3487 2497 non
3515 2443 3765 2498 eamdem

2186 2529 2379 2586 habeat
2417 2541 2622 2601 partem
2649 2550 2662 2586 :
2686 2533 2919 2603 exempli
2949 2548 3109 2587 causa
3131 2575 3146 2600 ,
3176 2533 3230 2587 in
3258 2544 3403 2589 sorte
3432 2547 3615 2588 sumus
3639 2549 3765 2588 om-

2187 2637 2317 2686 nes,
2349 2622 2444 2676 sed
2480 2637 2584 2677 non
2623 2623 2866 2679 eamdem
2904 2623 3163 2679 habemus
3191 2633 3416 2693 partem.
3457 2625 3553 2680 llic
3578 2634 3761 2680 autem

2185 2729 2289 2768 non
2319 2715 2419 2769 hoc
2443 2715 2602 2781 dicit,
2633 2715 2728 2770 sed
2754 2716 2914 2771 etiam
2941 2726 3146 2784 partem
3168 2731 3289 2771 cum
3319 2725 3481 2771 sorte.
3512 2715 3620 2770 Cur
3639 2733 3763 2771 sar-

2186 2813 2290 2860 tem
2316 2805 2510 2860 vocat?
2531 2804 2834 2862 Ostendens
2858 2807 3126 2861 neminem
3151 2821 3216 2860 ex
3237 2805 3392 2860 bonis
3416 2806 3528 2860 suis
3552 2805 3763 2860 actibus

2184 2905 2238 2950 et
2261 2905 2406 2952 recte
2443 2895 2596 2951 factis
2631 2911 2850 2966 regnum
2882 2897 3095 2967 assequi
3130 2913 3144 2949 :
3177 2897 3272 2950 scd
3303 2906 3356 2949 ut
3383 2910 3500 2950 sors
3527 2911 3591 2950 ex
3620 2896 3764 2950 bono

2183 2998 2378 3046 eventu
2419 2990 2596 3061 potius
2625 2989 2851 3054 accidit,
2886 2989 2954 3043 ita
2991 2989 3076 3044 hic
3117 3003 3347 3058 quoque.
3387 2987 3576 3042 Nullus
3614 2988 3759 3042 enim

2186 3081 2292 3136 tale
2319 3081 2439 3135 vitae
2468 3096 2578 3136 suae
2610 3081 2908 3135 institutum
2937 3079 3178 3145 exhibet,
3200 3088 3258 3133 ut
3283 3078 3476 3148 dignus
3501 3077 3764 3133 habeatur

2183 3185 2351 3240 regno
2375 3213 2388 3238 ,
2419 3170 2512 3226 sed
2543 3179 2710 3225 totum
2751 3179 2833 3226 est
2857 3185 2922 3224 ex
2955 3170 3047 3224 Dei
3078 3169 3242 3224 dono.
3274 3168 3564 3237 Propterea
3592 3167 3758 3232 dicit,

2181 3261 2307 3317 Cum
2355 3263 2570 3333 feceritis
2639 3263 2839 3327 omnia,
2889 3261 3059 3328 dicite,
3111 3261 3254 3315 Serui
3304 3260 3504 3313 inutiles
3549 3275 3718 3313 sumus
3745 3274 3766 3312 :

2181 3373 2300 3411 nam
2361 3372 2475 3425 qua:
2516 3355 2775 3408 debuimus
2823 3356 3025 3424 facere,
3065 3353 3273 3424 fecimus
3301 3351 3466 3422 (Luc.
3509 3351 3600 3404 17.
3633 3349 3760 3420 i0).

2181 3448 2247 3503 In
2286 3457 2479 3519 partem
2521 3447 2670 3502 sortis
2721 3454 3010 3500 sanctorum
3047 3445 3100 3498 in
3140 3444 3370 3506 lumine;
3412 3441 3514 3496 hoc
3541 3450 3663 3506 est,
3705 3442 3762 3494 in

2181 3539 2503 3611 cognitione.
2553 3539 2775 3593 Videtur
2804 3547 2984 3593 autem
3021 3536 3149 3591 mihi
3191 3536 3347 3590 simul
3390 3535 3571 3590 dicere
3600 3543 3655 3588 et
3691 3533 3766 3588 de

2180 3633 2531 3704 praesentibus
2561 3640 2614 3688 et
2640 3631 2708 3687 de
2733 3631 2942 3686 futuris.
2975 3629 3176 3685 Deinde
3202 3629 3437 3684 ostendit
3457 3643 3541 3693 ea,
3567 3628 3764 3698 quibus

2180 3725 2324 3795 digni
2369 3738 2553 3779 sumus
2583 3723 2770 3777 habili.
2801 3722 2983 3791 Neque
3003 3722 3146 3775 enim
3183 3720 3285 3774 hoc
3311 3719 3483 3773 solum
3514 3718 3767 3773 mirabile

2179 3828 2292 3884 cst,
2321 3817 2463 3890 quod
2489 3831 2654 3886 regno
2681 3815 2881 3886 dignati
2912 3813 3204 3878 fuerimus;
3240 3811 3333 3866 sed
3366 3812 3526 3865 etiam
3547 3809 3763 3864 adden-

2180 3912 2306 3966 dum
2333 3920 2435 3978 est,
2454 3911 2668 3981 quinam
2693 3924 2810 3964 cum
2836 3921 3075 3962 essemus
3103 3925 3115 3958 :
3142 3919 3247 3958 non
3273 3911 3398 3957 sunt
3418 3902 3560 3957 enim
3583 3902 3762 3970 paria-

2179 4001 2332 4069 Quod
2363 4001 2576 4071 quidem
2617 3999 2743 4055 facit
2780 3998 2943 4052 etiam
2987 3997 3038 4050 iu
3070 3994 3308 4064 Epistola
3337 3993 3404 4047 ad
3442 3992 3710 4046 Romanos
3737 4009 3754 4044 :

2188 4093 2287 4146 Vix
2311 4094 2443 4146 enim
2467 4106 2558 4161 pro
2589 4093 2735 4161 justo
2761 4090 2872 4158 quis
2901 4088 3139 4141 morietur
3171 4101 3189 4139 :
3215 4100 3307 4156 pro
3337 4084 3465 4137 bono
3484 4083 3615 4136 enim
3641 4085 3760 4151 [ον-

2179 4193 2311 4238 tasse
2330 4182 2440 4253 quis
2465 4181 2617 4234 audet
2645 4180 2772 4234 mori
2798 4180 2972 4249 (Rom.
2998 4178 3051 4232 5.
3081 4176 3159 4246 7).
3196 4175 3281 4230 13.
3317 4175 3416 4242 Qui
3443 4173 3626 4242 eripuit
3665 4187 3767 4226 nos

2179 4275 2242 4328 de
2268 4283 2510 4344 potestate
2555 4271 2902 4334 tenebrarum,
2935 4269 3124 4339 inquit.
3171 4266 3228 4322 In
3257 4267 3352 4320 illo
3377 4273 3545 4319 totum
3588 4264 3757 4318 situm

2177 4375 2277 4432 est,
2306 4375 2361 4421 et
2387 4364 2503 4420 hate
2537 4362 2664 4418 dare
2689 4371 2741 4416 et
2771 4361 2855 4414 illa
2883 4378 2895 4414 :
2929 4373 3190 4429 nusquam
3222 4357 3366 4412 enim
3399 4363 3640 4410 nostrum
3672 4362 3761 4406 est

2161 4457 2320 4528 quod
2355 4466 2500 4512 recte
2531 4456 2752 4525 geritur.
2785 4451 2862 4506 De
2892 4461 3134 4523 potestate
3159 4450 3508 4512 tenebrarum,
3543 4445 3754 4515 inquit;

2178 4549 2281 4604 hoc
2302 4548 2686 4612 est,aberrore
2709 4584 2725 4611 ,
2754 4558 2784 4598 a
2809 4541 3007 4598 diaboli
3041 4538 3337 4612 tyrannide.
3368 4536 3482 4592 Non
3509 4535 3644 4590 dixit
3666 4548 3762 4589 so-

2177 4639 2286 4694 lum
2315 4679 2329 4703 ,
2361 4637 2436 4690 De
2466 4634 2700 4690 tenebris
2722 4674 2737 4700 ,
2771 4631 2863 4688 sed
2887 4671 2905 4697 ,
2956 4630 3035 4685 De
3064 4639 3307 4700 potestate
3332 4644 3352 4681 :
3381 4627 3433 4681 in
3479 4639 3578 4680 nos
3606 4625 3757 4679 enim

2177 4743 2422 4799 magnam
2470 4726 2656 4781 habuit
2699 4732 3014 4794 potestatem
3041 4764 3057 4790 ,
3104 4731 3158 4776 et
3199 4721 3251 4775 in
3298 4733 3395 4773 nos
3422 4717 3757 4771 dominatum

2175 4817 2423 4874 obtinuit.
2458 4817 2553 4871 Est
2571 4815 2712 4870 enim
2737 4828 2899 4884 grave
2920 4813 3000 4868 vel
3027 4812 3197 4866 solum
3224 4823 3346 4864 esse
3364 4807 3465 4862 sub
3487 4806 3705 4861 diabolo
3736 4820 3754 4868 ;

2178 4925 2298 4965 eum
2337 4916 2600 4979 potestate
2643 4915 2820 4961 autem
2844 4947 2859 4970 ,
2893 4913 2975 4959 est
3022 4903 3123 4958 hoc
3161 4915 3372 4972 quoque
3415 4898 3652 4969 gravius.
3687 4894 3760 4948 Et

2178 5001 2454 5066 transtulit,
2487 4999 2676 5069 inquit,
2705 5000 2758 5053 iu
2785 5013 2995 5068 regnum
3023 4994 3147 5048 Filii
3177 4991 3458 5048 dilectionis
3481 5004 3606 5045 suta.
3635 4986 3759 5041 Non

2135 5106 2307 5162 --ergo
2335 5090 2507 5146 solum
2553 5089 2606 5144 in
2650 5089 2966 5144 liberatione
2990 5101 3019 5138 a
3063 5083 3298 5140 tenebris
3335 5079 3568 5136 ostendit
3598 5092 3758 5132 suam

2177 5182 2557 5254 benignitatem
2587 5200 2600 5235 :
2632 5195 2877 5250 magnum
2909 5177 3122 5248 quidem
3151 5184 3231 5230 est
3261 5173 3514 5228 liberasse
3542 5185 3576 5224 a
3601 5177 3762 5224 leno-

2175 5277 2308 5340 ln'is,
2341 5277 2395 5331 in
2423 5290 2645 5345 regnum
2674 5285 2851 5328 autem
2880 5271 3038 5324 etiam
3069 5267 3449 5330 introduxisse,
3473 5271 3558 5318 est
3588 5261 3764 5314 multo

2173 5370 2367 5440 majus.
2400 5348 2535 5422 Vide
2551 5379 2689 5434 ergo
2733 5377 2892 5432 quam
2930 5359 3203 5428 multiplex
3249 5357 3317 5411 sit
3341 5355 3578 5417 donum;
3609 5350 3756 5440 quod

2172 5465 2226 5519 in
2252 5439 2360 5517 imo
2375 5458 2619 5530 iacentes
2642 5469 2740 5508 nos
2753 5451 3064 5523 liberaverit
3087 5465 3102 5512 ;
3126 5446 3265 5518 quod
3297 5460 3401 5499 non
3428 5443 3602 5497 solum
3630 5439 3761 5493 lihe-

2172 5556 2390 5619 raverit,
2421 5549 2514 5604 sed
2543 5556 2709 5621 etiam
2728 5545 2784 5622 ip
2801 5559 3038 5616 regnum
3066 5537 3416 5596 transtulerit.
3446 5535 3543 5600 Qui
3570 5530 3760 5594 eripuit

2172 5669 2283 5704 nos.
2311 5651 2425 5706 δοη
2458 5649 2613 5716 dixit,
2645 5647 2815 5716 Ejecit
2839 5628 2866 5716 ,.
2898 5644 3290 5735 gregngfipuit,
3317 5637 3609 5691 ostendens
3635 5638 3758 5677 ma-
