  <div class='ocr_page' id='page_1' title='image "/cluster/home/n/w/nwhite01/storage/ocr_20150623/62/hvd.32044054086319/317.png"; bbox 0 0 4072 6206; ppageno 0'>
   <div class='ocr_carea' id='block_1_1' title="bbox 565 222 669 282">
    <p class='ocr_par' dir='ltr' id='par_1_1' title="bbox 565 222 669 282">
     <span class='ocr_line' id='line_1_1' title="bbox 565 222 669 282; baseline 0 0"><span class='ocrx_word' id='word_1_1' title='bbox 565 222 669 282; x_wconf 67' lang='grc'>513</span> 
     </span>
    </p>
   </div>
   <div class='ocr_carea' id='block_1_2' title="bbox 558 334 2130 408">
    <p class='ocr_par' dir='ltr' id='par_1_2' title="bbox 558 334 2130 408">
     <span class='ocr_line' id='line_1_2' title="bbox 558 334 2130 408; baseline -0.003 -16"><span class='ocrx_word' id='word_1_2' title='bbox 558 342 844 403; x_wconf 79' lang='grc' dir='ltr'>σκότους,</span> <span class='ocrx_word' id='word_1_3' title='bbox 868 335 1035 407; x_wconf 78' lang='grc' dir='ltr'>φησί’</span> <span class='ocrx_word' id='word_1_4' title='bbox 1075 337 1338 401; x_wconf 75' lang='grc' dir='ltr'>τουτέστι,</span> <span class='ocrx_word' id='word_1_5' title='bbox 1373 338 1474 407; x_wconf 89' lang='grc' dir='ltr'>τῆς</span> <span class='ocrx_word' id='word_1_6' title='bbox 1503 338 1732 408; x_wconf 82' lang='grc' dir='ltr'>πλάνης,</span> <span class='ocrx_word' id='word_1_7' title='bbox 1759 335 1852 389; x_wconf 83' lang='grc' dir='ltr'>τοῦ</span> <span class='ocrx_word' id='word_1_8' title='bbox 1885 334 2130 389; x_wconf 76' lang='grc' dir='ltr'>διαϐόλου</span> 
     </span>
    </p>
   </div>
   <div class='ocr_carea' id='block_1_3' title="bbox 560 419 2131 493">
    <p class='ocr_par' dir='ltr' id='par_1_3' title="bbox 560 419 2131 493">
     <span class='ocr_line' id='line_1_3' title="bbox 560 419 2131 493; baseline 0 -18"><span class='ocrx_word' id='word_1_9' title='bbox 560 422 660 492; x_wconf 81' lang='grc' dir='ltr'>τῆς</span> <span class='ocrx_word' id='word_1_10' title='bbox 690 421 1023 493; x_wconf 79' lang='grc' dir='ltr'>τυραννίδος.</span> <span class='ocrx_word' id='word_1_11' title='bbox 1084 421 1200 477; x_wconf 91' lang='grc' dir='ltr'>Οὐκ</span> <span class='ocrx_word' id='word_1_12' title='bbox 1256 419 1408 477; x_wconf 77' lang='grc' dir='ltr'>εἶπεν</span> <span class='ocrx_word' id='word_1_13' title='bbox 1447 423 1654 489; x_wconf 82' lang='grc' dir='ltr'>ἁπλῶς,</span> <span class='ocrx_word' id='word_1_14' title='bbox 1704 425 1950 489; x_wconf 81' lang='grc' dir='ltr'>σκότους,</span> <span class='ocrx_word' id='word_1_15' title='bbox 1994 421 2131 489; x_wconf 84' lang='grc' dir='ltr'>ἀλλ’,</span> 
     </span>
    </p>
   </div>
   <div class='ocr_carea' id='block_1_4' title="bbox 573 506 2130 581">
    <p class='ocr_par' dir='ltr' id='par_1_4' title="bbox 573 506 2130 581">
     <span class='ocr_line' id='line_1_4' title="bbox 573 506 2130 581; baseline 0.001 -20"><span class='ocrx_word' id='word_1_16' title='bbox 573 507 924 575; x_wconf 65' lang='grc' dir='ltr'>Ἕξουσίαςν</span> <span class='ocrx_word' id='word_1_17' title='bbox 986 508 1188 578; x_wconf 84' lang='grc' dir='ltr'>πολλὴν</span> <span class='ocrx_word' id='word_1_18' title='bbox 1238 509 1346 581; x_wconf 78' lang='grc' dir='ltr'>γὰρ</span> <span class='ocrx_word' id='word_1_19' title='bbox 1384 511 1543 581; x_wconf 86' lang='grc' dir='ltr'>ήμῶν</span> <span class='ocrx_word' id='word_1_20' title='bbox 1584 506 1699 581; x_wconf 75' lang='grc' dir='ltr'>εἶχε</span> <span class='ocrx_word' id='word_1_21' title='bbox 1731 508 1828 581; x_wconf 79' lang='grc' dir='ltr'>τὴν</span> <span class='ocrx_word' id='word_1_22' title='bbox 1859 508 2130 575; x_wconf 83' lang='grc' dir='ltr'>ἐξουσίαν,</span> 
     </span>
    </p>
   </div>
   <div class='ocr_carea' id='block_1_5' title="bbox 560 594 2133 668">
    <p class='ocr_par' dir='ltr' id='par_1_5' title="bbox 560 594 2133 668">
     <span class='ocr_line' id='line_1_5' title="bbox 560 594 2133 668; baseline 0.002 -21"><span class='ocrx_word' id='word_1_23' title='bbox 560 594 656 648; x_wconf 82' lang='grc' dir='ltr'>καὶ</span> <span class='ocrx_word' id='word_1_24' title='bbox 688 595 911 666; x_wconf 88' lang='grc' dir='ltr'>ἐκράτει</span> <span class='ocrx_word' id='word_1_25' title='bbox 948 597 1128 667; x_wconf 85' lang='grc' dir='ltr'>ήμῶν.</span> <span class='ocrx_word' id='word_1_26' title='bbox 1169 598 1419 651; x_wconf 83' lang='grc' dir='ltr'>Χαλεπὸν</span> <span class='ocrx_word' id='word_1_27' title='bbox 1472 598 1571 668; x_wconf 81' lang='grc' dir='ltr'>μὲν</span> <span class='ocrx_word' id='word_1_28' title='bbox 1599 598 1707 668; x_wconf 92' lang='grc' dir='ltr'>γάρ</span> <span class='ocrx_word' id='word_1_29' title='bbox 1739 597 1833 651; x_wconf 81' lang='grc' dir='ltr'>καὶ</span> <span class='ocrx_word' id='word_1_30' title='bbox 1861 597 1922 650; x_wconf 84' lang='grc' dir='ltr'>τὸ</span> <span class='ocrx_word' id='word_1_31' title='bbox 1949 596 2133 658; x_wconf 84' lang='grc' dir='ltr'>ἁπλῶς</span> 
     </span>
    </p>
   </div>
   <div class='ocr_carea' id='block_1_6' title="bbox 558 677 2127 756">
    <p class='ocr_par' dir='ltr' id='par_1_6' title="bbox 558 677 2127 756">
     <span class='ocr_line' id='line_1_6' title="bbox 558 677 2127 756; baseline 0.003 -22"><span class='ocrx_word' id='word_1_32' title='bbox 558 677 701 736; x_wconf 82' lang='grc' dir='ltr'>εἶναι</span> <span class='ocrx_word' id='word_1_33' title='bbox 750 683 855 737; x_wconf 84' lang='grc' dir='ltr'>ὑπὸ</span> <span class='ocrx_word' id='word_1_34' title='bbox 917 682 992 753; x_wconf 82' lang='grc' dir='ltr'>τῷ</span> <span class='ocrx_word' id='word_1_35' title='bbox 1044 683 1306 755; x_wconf 74' lang='grc' dir='ltr'>διαϐόλῳο</span> <span class='ocrx_word' id='word_1_36' title='bbox 1363 684 1427 739; x_wconf 79' lang='grc' dir='ltr'>τὸ</span> <span class='ocrx_word' id='word_1_37' title='bbox 1453 686 1509 739; x_wconf 79' lang='grc' dir='ltr'>δὲ</span> <span class='ocrx_word' id='word_1_38' title='bbox 1559 686 1653 739; x_wconf 73' lang='grc' dir='ltr'>καὶ</span> <span class='ocrx_word' id='word_1_39' title='bbox 1694 686 1810 756; x_wconf 87' lang='grc' dir='ltr'>μετ’</span> <span class='ocrx_word' id='word_1_40' title='bbox 1860 682 2127 750; x_wconf 83' lang='grc' dir='ltr'>ἐξουσίας,</span> 
     </span>
    </p>
   </div>
   <div class='ocr_carea' id='block_1_7' title="bbox 557 769 2129 843">
    <p class='ocr_par' dir='ltr' id='par_1_7' title="bbox 557 769 2129 843">
     <span class='ocr_line' id='line_1_7' title="bbox 557 769 2129 843; baseline 0.003 -22"><span class='ocrx_word' id='word_1_41' title='bbox 557 769 714 823; x_wconf 88' lang='grc' dir='ltr'>τοῦτο</span> <span class='ocrx_word' id='word_1_42' title='bbox 748 769 1144 842; x_wconf 82' lang='grc' dir='ltr'>χαλεπώτερον.</span> <span class='ocrx_word' id='word_1_43' title='bbox 1169 771 1281 826; x_wconf 75' lang='grc' dir='ltr'>Καὶ</span> <span class='ocrx_word' id='word_1_44' title='bbox 1311 773 1669 842; x_wconf 80' lang='grc' dir='ltr'>μετέστησε,</span> <span class='ocrx_word' id='word_1_45' title='bbox 1695 773 1880 843; x_wconf 79' lang='grc' dir='ltr'>φησὶν,</span> <span class='ocrx_word' id='word_1_46' title='bbox 1904 774 1992 839; x_wconf 79' lang='grc' dir='ltr'>εἰς</span> <span class='ocrx_word' id='word_1_47' title='bbox 2016 771 2129 840; x_wconf 82' lang='grc' dir='ltr'>τὴν</span> 
     </span>
    </p>
   </div>
   <div class='ocr_carea' id='block_1_8' title="bbox 550 855 2129 930">
    <p class='ocr_par' dir='ltr' id='par_1_8' title="bbox 550 855 2129 930">
     <span class='ocr_line' id='line_1_8' title="bbox 550 855 2129 930; baseline 0.003 -21"><span class='ocrx_word' id='word_1_48' title='bbox 550 855 880 919; x_wconf 64' lang='grc' dir='ltr'>,βασιλείαν</span> <span class='ocrx_word' id='word_1_49' title='bbox 915 858 1022 912; x_wconf 86' lang='grc' dir='ltr'>τοῦ</span> <span class='ocrx_word' id='word_1_50' title='bbox 1064 859 1200 915; x_wconf 82' lang='grc' dir='ltr'>Υἰοῦ</span> <span class='ocrx_word' id='word_1_51' title='bbox 1237 859 1348 928; x_wconf 81' lang='grc' dir='ltr'>τῆς</span> <span class='ocrx_word' id='word_1_52' title='bbox 1372 859 1610 929; x_wconf 77' lang='grc' dir='ltr'>ἀγάπης</span> <span class='ocrx_word' id='word_1_53' title='bbox 1636 860 1844 917; x_wconf 77' lang='grc' dir='ltr'>αὐτοῦ.</span> <span class='ocrx_word' id='word_1_54' title='bbox 1882 861 1995 913; x_wconf 91' lang='grc' dir='ltr'>Οὐκ</span> <span class='ocrx_word' id='word_1_55' title='bbox 2021 860 2129 930; x_wconf 83' lang='grc' dir='ltr'>ἄρα</span> 
     </span>
    </p>
   </div>
   <div class='ocr_carea' id='block_1_9' title="bbox 557 942 2125 1018">
    <p class='ocr_par' dir='ltr' id='par_1_9' title="bbox 557 942 2125 1018">
     <span class='ocr_line' id='line_1_9' title="bbox 557 942 2125 1018; baseline 0.004 -25"><span class='ocrx_word' id='word_1_56' title='bbox 557 944 641 1006; x_wconf 86' lang='grc' dir='ltr'>εἰς</span> <span class='ocrx_word' id='word_1_57' title='bbox 672 942 771 1013; x_wconf 84' lang='grc' dir='ltr'>τὴν</span> <span class='ocrx_word' id='word_1_58' title='bbox 799 944 1124 1017; x_wconf 78' lang='grc' dir='ltr'>ἀπαλλαγὴν</span> <span class='ocrx_word' id='word_1_59' title='bbox 1156 946 1248 1000; x_wconf 85' lang='grc' dir='ltr'>τοῦ</span> <span class='ocrx_word' id='word_1_60' title='bbox 1282 947 1506 1009; x_wconf 88' lang='grc' dir='ltr'>σκότους</span> <span class='ocrx_word' id='word_1_61' title='bbox 1539 948 1698 1018; x_wconf 87' lang='grc' dir='ltr'>μόνον</span> <span class='ocrx_word' id='word_1_62' title='bbox 1732 948 1932 1012; x_wconf 76' lang='grc' dir='ltr'>ἔδειξεν</span> <span class='ocrx_word' id='word_1_63' title='bbox 1962 945 2125 1000; x_wconf 83' lang='grc' dir='ltr'>αὐτοῦ</span> 
     </span>
    </p>
   </div>
   <div class='ocr_carea' id='block_1_10' title="bbox 550 1028 2125 1102">
    <p class='ocr_par' dir='ltr' id='par_1_10' title="bbox 550 1028 2125 1102">
     <span class='ocr_line' id='line_1_10' title="bbox 550 1028 2125 1102; baseline 0.004 -22"><span class='ocrx_word' id='word_1_64' title='bbox 550 1029 652 1100; x_wconf 76' lang='grc' dir='ltr'>τὴν</span> <span class='ocrx_word' id='word_1_65' title='bbox 676 1029 1107 1102; x_wconf 80' lang='grc' dir='ltr'>φιλανθρωπίαν.</span> <span class='ocrx_word' id='word_1_66' title='bbox 1144 1033 1305 1101; x_wconf 86' lang='grc' dir='ltr'>Μέγα</span> <span class='ocrx_word' id='word_1_67' title='bbox 1337 1032 1435 1102; x_wconf 75' lang='grc' dir='ltr'>μὲν</span> <span class='ocrx_word' id='word_1_68' title='bbox 1454 1028 1547 1086; x_wconf 76' lang='grc' dir='ltr'>οὖν</span> <span class='ocrx_word' id='word_1_69' title='bbox 1567 1033 1660 1085; x_wconf 80' lang='grc' dir='ltr'>καὶ</span> <span class='ocrx_word' id='word_1_70' title='bbox 1690 1034 1751 1086; x_wconf 80' lang='grc' dir='ltr'>τὸ</span> <span class='ocrx_word' id='word_1_71' title='bbox 1780 1031 1873 1086; x_wconf 87' lang='grc' dir='ltr'>τοῦ</span> <span class='ocrx_word' id='word_1_72' title='bbox 1901 1034 2125 1096; x_wconf 81' lang='grc' dir='ltr'>σκότους</span> 
     </span>
    </p>
   </div>
   <div class='ocr_carea' id='block_1_11' title="bbox 553 1117 2124 1189">
    <p class='ocr_par' dir='ltr' id='par_1_11' title="bbox 553 1117 2124 1189">
     <span class='ocr_line' id='line_1_11' title="bbox 553 1117 2124 1189; baseline 0.002 -21"><span class='ocrx_word' id='word_1_73' title='bbox 553 1117 894 1185; x_wconf 80' lang='grc' dir='ltr'>ἀπαλλάξαι·</span> <span class='ocrx_word' id='word_1_74' title='bbox 971 1118 1033 1173; x_wconf 80' lang='grc' dir='ltr'>τὸ</span> <span class='ocrx_word' id='word_1_75' title='bbox 1076 1118 1133 1172; x_wconf 82' lang='grc' dir='ltr'>δέ</span> <span class='ocrx_word' id='word_1_76' title='bbox 1185 1119 1282 1173; x_wconf 74' lang='grc' dir='ltr'>καὶ</span> <span class='ocrx_word' id='word_1_77' title='bbox 1332 1121 1412 1183; x_wconf 88' lang='grc' dir='ltr'>εἰς</span> <span class='ocrx_word' id='word_1_78' title='bbox 1466 1118 1743 1188; x_wconf 81' lang='grc' dir='ltr'>βασιλείαν</span> <span class='ocrx_word' id='word_1_79' title='bbox 1786 1121 2124 1189; x_wconf 68' lang='grc' dir='ltr'>εἰσαγαγεῖν,</span> 
     </span>
    </p>
   </div>
   <div class='ocr_carea' id='block_1_12' title="bbox 556 1201 2127 1277">
    <p class='ocr_par' dir='ltr' id='par_1_12' title="bbox 556 1201 2127 1277">
     <span class='ocr_line' id='line_1_12' title="bbox 556 1201 2127 1277; baseline 0.005 -23"><span class='ocrx_word' id='word_1_80' title='bbox 556 1202 735 1274; x_wconf 83' lang='grc' dir='ltr'>πολλῷ</span> <span class='ocrx_word' id='word_1_81' title='bbox 766 1206 971 1275; x_wconf 70' lang='grc' dir='ltr'>μεῖζον.</span> <span class='ocrx_word' id='word_1_82' title='bbox 992 1205 1135 1277; x_wconf 86' lang='grc' dir='ltr'>Ὅρα</span> <span class='ocrx_word' id='word_1_83' title='bbox 1164 1201 1259 1259; x_wconf 83' lang='grc' dir='ltr'>οὖν</span> <span class='ocrx_word' id='word_1_84' title='bbox 1302 1206 1420 1270; x_wconf 88' lang='grc' dir='ltr'>πῶς</span> <span class='ocrx_word' id='word_1_85' title='bbox 1449 1206 1787 1263; x_wconf 84' lang='grc' dir='ltr'>πολύπλοκον</span> <span class='ocrx_word' id='word_1_86' title='bbox 1828 1207 2036 1277; x_wconf 87' lang='grc' dir='ltr'>γίνεται</span> <span class='ocrx_word' id='word_1_87' title='bbox 2066 1208 2127 1262; x_wconf 75' lang='grc' dir='ltr'><strong>τὸ</strong></span> 
     </span>
    </p>
   </div>
   <div class='ocr_carea' id='block_1_13' title="bbox 552 1288 2121 1365">
    <p class='ocr_par' dir='ltr' id='par_1_13' title="bbox 552 1288 2121 1365">
     <span class='ocr_line' id='line_1_13' title="bbox 552 1288 2121 1365; baseline 0.003 -23"><span class='ocrx_word' id='word_1_88' title='bbox 552 1288 745 1361; x_wconf 79' lang='grc' dir='ltr'>δῶρον,</span> <span class='ocrx_word' id='word_1_89' title='bbox 802 1293 887 1343; x_wconf 88' lang='grc' dir='ltr'>ὄτι</span> <span class='ocrx_word' id='word_1_90' title='bbox 944 1292 1003 1345; x_wconf 86' lang='grc' dir='ltr'>ἐν</span> <span class='ocrx_word' id='word_1_91' title='bbox 1050 1293 1126 1362; x_wconf 84' lang='grc' dir='ltr'>τῷ</span> <span class='ocrx_word' id='word_1_92' title='bbox 1185 1292 1419 1363; x_wconf 82' lang='grc' dir='ltr'>πυθμένι</span> <span class='ocrx_word' id='word_1_93' title='bbox 1481 1294 1765 1365; x_wconf 72' lang='grc' dir='ltr'>κειμένους</span> <span class='ocrx_word' id='word_1_94' title='bbox 1815 1294 2121 1365; x_wconf 81' lang='grc' dir='ltr'>ἀπήλλαξεν</span> 
     </span>
    </p>
   </div>
   <div class='ocr_carea' id='block_1_14' title="bbox 552 1379 2118 1456">
    <p class='ocr_par' dir='ltr' id='par_1_14' title="bbox 552 1379 2118 1456">
     <span class='ocr_line' id='line_1_14' title="bbox 552 1379 2118 1456; baseline 0.006 -27"><span class='ocrx_word' id='word_1_95' title='bbox 552 1379 721 1447; x_wconf 76' lang='grc' dir='ltr'>ἡμᾶς,</span> <span class='ocrx_word' id='word_1_96' title='bbox 757 1380 839 1432; x_wconf 84' lang='grc' dir='ltr'>ὅτι</span> <span class='ocrx_word' id='word_1_97' title='bbox 872 1381 973 1433; x_wconf 87' lang='grc' dir='ltr'>οὐκ</span> <span class='ocrx_word' id='word_1_98' title='bbox 997 1381 1275 1453; x_wconf 77' lang='grc' dir='ltr'>ἀπήλλαξε</span> <span class='ocrx_word' id='word_1_99' title='bbox 1317 1383 1496 1453; x_wconf 90' lang='grc' dir='ltr'>μόνον,</span> <span class='ocrx_word' id='word_1_100' title='bbox 1536 1383 1673 1438; x_wconf 87' lang='grc' dir='ltr'>ἀλλά</span> <span class='ocrx_word' id='word_1_101' title='bbox 1701 1385 1793 1438; x_wconf 66' lang='grc' dir='ltr'>καὶ</span> <span class='ocrx_word' id='word_1_102' title='bbox 1821 1384 2118 1456; x_wconf 81' lang='grc' dir='ltr'>μετέθηκεν</span> 
     </span>
    </p>
   </div>
   <div class='ocr_carea' id='block_1_15' title="bbox 551 1464 2120 1539">
    <p class='ocr_par' dir='ltr' id='par_1_15' title="bbox 551 1464 2120 1539">
     <span class='ocr_line' id='line_1_15' title="bbox 551 1464 2120 1539; baseline 0.005 -23"><span class='ocrx_word' id='word_1_103' title='bbox 551 1467 632 1525; x_wconf 88' lang='grc' dir='ltr'>εἰς</span> <span class='ocrx_word' id='word_1_104' title='bbox 661 1464 956 1533; x_wconf 83' lang='grc' dir='ltr'>βασιλείαν.</span> <span class='ocrx_word' id='word_1_105' title='bbox 990 1468 1086 1534; x_wconf 78' lang='grc' dir='ltr'>’ος</span> <span class='ocrx_word' id='word_1_106' title='bbox 1138 1469 1433 1537; x_wconf 78' lang='grc' dir='ltr'>ἐρῤὐσατο</span> <span class='ocrx_word' id='word_1_107' title='bbox 1478 1469 1656 1539; x_wconf 80' lang='grc' dir='ltr'>ἡμᾶς.</span> <span class='ocrx_word' id='word_1_108' title='bbox 1685 1472 1797 1525; x_wconf 85' lang='grc' dir='ltr'>Οὐκ</span> <span class='ocrx_word' id='word_1_109' title='bbox 1827 1467 1998 1537; x_wconf 82' lang='grc' dir='ltr'>εἶπεν,</span> <span class='ocrx_word' id='word_1_110' title='bbox 2033 1470 2120 1536; x_wconf 77' lang='grc' dir='ltr'>ἐξ-</span> 
     </span>
    </p>
   </div>
   <div class='ocr_carea' id='block_1_16' title="bbox 554 1550 2121 1632">
    <p class='ocr_par' dir='ltr' id='par_1_16' title="bbox 554 1550 2121 1632">
     <span class='ocr_line' id='line_1_16' title="bbox 554 1550 2121 1632; baseline 0.008 -30"><span class='ocrx_word' id='word_1_111' title='bbox 554 1550 766 1616; x_wconf 80' lang='grc' dir='ltr'>έϐαλεν,</span> <span class='ocrx_word' id='word_1_112' title='bbox 796 1554 930 1619; x_wconf 85' lang='grc' dir='ltr'>ἀλλ’,</span> <span class='ocrx_word' id='word_1_113' title='bbox 969 1555 1312 1624; x_wconf 72' lang='grc' dir='ltr'>Ἐρῤὐσατυ,</span> <span class='ocrx_word' id='word_1_114' title='bbox 1348 1556 1446 1627; x_wconf 87' lang='grc' dir='ltr'>τὴν</span> <span class='ocrx_word' id='word_1_115' title='bbox 1501 1557 1701 1630; x_wconf 81' lang='grc' dir='ltr'>πολλὴν</span> <span class='ocrx_word' id='word_1_116' title='bbox 1748 1559 2121 1632; x_wconf 75' lang='grc' dir='ltr'>ταλαιπωρίαν</span> 
     </span>
    </p>
   </div>
   <div class='ocr_carea' id='block_1_17' title="bbox 550 1638 2123 1717">
    <p class='ocr_par' dir='ltr' id='par_1_17' title="bbox 550 1638 2123 1717">
     <span class='ocr_line' id='line_1_17' title="bbox 550 1638 2123 1717; baseline 0.008 -28"><span class='ocrx_word' id='word_1_117' title='bbox 550 1638 763 1703; x_wconf 74' lang='grc' dir='ltr'>δεικνὺς</span> <span class='ocrx_word' id='word_1_118' title='bbox 794 1640 972 1711; x_wconf 81' lang='grc' dir='ltr'>ἡμῶν,</span> <span class='ocrx_word' id='word_1_119' title='bbox 1028 1643 1125 1696; x_wconf 71' lang='grc' dir='ltr'>καὶ</span> <span class='ocrx_word' id='word_1_120' title='bbox 1171 1643 1393 1699; x_wconf 77' lang='grc' dir='ltr'>ἐκείνων</span> <span class='ocrx_word' id='word_1_121' title='bbox 1437 1645 1535 1717; x_wconf 82' lang='grc' dir='ltr'>τὴν</span> <span class='ocrx_word' id='word_1_122' title='bbox 1561 1646 1958 1717; x_wconf 86' lang='grc' dir='ltr'>αἰχμαλωσίαν.</span> <span class='ocrx_word' id='word_1_123' title='bbox 1989 1644 2123 1703; x_wconf 80' lang='grc' dir='ltr'>Εἶτα</span> 
     </span>
    </p>
   </div>
   <div class='ocr_carea' id='block_1_18' title="bbox 550 1723 2121 1806">
    <p class='ocr_par' dir='ltr' id='par_1_18' title="bbox 550 1723 2121 1806">
     <span class='ocr_line' id='line_1_18' title="bbox 550 1723 2121 1806; baseline 0.01 -32"><span class='ocrx_word' id='word_1_124' title='bbox 550 1724 645 1775; x_wconf 73' lang='grc' dir='ltr'>καὶ</span> <span class='ocrx_word' id='word_1_125' title='bbox 671 1723 732 1776; x_wconf 86' lang='grc' dir='ltr'>τδ</span> <span class='ocrx_word' id='word_1_126' title='bbox 763 1723 984 1781; x_wconf 74' lang='grc' dir='ltr'>εὔκολον</span> <span class='ocrx_word' id='word_1_127' title='bbox 1032 1728 1132 1798; x_wconf 90' lang='grc' dir='ltr'>τῆς</span> <span class='ocrx_word' id='word_1_128' title='bbox 1166 1727 1265 1782; x_wconf 84' lang='grc' dir='ltr'>τοῦ</span> <span class='ocrx_word' id='word_1_129' title='bbox 1299 1730 1434 1784; x_wconf 83' lang='grc' dir='ltr'>Θεοῦ</span> <span class='ocrx_word' id='word_1_130' title='bbox 1477 1732 1758 1803; x_wconf 88' lang='grc' dir='ltr'>δυνάμεως</span> <span class='ocrx_word' id='word_1_131' title='bbox 1778 1753 1791 1765; x_wconf 87' lang='grc'><strong>·</strong></span> <span class='ocrx_word' id='word_1_132' title='bbox 1828 1735 1935 1789; x_wconf 76' lang='lat' dir='ltr'>Kal</span> <span class='ocrx_word' id='word_1_133' title='bbox 1980 1752 2121 1806; x_wconf 71' lang='grc' dir='ltr'>μετ-</span> 
     </span>
    </p>
   </div>
   <div class='ocr_carea' id='block_1_19' title="bbox 547 1807 2121 1893">
    <p class='ocr_par' dir='ltr' id='par_1_19' title="bbox 547 1807 2121 1893">
     <span class='ocr_line' id='line_1_19' title="bbox 547 1807 2121 1893; baseline 0.011 -33"><span class='ocrx_word' id='word_1_134' title='bbox 547 1807 793 1877; x_wconf 80' lang='grc' dir='ltr'>έστησε,</span> <span class='ocrx_word' id='word_1_135' title='bbox 846 1812 1047 1883; x_wconf 74' lang='grc' dir='ltr'>φησιν’</span> <span class='ocrx_word' id='word_1_136' title='bbox 1106 1815 1294 1887; x_wconf 85' lang='grc' dir='ltr'>ὥσπερ</span> <span class='ocrx_word' id='word_1_137' title='bbox 1327 1817 1393 1872; x_wconf 82' lang='grc' dir='ltr'>ἂν</span> <span class='ocrx_word' id='word_1_138' title='bbox 1425 1817 1479 1871; x_wconf 81' lang='grc' dir='ltr'>εἰ</span> <span class='ocrx_word' id='word_1_139' title='bbox 1502 1835 1588 1883; x_wconf 88' lang='grc' dir='ltr'>τις</span> <span class='ocrx_word' id='word_1_140' title='bbox 1630 1820 1965 1893; x_wconf 82' lang='grc' dir='ltr'>στρατιώτην</span> <span class='ocrx_word' id='word_1_141' title='bbox 2010 1823 2121 1877; x_wconf 73' lang='grc' dir='ltr'>άπὸ</span> 
     </span>
    </p>
   </div>
   <div class='ocr_carea' id='block_1_20' title="bbox 545 1897 2122 1981">
    <p class='ocr_par' dir='ltr' id='par_1_20' title="bbox 545 1897 2122 1981">
     <span class='ocr_line' id='line_1_20' title="bbox 545 1897 2122 1981; baseline 0.011 -32"><span class='ocrx_word' id='word_1_142' title='bbox 545 1897 715 1951; x_wconf 85' lang='grc' dir='ltr'>τόπου</span> <span class='ocrx_word' id='word_1_143' title='bbox 748 1901 827 1964; x_wconf 90' lang='grc' dir='ltr'>εἰς</span> <span class='ocrx_word' id='word_1_144' title='bbox 863 1902 1029 1956; x_wconf 82' lang='grc' dir='ltr'>τόπον</span> <span class='ocrx_word' id='word_1_145' title='bbox 1074 1905 1400 1975; x_wconf 79' lang='grc' dir='ltr'>μεταγάγοι.</span> <span class='ocrx_word' id='word_1_146' title='bbox 1440 1906 1549 1960; x_wconf 75' lang='grc' dir='ltr'>Καὶ</span> <span class='ocrx_word' id='word_1_147' title='bbox 1573 1907 1673 1963; x_wconf 90' lang='grc' dir='ltr'>οὐκ</span> <span class='ocrx_word' id='word_1_148' title='bbox 1705 1905 1846 1976; x_wconf 81' lang='grc' dir='ltr'>εἷπε,</span> <span class='ocrx_word' id='word_1_149' title='bbox 1884 1912 2122 1981; x_wconf 85' lang='grc' dir='ltr'>μετήγα-</span> 
     </span>
    </p>
   </div>
   <div class='ocr_carea' id='block_1_21' title="bbox 547 1986 2120 2067">
    <p class='ocr_par' dir='ltr' id='par_1_21' title="bbox 547 1986 2120 2067">
     <span class='ocr_line' id='line_1_21' title="bbox 547 1986 2120 2067; baseline 0.011 -31"><span class='ocrx_word' id='word_1_150' title='bbox 547 2001 664 2050; x_wconf 82' lang='grc' dir='ltr'>γεν,</span> <span class='ocrx_word' id='word_1_151' title='bbox 690 1986 809 2040; x_wconf 88' lang='grc' dir='ltr'>ούδέ</span> <span class='ocrx_word' id='word_1_152' title='bbox 838 1989 1105 2059; x_wconf 83' lang='grc' dir='ltr'>μετέθηκε</span> <span class='ocrx_word' id='word_1_153' title='bbox 1130 2006 1144 2020; x_wconf 88' lang='grc'><strong>·</strong></span> <span class='ocrx_word' id='word_1_154' title='bbox 1183 1991 1246 2045; x_wconf 82' lang='grc' dir='ltr'>τὸ</span> <span class='ocrx_word' id='word_1_155' title='bbox 1277 1993 1375 2063; x_wconf 85' lang='grc' dir='ltr'>μὲν</span> <span class='ocrx_word' id='word_1_156' title='bbox 1403 1994 1511 2065; x_wconf 85' lang='grc' dir='ltr'>γάρ</span> <span class='ocrx_word' id='word_1_157' title='bbox 1531 1994 1649 2048; x_wconf 87' lang='grc' dir='ltr'>ὅλον</span> <span class='ocrx_word' id='word_1_158' title='bbox 1670 1996 1765 2049; x_wconf 88' lang='grc' dir='ltr'>τοῦ</span> <span class='ocrx_word' id='word_1_159' title='bbox 1800 1997 2120 2067; x_wconf 81' lang='grc' dir='ltr'>μεταθέντος</span> 
     </span>
    </p>
   </div>
   <div class='ocr_carea' id='block_1_22' title="bbox 545 2067 2117 2152">
    <p class='ocr_par' dir='ltr' id='par_1_22' title="bbox 545 2067 2117 2152">
     <span class='ocr_line' id='line_1_22' title="bbox 545 2067 2117 2152; baseline 0.01 -29"><span class='ocrx_word' id='word_1_160' title='bbox 545 2067 637 2142; x_wconf 78' lang='grc' dir='ltr'>ἦν,</span> <span class='ocrx_word' id='word_1_161' title='bbox 657 2073 717 2125; x_wconf 90' lang='grc' dir='ltr'>οὐ</span> <span class='ocrx_word' id='word_1_162' title='bbox 746 2073 836 2127; x_wconf 90' lang='grc' dir='ltr'>τοῦ</span> <span class='ocrx_word' id='word_1_163' title='bbox 866 2076 1213 2146; x_wconf 88' lang='grc' dir='ltr'>μετελθόντος</span> <span class='ocrx_word' id='word_1_164' title='bbox 1236 2090 1261 2118; x_wconf 75' lang='grc' dir='ltr'>ει</span> <span class='ocrx_word' id='word_1_165' title='bbox 1285 2097 1298 2111; x_wconf 77' lang='grc' dir='ltr'>ο</span> <span class='ocrx_word' id='word_1_166' title='bbox 1330 2079 1487 2145; x_wconf 84' lang='grc' dir='ltr'>ἀλλὰ,</span> <span class='ocrx_word' id='word_1_167' title='bbox 1516 2082 1922 2152; x_wconf 79' lang='grc' dir='ltr'>Μετέστησεν,</span> <span class='ocrx_word' id='word_1_168' title='bbox 1944 2080 2117 2147; x_wconf 75' lang='grc' dir='ltr'>εἶπεν,</span> 
     </span>
    </p>
   </div>
   <div class='ocr_carea' id='block_1_23' title="bbox 547 2158 2119 2239">
    <p class='ocr_par' dir='ltr' id='par_1_23' title="bbox 547 2158 2119 2239">
     <span class='ocr_line' id='line_1_23' title="bbox 547 2158 2119 2239; baseline 0.01 -29"><span class='ocrx_word' id='word_1_169' title='bbox 547 2158 689 2212; x_wconf 76' lang='grc' dir='ltr'>ὥστε</span> <span class='ocrx_word' id='word_1_170' title='bbox 726 2160 818 2214; x_wconf 81' lang='grc' dir='ltr'>καὶ</span> <span class='ocrx_word' id='word_1_171' title='bbox 852 2162 1010 2232; x_wconf 85' lang='grc' dir='ltr'>ήμῶν</span> <span class='ocrx_word' id='word_1_172' title='bbox 1038 2165 1131 2217; x_wconf 82' lang='grc' dir='ltr'>καὶ</span> <span class='ocrx_word' id='word_1_173' title='bbox 1160 2164 1325 2218; x_wconf 88' lang='grc' dir='ltr'>αὐτοῦ</span> <span class='ocrx_word' id='word_1_174' title='bbox 1356 2167 1513 2221; x_wconf 88' lang='grc' dir='ltr'>τοῦτο</span> <span class='ocrx_word' id='word_1_175' title='bbox 1553 2168 1831 2238; x_wconf 88' lang='grc' dir='ltr'>γενέσθαι.</span> <span class='ocrx_word' id='word_1_176' title='bbox 1866 2172 1971 2237; x_wconf 86' lang='grc' dir='ltr'>Εἰς</span> <span class='ocrx_word' id='word_1_177' title='bbox 2004 2171 2119 2239; x_wconf 80' lang='grc' dir='ltr'>τὴν</span> 
     </span>
    </p>
   </div>
   <div class='ocr_carea' id='block_1_24' title="bbox 538 2245 2114 2329">
    <p class='ocr_par' dir='ltr' id='par_1_24' title="bbox 538 2245 2114 2329">
     <span class='ocr_line' id='line_1_24' title="bbox 538 2245 2114 2329; baseline 0.01 -32"><span class='ocrx_word' id='word_1_178' title='bbox 538 2245 872 2309; x_wconf 69' lang='grc' dir='ltr'>βασιλείαν</span> <span class='ocrx_word' id='word_1_179' title='bbox 923 2250 1031 2304; x_wconf 80' lang='grc' dir='ltr'>τοῦ</span> <span class='ocrx_word' id='word_1_180' title='bbox 1096 2252 1234 2307; x_wconf 81' lang='grc' dir='ltr'>Υιοῦ</span> <span class='ocrx_word' id='word_1_181' title='bbox 1290 2251 1400 2321; x_wconf 79' lang='grc' dir='ltr'>τῆς</span> <span class='ocrx_word' id='word_1_182' title='bbox 1447 2255 1686 2324; x_wconf 76' lang='grc' dir='ltr'>ἀγάπης</span> <span class='ocrx_word' id='word_1_183' title='bbox 1735 2257 1942 2313; x_wconf 82' lang='grc' dir='ltr'>αὐτοῦ.</span> <span class='ocrx_word' id='word_1_184' title='bbox 2004 2260 2114 2329; x_wconf 83' lang='grc' dir='ltr'>Οὐχ</span> 
     </span>
    </p>
   </div>
   <div class='ocr_carea' id='block_1_25' title="bbox 544 2332 2112 2417">
    <p class='ocr_par' dir='ltr' id='par_1_25' title="bbox 544 2332 2112 2417">
     <span class='ocr_line' id='line_1_25' title="bbox 544 2332 2112 2417; baseline 0.01 -33"><span class='ocrx_word' id='word_1_185' title='bbox 544 2332 734 2397; x_wconf 83' lang='grc' dir='ltr'>άπλῶς</span> <span class='ocrx_word' id='word_1_186' title='bbox 791 2332 932 2402; x_wconf 82' lang='grc' dir='ltr'>εἷπε,</span> <span class='ocrx_word' id='word_1_187' title='bbox 983 2336 1259 2407; x_wconf 85' lang='grc' dir='ltr'>βασιλείαν</span> <span class='ocrx_word' id='word_1_188' title='bbox 1301 2340 1565 2411; x_wconf 75' lang='grc' dir='ltr'>οὐρανῶν,</span> <span class='ocrx_word' id='word_1_189' title='bbox 1608 2342 1745 2396; x_wconf 81' lang='grc' dir='ltr'>ἀλλά</span> <span class='ocrx_word' id='word_1_190' title='bbox 1791 2344 2112 2417; x_wconf 87' lang='grc' dir='ltr'>σεμνότερον</span> 
     </span>
    </p>
   </div>
   <div class='ocr_carea' id='block_1_26' title="bbox 547 2419 2110 2492">
    <p class='ocr_par' dir='ltr' id='par_1_26' title="bbox 547 2419 2110 2492">
     <span class='ocr_line' id='line_1_26' title="bbox 547 2419 2110 2492; baseline 0.01 -21"><span class='ocrx_word' id='word_1_191' title='bbox 547 2419 840 2490; x_wconf 71' lang='grc' dir='ltr'>εἰργάσατο</span> <span class='ocrx_word' id='word_1_192' title='bbox 873 2422 964 2476; x_wconf 85' lang='grc' dir='ltr'>τὸν</span> <span class='ocrx_word' id='word_1_193' title='bbox 990 2423 1169 2492; x_wconf 88' lang='grc' dir='ltr'>λόγον,</span> <span class='ocrx_word' id='word_1_194' title='bbox 1216 2428 1545 2483; x_wconf 71' lang='grc' dir='ltr'>Βασιλείαν</span> <span class='ocrx_word' id='word_1_195' title='bbox 1585 2430 1720 2484; x_wconf 86' lang='grc' dir='ltr'>Υίοῦ</span> <span class='ocrx_word' id='word_1_196' title='bbox 1757 2431 1926 2486; x_wconf 85' lang='grc' dir='ltr'>εἰπών</span> <span class='ocrx_word' id='word_1_197' title='bbox 1948 2451 1961 2463; x_wconf 88' lang='grc'><strong>·</strong></span> <span class='ocrx_word' id='word_1_198' title='bbox 1993 2431 2110 2487; x_wconf 86' lang='grc' dir='ltr'>τού-</span> 
     </span>
    </p>
   </div>
   <div class='ocr_carea' id='block_1_27' title="bbox 544 2508 2112 2591">
    <p class='ocr_par' dir='ltr' id='par_1_27' title="bbox 544 2508 2112 2591">
     <span class='ocr_line' id='line_1_27' title="bbox 544 2508 2112 2591; baseline 0.01 -31"><span class='ocrx_word' id='word_1_199' title='bbox 544 2523 639 2561; x_wconf 87' lang='grc' dir='ltr'>του</span> <span class='ocrx_word' id='word_1_200' title='bbox 663 2508 773 2581; x_wconf 85' lang='grc' dir='ltr'>γὰρ</span> <span class='ocrx_word' id='word_1_201' title='bbox 787 2510 940 2565; x_wconf 85' lang='grc' dir='ltr'>οὐδὲν</span> <span class='ocrx_word' id='word_1_202' title='bbox 972 2512 1156 2583; x_wconf 82' lang='grc' dir='ltr'>μεῖζον</span> <span class='ocrx_word' id='word_1_203' title='bbox 1181 2514 1456 2586; x_wconf 86' lang='grc' dir='ltr'>ἐγκώμιον</span> <span class='ocrx_word' id='word_1_204' title='bbox 1475 2533 1488 2549; x_wconf 90' lang='grc'><strong>·</strong></span> <span class='ocrx_word' id='word_1_205' title='bbox 1518 2515 1546 2570; x_wconf 79' lang='grc' dir='ltr'><strong>ὃ</strong></span> <span class='ocrx_word' id='word_1_206' title='bbox 1570 2519 1663 2572; x_wconf 84' lang='grc' dir='ltr'>καὶ</span> <span class='ocrx_word' id='word_1_207' title='bbox 1681 2519 1911 2590; x_wconf 88' lang='grc' dir='ltr'>ἀλλαχοῦ</span> <span class='ocrx_word' id='word_1_208' title='bbox 1929 2538 2112 2591; x_wconf 82' lang='grc' dir='ltr'>φησιν’</span> 
     </span>
    </p>
   </div>
   <div class='ocr_carea' id='block_1_28' title="bbox 545 2597 2115 2676">
    <p class='ocr_par' dir='ltr' id='par_1_28' title="bbox 545 2597 2115 2676">
     <span class='ocr_line' id='line_1_28' title="bbox 545 2597 2115 2676; baseline 0.01 -28"><span class='ocrx_word' id='word_1_209' title='bbox 545 2597 617 2649; x_wconf 82' lang='grc' dir='ltr'>Εἰ</span> <span class='ocrx_word' id='word_1_210' title='bbox 649 2597 1048 2668; x_wconf 74' lang='grc' dir='ltr'><strong>ὑπομένομεν,</strong></span> <span class='ocrx_word' id='word_1_211' title='bbox 1089 2600 1188 2655; x_wconf 81' lang='grc' dir='ltr'>καὶ</span> <span class='ocrx_word' id='word_1_212' title='bbox 1237 2604 1831 2676; x_wconf 77' lang='grc' dir='ltr'>συμϐασιλεύσομεν.</span> <span class='ocrx_word' id='word_1_213' title='bbox 1862 2608 1985 2663; x_wconf 85' lang='grc' dir='ltr'>Τῶν</span> <span class='ocrx_word' id='word_1_214' title='bbox 2015 2610 2115 2663; x_wconf 87' lang='grc' dir='ltr'>αὑ-</span> 
     </span>
    </p>
   </div>
   <div class='ocr_carea' id='block_1_29' title="bbox 531 2680 2115 2769">
    <p class='ocr_par' dir='ltr' id='par_1_29' title="bbox 531 2680 2115 2769">
     <span class='ocr_line' id='line_1_29' title="bbox 531 2680 2115 2769; baseline 0.011 -34"><span class='ocrx_word' id='word_1_215' title='bbox 531 2680 654 2736; x_wconf 72' lang='grc' dir='ltr'>τῶν</span> <span class='ocrx_word' id='word_1_216' title='bbox 688 2683 919 2753; x_wconf 73' lang='grc' dir='ltr'>ἠξίωσεν</span> <span class='ocrx_word' id='word_1_217' title='bbox 938 2688 1106 2757; x_wconf 80' lang='grc' dir='ltr'>ἡμᾶς,</span> <span class='ocrx_word' id='word_1_218' title='bbox 1145 2688 1301 2760; x_wconf 76' lang='grc' dir='ltr'>φησὶ,</span> <span class='ocrx_word' id='word_1_219' title='bbox 1334 2690 1412 2760; x_wconf 83' lang='grc' dir='ltr'>τῷ</span> <span class='ocrx_word' id='word_1_220' title='bbox 1442 2691 1554 2763; x_wconf 80' lang='grc' dir='ltr'>Υἱῷ</span> <span class='ocrx_word' id='word_1_221' title='bbox 1573 2709 1587 2723; x_wconf 79' lang='grc' dir='ltr'>ο</span> <span class='ocrx_word' id='word_1_222' title='bbox 1624 2694 1717 2747; x_wconf 79' lang='grc' dir='ltr'>καὶ</span> <span class='ocrx_word' id='word_1_223' title='bbox 1743 2695 1804 2748; x_wconf 84' lang='grc' dir='ltr'>οὐ</span> <span class='ocrx_word' id='word_1_224' title='bbox 1832 2696 1992 2750; x_wconf 89' lang='grc' dir='ltr'>τοῦτο</span> <span class='ocrx_word' id='word_1_225' title='bbox 2020 2698 2115 2769; x_wconf 86' lang='grc' dir='ltr'>μό-</span> 
     </span>
    </p>
   </div>
   <div class='ocr_carea' id='block_1_30' title="bbox 544 2770 2111 2855">
    <p class='ocr_par' dir='ltr' id='par_1_30' title="bbox 544 2770 2111 2855">
     <span class='ocr_line' id='line_1_30' title="bbox 544 2770 2111 2855; baseline 0.01 -33"><span class='ocrx_word' id='word_1_226' title='bbox 544 2786 655 2834; x_wconf 92' lang='grc' dir='ltr'>νον,</span> <span class='ocrx_word' id='word_1_227' title='bbox 696 2770 832 2824; x_wconf 72' lang='grc' dir='ltr'>ἀλλὰ</span> <span class='ocrx_word' id='word_1_228' title='bbox 866 2773 959 2827; x_wconf 72' lang='grc' dir='ltr'>καὶ</span> <span class='ocrx_word' id='word_1_229' title='bbox 994 2774 1326 2845; x_wconf 42' lang='grc' dir='ltr'>ήνέπίτασις,</span> <span class='ocrx_word' id='word_1_230' title='bbox 1375 2776 1454 2847; x_wconf 85' lang='grc' dir='ltr'>τῷ</span> <span class='ocrx_word' id='word_1_231' title='bbox 1501 2778 1791 2851; x_wconf 81' lang='grc' dir='ltr'>ἀγαπητῷ.</span> <span class='ocrx_word' id='word_1_232' title='bbox 1845 2783 1985 2846; x_wconf 77' lang='grc' dir='ltr'>Τοὺς</span> <span class='ocrx_word' id='word_1_233' title='bbox 2021 2786 2111 2855; x_wconf 72' lang='grc' dir='ltr'>ὲχο</span> 
     </span>
    </p>
   </div>
   <div class='ocr_carea' id='block_1_31' title="bbox 544 2857 2114 2944">
    <p class='ocr_par' dir='ltr' id='par_1_31' title="bbox 544 2857 2114 2944">
     <span class='ocr_line' id='line_1_31' title="bbox 544 2857 2114 2944; baseline 0.011 -33"><span class='ocrx_word' id='word_1_234' title='bbox 544 2857 728 2929; x_wconf 74' lang='grc' dir='ltr'>θροῦς,</span> <span class='ocrx_word' id='word_1_235' title='bbox 765 2860 890 2924; x_wconf 72' lang='grc' dir='ltr'>τοὺς</span> <span class='ocrx_word' id='word_1_236' title='bbox 924 2863 1361 2934; x_wconf 84' lang='grc' dir='ltr'>ἐσκοτισμένους,</span> <span class='ocrx_word' id='word_1_237' title='bbox 1394 2865 1591 2937; x_wconf 84' lang='grc' dir='ltr'>ἀθρόον</span> <span class='ocrx_word' id='word_1_238' title='bbox 1620 2885 1722 2921; x_wconf 88' lang='grc' dir='ltr'>που</span> <span class='ocrx_word' id='word_1_239' title='bbox 1757 2870 1956 2936; x_wconf 81' lang='grc' dir='ltr'>αὐτοὺς</span> <span class='ocrx_word' id='word_1_240' title='bbox 1982 2891 2114 2944; x_wconf 85' lang='grc' dir='ltr'>μετ-</span> 
     </span>
    </p>
   </div>
   <div class='ocr_carea' id='block_1_32' title="bbox 543 2946 2110 3032">
    <p class='ocr_par' dir='ltr' id='par_1_32' title="bbox 543 2946 2110 3032">
     <span class='ocr_line' id='line_1_32' title="bbox 543 2946 2110 3032; baseline 0.011 -34"><span class='ocrx_word' id='word_1_241' title='bbox 543 2946 795 3016; x_wconf 85' lang='grc' dir='ltr'>έστησεν,</span> <span class='ocrx_word' id='word_1_242' title='bbox 827 2947 956 3001; x_wconf 76' lang='grc' dir='ltr'>ἔνθα</span> <span class='ocrx_word' id='word_1_243' title='bbox 1003 2950 1032 3003; x_wconf 91' lang='lat'>6</span> <span class='ocrx_word' id='word_1_244' title='bbox 1068 2949 1214 3013; x_wconf 82' lang='grc' dir='ltr'>Υίδς,</span> <span class='ocrx_word' id='word_1_245' title='bbox 1247 2952 1329 3015; x_wconf 89' lang='grc' dir='ltr'>εἰς</span> <span class='ocrx_word' id='word_1_246' title='bbox 1374 2951 1474 3023; x_wconf 79' lang='grc' dir='ltr'>τὴν</span> <span class='ocrx_word' id='word_1_247' title='bbox 1505 2954 1673 3025; x_wconf 78' lang='grc' dir='ltr'>αὐτὴν</span> <span class='ocrx_word' id='word_1_248' title='bbox 1706 2956 1897 3028; x_wconf 85' lang='grc' dir='ltr'>ἐκείνῳ</span> <span class='ocrx_word' id='word_1_249' title='bbox 1922 2962 2110 3032; x_wconf 87' lang='grc' dir='ltr'>τιμήν.</span> 
     </span>
    </p>
   </div>
   <div class='ocr_carea' id='block_1_33' title="bbox 542 3032 2113 3116">
    <p class='ocr_par' dir='ltr' id='par_1_33' title="bbox 542 3032 2113 3116">
     <span class='ocr_line' id='line_1_33' title="bbox 542 3032 2113 3116; baseline 0.01 -31"><span class='ocrx_word' id='word_1_250' title='bbox 542 3032 653 3086; x_wconf 74' lang='grc' dir='ltr'>Καὶ</span> <span class='ocrx_word' id='word_1_251' title='bbox 681 3033 800 3087; x_wconf 79' lang='grc' dir='ltr'>οὐδὲ</span> <span class='ocrx_word' id='word_1_252' title='bbox 832 3034 1007 3106; x_wconf 83' lang='grc' dir='ltr'>τούτῳ</span> <span class='ocrx_word' id='word_1_253' title='bbox 1035 3036 1282 3108; x_wconf 71' lang='grc' dir='ltr'>ἠρκέσθη</span> <span class='ocrx_word' id='word_1_254' title='bbox 1310 3037 1478 3109; x_wconf 83' lang='grc' dir='ltr'>μόνῳ,</span> <span class='ocrx_word' id='word_1_255' title='bbox 1514 3039 1629 3093; x_wconf 81' lang='grc' dir='ltr'>ἀλλ’</span> <span class='ocrx_word' id='word_1_256' title='bbox 1657 3042 1743 3095; x_wconf 84' lang='grc' dir='ltr'>ἴνα</span> <span class='ocrx_word' id='word_1_257' title='bbox 1773 3043 1919 3116; x_wconf 78' lang='grc' dir='ltr'>δείξῃ</span> <span class='ocrx_word' id='word_1_258' title='bbox 1971 3046 2113 3116; x_wconf 91' lang='grc' dir='ltr'>μέγα</span> 
     </span>
    </p>
   </div>
   <div class='ocr_carea' id='block_1_34' title="bbox 542 3120 2113 3199">
    <p class='ocr_par' dir='ltr' id='par_1_34' title="bbox 542 3120 2113 3199">
     <span class='ocr_line' id='line_1_34' title="bbox 542 3120 2113 3199; baseline 0.01 -27"><span class='ocrx_word' id='word_1_259' title='bbox 542 3120 604 3172; x_wconf 83' lang='grc' dir='ltr'>τὸ</span> <span class='ocrx_word' id='word_1_260' title='bbox 631 3120 824 3192; x_wconf 89' lang='grc' dir='ltr'>δῶρον,</span> <span class='ocrx_word' id='word_1_261' title='bbox 860 3123 961 3176; x_wconf 87' lang='grc' dir='ltr'>οὐκ</span> <span class='ocrx_word' id='word_1_262' title='bbox 1008 3123 1252 3195; x_wconf 75' lang='grc' dir='ltr'>ἠρκέσθη</span> <span class='ocrx_word' id='word_1_263' title='bbox 1299 3125 1378 3197; x_wconf 83' lang='grc' dir='ltr'>τῷ</span> <span class='ocrx_word' id='word_1_264' title='bbox 1412 3128 1606 3192; x_wconf 87' lang='grc' dir='ltr'>εἰπεῖν,</span> <span class='ocrx_word' id='word_1_265' title='bbox 1655 3128 1951 3199; x_wconf 78' lang='grc' dir='ltr'>βασιλείαν,</span> <span class='ocrx_word' id='word_1_266' title='bbox 1978 3133 2113 3188; x_wconf 68' lang='grc' dir='ltr'>ἀλλὰ</span> 
     </span>
    </p>
   </div>
   <div class='ocr_carea' id='block_1_35' title="bbox 541 3208 2113 3287">
    <p class='ocr_par' dir='ltr' id='par_1_35' title="bbox 541 3208 2113 3287">
     <span class='ocr_line' id='line_1_35' title="bbox 541 3208 2113 3287; baseline 0.01 -28"><span class='ocrx_word' id='word_1_267' title='bbox 541 3208 637 3260; x_wconf 69' lang='grc' dir='ltr'>καὶ</span> <span class='ocrx_word' id='word_1_268' title='bbox 662 3208 771 3262; x_wconf 83' lang='grc' dir='ltr'>τοῦ</span> <span class='ocrx_word' id='word_1_269' title='bbox 809 3208 945 3265; x_wconf 83' lang='grc' dir='ltr'>Υἱοῦ</span> <span class='ocrx_word' id='word_1_270' title='bbox 969 3211 1311 3282; x_wconf 87' lang='grc' dir='ltr'>προσέθηκε·</span> <span class='ocrx_word' id='word_1_271' title='bbox 1360 3214 1456 3267; x_wconf 76' lang='grc' dir='ltr'>καὶ</span> <span class='ocrx_word' id='word_1_272' title='bbox 1468 3214 1597 3268; x_wconf 89' lang='grc' dir='ltr'>οὐδὲ</span> <span class='ocrx_word' id='word_1_273' title='bbox 1629 3217 1826 3287; x_wconf 82' lang='grc' dir='ltr'>τούτῳ,</span> <span class='ocrx_word' id='word_1_274' title='bbox 1855 3219 1993 3273; x_wconf 86' lang='grc' dir='ltr'>ἀλλά</span> <span class='ocrx_word' id='word_1_275' title='bbox 2019 3223 2113 3275; x_wconf 68' lang='grc' dir='ltr'>καὶ⁵</span> 
     </span>
    </p>
   </div>
   <div class='ocr_carea' id='block_1_36' title="bbox 540 3294 2114 3380">
    <p class='ocr_par' dir='ltr' id='par_1_36' title="bbox 540 3294 2114 3380">
     <span class='ocr_line' id='line_1_36' title="bbox 540 3294 2114 3380; baseline 0.013 -35"><span class='ocrx_word' id='word_1_276' title='bbox 540 3294 635 3349; x_wconf 70' lang='grc' dir='ltr'>τοῦ</span> <span class='ocrx_word' id='word_1_277' title='bbox 668 3295 955 3370; x_wconf 82' lang='grc' dir='ltr'>ἀγαπητοῦ</span> <span class='ocrx_word' id='word_1_278' title='bbox 978 3317 990 3330; x_wconf 90' lang='grc'>·</span> <span class='ocrx_word' id='word_1_279' title='bbox 1032 3301 1126 3357; x_wconf 79' lang='grc' dir='ltr'>καὶ</span> <span class='ocrx_word' id='word_1_280' title='bbox 1146 3301 1268 3356; x_wconf 85' lang='grc' dir='ltr'>οὐδέ</span> <span class='ocrx_word' id='word_1_281' title='bbox 1290 3302 1482 3375; x_wconf 85' lang='grc' dir='ltr'>τούτῳ,</span> <span class='ocrx_word' id='word_1_282' title='bbox 1514 3304 1647 3359; x_wconf 87' lang='grc' dir='ltr'>άλλά</span> <span class='ocrx_word' id='word_1_283' title='bbox 1681 3307 1855 3361; x_wconf 77' lang='grc' dir='ltr'>καὶτὸ</span> <span class='ocrx_word' id='word_1_284' title='bbox 1891 3309 1990 3380; x_wconf 90' lang='grc' dir='ltr'>τῆς</span> <span class='ocrx_word' id='word_1_285' title='bbox 2015 3312 2114 3379; x_wconf 79' lang='grc' dir='ltr'>φύ-</span> 
     </span>
    </p>
   </div>
   <div class='ocr_carea' id='block_1_37' title="bbox 528 3382 2112 3460">
    <p class='ocr_par' dir='ltr' id='par_1_37' title="bbox 528 3382 2112 3460">
     <span class='ocr_line' id='line_1_37' title="bbox 528 3382 2112 3460; baseline 0.01 -27"><span class='ocrx_word' id='word_1_286' title='bbox 528 3397 680 3446; x_wconf 75' lang='grc' dir='ltr'>σεως</span> <span class='ocrx_word' id='word_1_287' title='bbox 715 3382 953 3455; x_wconf 77' lang='grc' dir='ltr'>ἔντιμον.</span> <span class='ocrx_word' id='word_1_288' title='bbox 982 3387 1048 3441; x_wconf 90' lang='grc' dir='ltr'>Τί</span> <span class='ocrx_word' id='word_1_289' title='bbox 1090 3389 1197 3460; x_wconf 85' lang='grc' dir='ltr'>γάρ</span> <span class='ocrx_word' id='word_1_290' title='bbox 1228 3406 1431 3459; x_wconf 85' lang='grc' dir='ltr'>φησιν;</span> <span class='ocrx_word' id='word_1_291' title='bbox 1469 3390 1578 3457; x_wconf 74' lang='lat' dir='ltr'>&quot;Oc</span> <span class='ocrx_word' id='word_1_292' title='bbox 1609 3391 1783 3445; x_wconf 82' lang='grc' dir='ltr'>ἐστιν</span> <span class='ocrx_word' id='word_1_293' title='bbox 1804 3393 1982 3448; x_wconf 68' lang='grc' dir='ltr'>εἰκὼν</span> <span class='ocrx_word' id='word_1_294' title='bbox 2006 3396 2112 3451; x_wconf 82' lang='grc' dir='ltr'>τοῦ</span> 
     </span>
    </p>
   </div>
   <div class='ocr_carea' id='block_1_38' title="bbox 540 3470 2111 3555">
    <p class='ocr_par' dir='ltr' id='par_1_38' title="bbox 540 3470 2111 3555">
     <span class='ocr_line' id='line_1_38' title="bbox 540 3470 2111 3555; baseline 0.009 -31"><span class='ocrx_word' id='word_1_295' title='bbox 540 3470 692 3526; x_wconf 74' lang='grc' dir='ltr'>Θεοῦ</span> <span class='ocrx_word' id='word_1_296' title='bbox 720 3473 828 3529; x_wconf 82' lang='grc' dir='ltr'>τοῦ</span> <span class='ocrx_word' id='word_1_297' title='bbox 864 3474 1141 3545; x_wconf 78' lang='grc' dir='ltr'>ἀοράτου.</span> <span class='ocrx_word' id='word_1_298' title='bbox 1186 3478 1325 3531; x_wconf 77' lang='grc' dir='ltr'>Ἀλλ’</span> <span class='ocrx_word' id='word_1_299' title='bbox 1351 3479 1451 3533; x_wconf 81' lang='grc' dir='ltr'>οὐκ</span> <span class='ocrx_word' id='word_1_300' title='bbox 1476 3478 1681 3545; x_wconf 85' lang='grc' dir='ltr'>εὐθέως</span> <span class='ocrx_word' id='word_1_301' title='bbox 1714 3481 1805 3535; x_wconf 79' lang='grc' dir='ltr'>ἐπὶ</span> <span class='ocrx_word' id='word_1_302' title='bbox 1833 3481 1991 3537; x_wconf 86' lang='grc' dir='ltr'>τοῦτο</span> <span class='ocrx_word' id='word_1_303' title='bbox 2018 3480 2111 3555; x_wconf 79' lang='grc' dir='ltr'>ἧλ-</span> 
     </span>
    </p>
   </div>
   <div class='ocr_carea' id='block_1_39' title="bbox 538 3558 2107 3641">
    <p class='ocr_par' dir='ltr' id='par_1_39' title="bbox 538 3558 2107 3641">
     <span class='ocr_line' id='line_1_39' title="bbox 538 3558 2107 3641; baseline 0.01 -29"><span class='ocrx_word' id='word_1_304' title='bbox 538 3558 650 3625; x_wconf 82' lang='grc' dir='ltr'>θεν,</span> <span class='ocrx_word' id='word_1_305' title='bbox 682 3560 816 3615; x_wconf 85' lang='grc' dir='ltr'>ἀλλά</span> <span class='ocrx_word' id='word_1_306' title='bbox 847 3563 1184 3634; x_wconf 78' lang='grc' dir='ltr'>παρενέϐαλε</span> <span class='ocrx_word' id='word_1_307' title='bbox 1220 3564 1319 3637; x_wconf 85' lang='grc' dir='ltr'>τὴν</span> <span class='ocrx_word' id='word_1_308' title='bbox 1364 3566 1680 3638; x_wconf 88' lang='grc' dir='ltr'>εὐεργεσίαν</span> <span class='ocrx_word' id='word_1_309' title='bbox 1708 3569 1807 3640; x_wconf 81' lang='grc' dir='ltr'>τῆν</span> <span class='ocrx_word' id='word_1_310' title='bbox 1832 3571 1912 3635; x_wconf 88' lang='grc' dir='ltr'>εἰς</span> <span class='ocrx_word' id='word_1_311' title='bbox 1942 3573 2107 3641; x_wconf 79' lang='grc' dir='ltr'>ἡμᾶς.</span> 
     </span>
    </p>
   </div>
   <div class='ocr_carea' id='block_1_40' title="bbox 523 3645 2111 3731">
    <p class='ocr_par' dir='ltr' id='par_1_40' title="bbox 523 3645 2111 3731">
     <span class='ocr_line' id='line_1_40' title="bbox 523 3645 2111 3731; baseline 0.007 -28"><span class='ocrx_word' id='word_1_312' title='bbox 523 3645 655 3703; x_wconf 64' lang='grc' dir='ltr'>’Ἵνα</span> <span class='ocrx_word' id='word_1_313' title='bbox 683 3649 794 3723; x_wconf 91' lang='grc' dir='ltr'>γάρ</span> <span class='ocrx_word' id='word_1_314' title='bbox 829 3651 903 3723; x_wconf 82' lang='grc' dir='ltr'>μὴ</span> <span class='ocrx_word' id='word_1_315' title='bbox 935 3653 1171 3719; x_wconf 88' lang='grc' dir='ltr'>ἀκούων,</span> <span class='ocrx_word' id='word_1_316' title='bbox 1202 3654 1289 3708; x_wconf 84' lang='grc' dir='ltr'>ὅτι</span> <span class='ocrx_word' id='word_1_317' title='bbox 1317 3654 1376 3708; x_wconf 82' lang='grc' dir='ltr'>τὸ</span> <span class='ocrx_word' id='word_1_318' title='bbox 1405 3657 1513 3709; x_wconf 81' lang='grc' dir='ltr'>πᾶν</span> <span class='ocrx_word' id='word_1_319' title='bbox 1540 3656 1632 3710; x_wconf 89' lang='grc' dir='ltr'>τοῦ</span> <span class='ocrx_word' id='word_1_320' title='bbox 1664 3659 1876 3729; x_wconf 78' lang='grc' dir='ltr'>Πατρδς</span> <span class='ocrx_word' id='word_1_321' title='bbox 1910 3655 1997 3731; x_wconf 82' lang='grc' dir='ltr'>ἦν,</span> <span class='ocrx_word' id='word_1_322' title='bbox 2026 3679 2111 3714; x_wconf 78' lang='grc' dir='ltr'>νο·</span> 
     </span>
    </p>
   </div>
   <div class='ocr_carea' id='block_1_41' title="bbox 538 3735 2110 3819">
    <p class='ocr_par' dir='ltr' id='par_1_41' title="bbox 538 3735 2110 3819">
     <span class='ocr_line' id='line_1_41' title="bbox 538 3735 2110 3819; baseline 0.009 -32"><span class='ocrx_word' id='word_1_323' title='bbox 538 3735 702 3808; x_wconf 75' lang='grc' dir='ltr'>μίσῃς</span> <span class='ocrx_word' id='word_1_324' title='bbox 734 3738 826 3791; x_wconf 77' lang='grc' dir='ltr'>τὸν</span> <span class='ocrx_word' id='word_1_325' title='bbox 873 3738 1002 3792; x_wconf 82' lang='grc' dir='ltr'>Υίδν</span> <span class='ocrx_word' id='word_1_326' title='bbox 1049 3739 1207 3802; x_wconf 80' lang='grc' dir='ltr'>ἐκτὸς</span> <span class='ocrx_word' id='word_1_327' title='bbox 1260 3738 1421 3806; x_wconf 79' lang='grc' dir='ltr'>εἰναι,</span> <span class='ocrx_word' id='word_1_328' title='bbox 1467 3742 1649 3796; x_wconf 85' lang='grc' dir='ltr'>δίδωσι</span> <span class='ocrx_word' id='word_1_329' title='bbox 1689 3745 1749 3819; x_wconf 68' lang='grc' dir='ltr'>το</span> <span class='ocrx_word' id='word_1_330' title='bbox 1779 3747 1887 3799; x_wconf 80' lang='grc' dir='ltr'>πᾶν</span> <span class='ocrx_word' id='word_1_331' title='bbox 1914 3747 2110 3819; x_wconf 77' lang='grc' dir='ltr'>καὶτῷ</span> 
     </span>
    </p>
   </div>
   <div class='ocr_carea' id='block_1_42' title="bbox 535 3816 2111 3904">
    <p class='ocr_par' dir='ltr' id='par_1_42' title="bbox 535 3816 2111 3904">
     <span class='ocr_line' id='line_1_42' title="bbox 535 3816 2111 3904; baseline 0.009 -31"><span class='ocrx_word' id='word_1_332' title='bbox 535 3821 672 3890; x_wconf 84' lang='grc' dir='ltr'>Υἰῷ,</span> <span class='ocrx_word' id='word_1_333' title='bbox 704 3822 1012 3904; x_wconf 69' lang='grc' dir='ltr'>δίδωσι-καὶ</span> <span class='ocrx_word' id='word_1_334' title='bbox 1048 3825 1129 3894; x_wconf 81' lang='grc' dir='ltr'>τῷ</span> <span class='ocrx_word' id='word_1_335' title='bbox 1179 3826 1373 3895; x_wconf 89' lang='grc' dir='ltr'>Πατρί.</span> <span class='ocrx_word' id='word_1_336' title='bbox 1422 3828 1657 3891; x_wconf 83' lang='grc' dir='ltr'>Ἐκεῖνος</span> <span class='ocrx_word' id='word_1_337' title='bbox 1702 3816 1800 3899; x_wconf 77' lang='grc' dir='ltr'>μὲν</span> <span class='ocrx_word' id='word_1_338' title='bbox 1836 3834 1944 3903; x_wconf 78' lang='grc' dir='ltr'>γὰρ</span> <span class='ocrx_word' id='word_1_339' title='bbox 1983 3816 2111 3904; x_wconf 22' lang='grc' dir='ltr'>μετ*-</span> 
     </span>
    </p>
   </div>
   <div class='ocr_carea' id='block_1_43' title="bbox 535 3900 2103 3990">
    <p class='ocr_par' dir='ltr' id='par_1_43' title="bbox 535 3900 2103 3990">
     <span class='ocr_line' id='line_1_43' title="bbox 535 3900 2103 3990; baseline 0.011 -32"><span class='ocrx_word' id='word_1_340' title='bbox 535 3906 755 3975; x_wconf 83' lang='grc' dir='ltr'>έθηκεν,</span> <span class='ocrx_word' id='word_1_341' title='bbox 782 3900 1065 3972; x_wconf 78' lang='grc' dir='ltr'>άλλόὗτος</span> <span class='ocrx_word' id='word_1_342' title='bbox 1092 3909 1193 3981; x_wconf 81' lang='grc' dir='ltr'>τὴν</span> <span class='ocrx_word' id='word_1_343' title='bbox 1213 3912 1391 3965; x_wconf 80' lang='grc' dir='ltr'>αἰτίαν</span> <span class='ocrx_word' id='word_1_344' title='bbox 1416 3914 1676 3985; x_wconf 82' lang='grc' dir='ltr'>παρέσχε.</span> <span class='ocrx_word' id='word_1_345' title='bbox 1702 3916 1768 3969; x_wconf 87' lang='grc' dir='ltr'>Τί</span> <span class='ocrx_word' id='word_1_346' title='bbox 1787 3918 1893 3988; x_wconf 89' lang='grc' dir='ltr'>γάρ</span> <span class='ocrx_word' id='word_1_347' title='bbox 1914 3900 2103 3990; x_wconf 76' lang='grc' dir='ltr'>φησινς</span> 
     </span>
    </p>
   </div>
   <div class='ocr_carea' id='block_1_44' title="bbox 540 3994 2105 4075">
    <p class='ocr_par' dir='ltr' id='par_1_44' title="bbox 540 3994 2105 4075">
     <span class='ocr_line' id='line_1_44' title="bbox 540 3994 2105 4075; baseline 0.011 -29"><span class='ocrx_word' id='word_1_348' title='bbox 540 3996 643 4060; x_wconf 83' lang='grc' dir='ltr'>Ὃς</span> <span class='ocrx_word' id='word_1_349' title='bbox 669 3994 964 4063; x_wconf 74' lang='grc' dir='ltr'>έρῤύσατο</span> <span class='ocrx_word' id='word_1_350' title='bbox 989 3995 1149 4065; x_wconf 75' lang='grc' dir='ltr'>ἡμᾶς</span> <span class='ocrx_word' id='word_1_351' title='bbox 1168 3997 1237 4051; x_wconf 80' lang='grc' dir='ltr'>ἐκ</span> <span class='ocrx_word' id='word_1_352' title='bbox 1266 3996 1375 4067; x_wconf 82' lang='grc' dir='ltr'>τῆς</span> <span class='ocrx_word' id='word_1_353' title='bbox 1386 3999 1675 4067; x_wconf 75' lang='grc' dir='ltr'>ἐξουσίας</span> <span class='ocrx_word' id='word_1_354' title='bbox 1691 4003 1798 4057; x_wconf 81' lang='grc' dir='ltr'>τοῦ</span> <span class='ocrx_word' id='word_1_355' title='bbox 1822 4008 2105 4075; x_wconf 82' lang='grc' dir='ltr'>σκότους.</span> 
     </span>
    </p>
   </div>
   <div class='ocr_carea' id='block_1_45' title="bbox 464 4079 2106 4162">
    <p class='ocr_par' dir='ltr' id='par_1_45' title="bbox 464 4079 2106 4162">
     <span class='ocr_line' id='line_1_45' title="bbox 464 4079 2106 4162; baseline 0.009 -28"><span class='ocrx_word' id='word_1_356' title='bbox 464 4086 484 4162; x_wconf 54' lang='grc' dir='ltr'>ξ</span> <span class='ocrx_word' id='word_1_357' title='bbox 532 4081 740 4136; x_wconf 80' lang='grc' dir='ltr'>Ταύτὸν</span> <span class='ocrx_word' id='word_1_358' title='bbox 765 4082 822 4137; x_wconf 90' lang='grc' dir='ltr'>δὲ</span> <span class='ocrx_word' id='word_1_359' title='bbox 844 4083 961 4137; x_wconf 81' lang='grc' dir='ltr'>ἐστὶ</span> <span class='ocrx_word' id='word_1_360' title='bbox 990 4083 1091 4155; x_wconf 87' lang='grc' dir='ltr'>τῷ,</span> <span class='ocrx_word' id='word_1_361' title='bbox 1125 4086 1230 4139; x_wconf 75' lang='grc' dir='ltr'><em>Ἐν</em></span> <span class='ocrx_word' id='word_1_362' title='bbox 1273 4079 1322 4153; x_wconf 80' lang='grc' dir='ltr'>ᾧ</span> <span class='ocrx_word' id='word_1_363' title='bbox 1355 4086 1573 4156; x_wconf 79' lang='grc' dir='ltr'>ἔχομεν</span> <span class='ocrx_word' id='word_1_364' title='bbox 1599 4088 1714 4157; x_wconf 80' lang='grc' dir='ltr'>τὴν</span> <span class='ocrx_word' id='word_1_365' title='bbox 1760 4091 2106 4162; x_wconf 81' lang='grc' dir='ltr'>ἀπολύτρω-</span> 
     </span>
    </p>
   </div>
   <div class='ocr_carea' id='block_1_46' title="bbox 474 4150 2106 4255">
    <p class='ocr_par' dir='ltr' id='par_1_46' title="bbox 474 4150 2106 4255">
     <span class='ocr_line' id='line_1_46' title="bbox 474 4150 2106 4255; baseline 0.021 -34"><span class='ocrx_word' id='word_1_366' title='bbox 533 4184 658 4235; x_wconf 83' lang='grc' dir='ltr'>σιν,</span> <span class='ocrx_word' id='word_1_367' title='bbox 699 4169 817 4239; x_wconf 82' lang='grc' dir='ltr'>τὴν</span> <span class='ocrx_word' id='word_1_368' title='bbox 850 4150 1076 4241; x_wconf 60' lang='grc' dir='ltr'>ἄφεσιν·</span> <span class='ocrx_word' id='word_1_369' title='bbox 1104 4171 1225 4226; x_wconf 83' lang='grc' dir='ltr'>τῶν</span> <span class='ocrx_word' id='word_1_370' title='bbox 1259 4150 1710 4243; x_wconf 60' lang='grc' dir='ltr'>ἀμαῇτῆμάτωὶοο</span> <span class='ocrx_word' id='word_1_371' title='bbox 1763 4178 1827 4231; x_wconf 72' lang='grc' dir='ltr'>Εἰ</span> <span class='ocrx_word' id='word_1_372' title='bbox 1869 4150 2006 4251; x_wconf 66' lang='grc' dir='ltr'>γάρ’</span> <span class='ocrx_word' id='word_1_373' title='bbox 2030 4183 2106 4255; x_wconf 74' lang='grc' dir='ltr'>μὴ</span> 
     </span>
    </p>
   </div>
   <div class='ocr_carea' id='block_1_47' title="bbox 469 4252 2103 4338">
    <p class='ocr_par' dir='ltr' id='par_1_47' title="bbox 469 4252 2103 4338">
     <span class='ocr_line' id='line_1_47' title="bbox 469 4252 2103 4338; baseline 0.009 -29"><span class='ocrx_word' id='word_1_374' title='bbox 469 4252 477 4338; x_wconf 74' lang='grc' dir='ltr'><em>ξ</em></span> <span class='ocrx_word' id='word_1_375' title='bbox 529 4256 839 4327; x_wconf 82' lang='grc' dir='ltr'>ἀφείθημεν</span> <span class='ocrx_word' id='word_1_376' title='bbox 875 4256 984 4313; x_wconf 87' lang='grc' dir='ltr'>τῶν</span> <span class='ocrx_word' id='word_1_377' title='bbox 1014 4259 1448 4332; x_wconf 80' lang='grc' dir='ltr'>ἁμαρτημάτων,</span> <span class='ocrx_word' id='word_1_378' title='bbox 1477 4261 1576 4315; x_wconf 82' lang='grc' dir='ltr'>οὐκ</span> <span class='ocrx_word' id='word_1_379' title='bbox 1623 4262 1690 4317; x_wconf 85' lang='grc' dir='ltr'>ἂν</span> <span class='ocrx_word' id='word_1_380' title='bbox 1740 4252 2103 4338; x_wconf 77' lang='grc' dir='ltr'>μετέστημεν.</span> 
     </span>
    </p>
   </div>
   <div class='ocr_carea' id='block_1_48' title="bbox 463 4323 2107 4426">
    <p class='ocr_par' dir='ltr' id='par_1_48' title="bbox 463 4323 2107 4426">
     <span class='ocr_line' id='line_1_48' title="bbox 463 4323 2107 4426; baseline 0.006 -30"><span class='ocrx_word' id='word_1_381' title='bbox 463 4323 474 4426; x_wconf 66' lang='grc' dir='ltr'><em>ἔ</em></span> <span class='ocrx_word' id='word_1_382' title='bbox 544 4323 677 4397; x_wconf 84' lang='grc' dir='ltr'>Ἰδοὺ</span> <span class='ocrx_word' id='word_1_383' title='bbox 707 4323 868 4400; x_wconf 74' lang='grc' dir='ltr'>πάλιν</span> <span class='ocrx_word' id='word_1_384' title='bbox 900 4323 1256 4410; x_wconf 63' lang='grc' dir='ltr'>ινταᾱθσίτὸζ</span> <span class='ocrx_word' id='word_1_385' title='bbox 1290 4348 1393 4401; x_wconf 81' lang='grc' dir='ltr'>Ἐν</span> <span class='ocrx_word' id='word_1_386' title='bbox 1413 4323 1482 4415; x_wconf 70' lang='grc' dir='ltr'>ᾧ.</span> <span class='ocrx_word' id='word_1_387' title='bbox 1506 4348 1614 4403; x_wconf 79' lang='grc' dir='ltr'>Καὶ</span> <span class='ocrx_word' id='word_1_388' title='bbox 1638 4323 1882 4406; x_wconf 73' lang='grc' dir='ltr'>οὐκέῖπε</span> <span class='ocrx_word' id='word_1_389' title='bbox 1903 4323 2107 4426; x_wconf 63' lang='grc' dir='ltr'>λύ’ἑρωᾲ</span> 
     </span>
    </p>
   </div>
   <div class='ocr_carea' id='block_1_49' title="bbox 462 4422 2101 4507">
    <p class='ocr_par' dir='ltr' id='par_1_49' title="bbox 462 4422 2101 4507">
     <span class='ocr_line' id='line_1_49' title="bbox 462 4422 2101 4507; baseline 0.009 -25"><span class='ocrx_word' id='word_1_390' title='bbox 462 4422 465 4429; x_wconf 80' lang='grc'><em>’</em></span> <span class='ocrx_word' id='word_1_391' title='bbox 532 4446 639 4491; x_wconf 86' lang='grc' dir='ltr'>σιν.</span> <span class='ocrx_word' id='word_1_392' title='bbox 687 4431 801 4485; x_wconf 84' lang='grc' dir='ltr'>ἀλλ’</span> <span class='ocrx_word' id='word_1_393' title='bbox 832 4432 1257 4505; x_wconf 77' lang='grc' dir='ltr'>’Δπολύτρωσιν,</span> <span class='ocrx_word' id='word_1_394' title='bbox 1302 4432 1444 4487; x_wconf 82' lang='grc' dir='ltr'>ὥστε</span> <span class='ocrx_word' id='word_1_395' title='bbox 1489 4435 1623 4507; x_wconf 79' lang='grc' dir='ltr'>μηδὲ</span> <span class='ocrx_word' id='word_1_396' title='bbox 1668 4442 1855 4493; x_wconf 88' lang='grc' dir='ltr'>πεσεῖν</span> <span class='ocrx_word' id='word_1_397' title='bbox 1897 4422 2101 4505; x_wconf 73' lang='grc' dir='ltr'>λοιπὸν.</span> 
     </span>
    </p>
   </div>
   <div class='ocr_carea' id='block_1_50' title="bbox 531 4517 2103 4592">
    <p class='ocr_par' dir='ltr' id='par_1_50' title="bbox 531 4517 2103 4592">
     <span class='ocr_line' id='line_1_50' title="bbox 531 4517 2103 4592; baseline 0.008 -22"><span class='ocrx_word' id='word_1_398' title='bbox 531 4517 669 4589; x_wconf 85' lang='grc' dir='ltr'>μηδέ</span> <span class='ocrx_word' id='word_1_399' title='bbox 703 4517 960 4586; x_wconf 88' lang='grc' dir='ltr'>γενέσθαι.</span> <span class='ocrx_word' id='word_1_400' title='bbox 985 4519 1232 4592; x_wconf 89' lang='grc' dir='ltr'>θνητούς.</span> <span class='ocrx_word' id='word_1_401' title='bbox 1259 4520 1369 4586; x_wconf 70' lang='lat' dir='ltr'>&quot;Oc</span> <span class='ocrx_word' id='word_1_402' title='bbox 1408 4521 1580 4575; x_wconf 78' lang='grc' dir='ltr'>ἐστιν</span> <span class='ocrx_word' id='word_1_403' title='bbox 1603 4522 1780 4577; x_wconf 75' lang='grc' dir='ltr'>εἰκὼν</span> <span class='ocrx_word' id='word_1_404' title='bbox 1806 4526 1912 4580; x_wconf 84' lang='grc' dir='ltr'>τοῦ</span> <span class='ocrx_word' id='word_1_405' title='bbox 1956 4527 2103 4582; x_wconf 83' lang='grc' dir='ltr'>Θεοῦ</span> 
     </span>
    </p>
   </div>
   <div class='ocr_carea' id='block_1_51' title="bbox 527 4606 2103 4680">
    <p class='ocr_par' dir='ltr' id='par_1_51' title="bbox 527 4606 2103 4680">
     <span class='ocr_line' id='line_1_51' title="bbox 527 4606 2103 4680; baseline 0.006 -21"><span class='ocrx_word' id='word_1_406' title='bbox 527 4606 633 4660; x_wconf 77' lang='grc' dir='ltr'>τοῦ</span> <span class='ocrx_word' id='word_1_407' title='bbox 681 4606 960 4674; x_wconf 73' lang='grc' dir='ltr'>ἀοράτου,</span> <span class='ocrx_word' id='word_1_408' title='bbox 1009 4610 1384 4676; x_wconf 75' lang='grc' dir='ltr'>πρωτότοκος</span> <span class='ocrx_word' id='word_1_409' title='bbox 1438 4608 1641 4677; x_wconf 80' lang='grc' dir='ltr'>πάσης</span> <span class='ocrx_word' id='word_1_410' title='bbox 1689 4612 1958 4680; x_wconf 82' lang='grc' dir='ltr'>κτΙσεως.</span> <span class='ocrx_word' id='word_1_411' title='bbox 2009 4616 2103 4680; x_wconf 80' lang='grc' dir='ltr'>Εἰς</span> 
     </span>
    </p>
   </div>
   <div class='ocr_carea' id='block_1_52' title="bbox 526 4690 2094 4774">
    <p class='ocr_par' dir='ltr' id='par_1_52' title="bbox 526 4690 2094 4774">
     <span class='ocr_line' id='line_1_52' title="bbox 526 4690 2094 4774; baseline 0.008 -31"><span class='ocrx_word' id='word_1_412' title='bbox 526 4690 751 4763; x_wconf 83' lang='grc' dir='ltr'>ζήτημα</span> <span class='ocrx_word' id='word_1_413' title='bbox 778 4694 1124 4765; x_wconf 77' lang='grc' dir='ltr'>ἐμπίπτομεν</span> <span class='ocrx_word' id='word_1_414' title='bbox 1174 4692 1326 4768; x_wconf 76' lang='lat'>[3&#39;58]</span> <span class='ocrx_word' id='word_1_415' title='bbox 1380 4697 1651 4767; x_wconf 87' lang='grc' dir='ltr'>αἰρετικόν</span> <span class='ocrx_word' id='word_1_416' title='bbox 1675 4715 1689 4729; x_wconf 75' lang='grc' dir='ltr'><strong>ο</strong></span> <span class='ocrx_word' id='word_1_417' title='bbox 1745 4698 1826 4753; x_wconf 80' lang='grc' dir='ltr'>διὸ</span> <span class='ocrx_word' id='word_1_418' title='bbox 1855 4701 2094 4774; x_wconf 78' lang='grc' dir='ltr'>σήμερον</span> 
     </span>
    </p>
   </div>
   <div class='ocr_carea' id='block_1_53' title="bbox 526 4777 2092 4858">
    <p class='ocr_par' dir='ltr' id='par_1_53' title="bbox 526 4777 2092 4858">
     <span class='ocr_line' id='line_1_53' title="bbox 526 4777 2092 4858; baseline 0.007 -26"><span class='ocrx_word' id='word_1_419' title='bbox 526 4777 1002 4850; x_wconf 77' lang='grc' dir='ltr'>ἀναϐαλλομένους</span> <span class='ocrx_word' id='word_1_420' title='bbox 1026 4779 1216 4852; x_wconf 85' lang='grc' dir='ltr'>αὐριον</span> <span class='ocrx_word' id='word_1_421' title='bbox 1237 4781 1395 4836; x_wconf 87' lang='grc' dir='ltr'>τοῦτο</span> <span class='ocrx_word' id='word_1_422' title='bbox 1435 4782 1759 4857; x_wconf 88' lang='grc' dir='ltr'>προσθεῖναι.</span> <span class='ocrx_word' id='word_1_423' title='bbox 1779 4786 1880 4852; x_wconf 86' lang='grc' dir='ltr'>δεῖ,</span> <span class='ocrx_word' id='word_1_424' title='bbox 1908 4790 2092 4858; x_wconf 83' lang='grc' dir='ltr'>ἀκμα-</span> 
     </span>
    </p>
   </div>
   <div class='ocr_carea' id='block_1_54' title="bbox 518 4863 2097 4941">
    <p class='ocr_par' dir='ltr' id='par_1_54' title="bbox 518 4863 2097 4941">
     <span class='ocr_line' id='line_1_54' title="bbox 518 4863 2097 4941; baseline 0.007 -23"><span class='ocrx_word' id='word_1_425' title='bbox 518 4863 746 4931; x_wconf 74' lang='grc' dir='ltr'>ζούσαις</span> <span class='ocrx_word' id='word_1_426' title='bbox 782 4867 935 4936; x_wconf 86' lang='grc' dir='ltr'>ὐμῶν</span> <span class='ocrx_word' id='word_1_427' title='bbox 967 4869 1088 4931; x_wconf 91' lang='grc' dir='ltr'>ταῖς</span> <span class='ocrx_word' id='word_1_428' title='bbox 1118 4868 1310 4933; x_wconf 81' lang='grc' dir='ltr'>ἀκοαῖς</span> <span class='ocrx_word' id='word_1_429' title='bbox 1339 4869 1793 4941; x_wconf 73' lang='grc' dir='ltr'>προσϐάλλοντας.</span> <span class='ocrx_word' id='word_1_430' title='bbox 1829 4874 1892 4927; x_wconf 88' lang='grc' dir='ltr'>Εἰ</span> <span class='ocrx_word' id='word_1_431' title='bbox 1930 4874 1986 4928; x_wconf 86' lang='grc' dir='ltr'>δέ</span> <span class='ocrx_word' id='word_1_432' title='bbox 2015 4876 2097 4929; x_wconf 86' lang='grc' dir='ltr'>δεῖ</span> 
     </span>
    </p>
   </div>
   <div class='ocr_carea' id='block_1_55' title="bbox 520 4951 2095 5027">
    <p class='ocr_par' dir='ltr' id='par_1_55' title="bbox 520 4951 2095 5027">
     <span class='ocr_line' id='line_1_55' title="bbox 520 4951 2095 5027; baseline 0.008 -22"><span class='ocrx_word' id='word_1_433' title='bbox 520 4968 575 5005; x_wconf 82' lang='grc' dir='ltr'>τι</span> <span class='ocrx_word' id='word_1_434' title='bbox 603 4951 764 5005; x_wconf 86' lang='grc' dir='ltr'>πλέον</span> <span class='ocrx_word' id='word_1_435' title='bbox 792 4953 988 5018; x_wconf 86' lang='grc' dir='ltr'>εἰπεῖν,</span> <span class='ocrx_word' id='word_1_436' title='bbox 1012 4951 1205 5023; x_wconf 70' lang='grc' dir='ltr'>μεῖζον,</span> <span class='ocrx_word' id='word_1_437' title='bbox 1219 4954 1314 5009; x_wconf 87' lang='grc' dir='ltr'>τοῦ</span> <span class='ocrx_word' id='word_1_438' title='bbox 1336 4954 1473 5009; x_wconf 55' lang='grc' dir='ltr'>⁴Υίοῦ</span> <span class='ocrx_word' id='word_1_439' title='bbox 1490 4955 1669 5027; x_wconf 71' lang='grc' dir='ltr'>ἔργον.</span> <span class='ocrx_word' id='word_1_440' title='bbox 1703 4958 1857 5026; x_wconf 86' lang='grc' dir='ltr'>Πῶς;</span> <span class='ocrx_word' id='word_1_441' title='bbox 1891 4961 2095 5016; x_wconf 82' lang='grc' dir='ltr'>Ἐκεῖνο</span> 
     </span>
    </p>
   </div>
   <div class='ocr_carea' id='block_1_56' title="bbox 506 5036 2097 5121">
    <p class='ocr_par' dir='ltr' id='par_1_56' title="bbox 506 5036 2097 5121">
     <span class='ocr_line' id='line_1_56' title="bbox 506 5036 2097 5121; baseline 0.01 -32"><span class='ocrx_word' id='word_1_442' title='bbox 506 5038 625 5108; x_wconf 64' lang='grc' dir='ltr'>,μὲν</span> <span class='ocrx_word' id='word_1_443' title='bbox 658 5039 768 5110; x_wconf 85' lang='grc' dir='ltr'>γὰρ</span> <span class='ocrx_word' id='word_1_444' title='bbox 801 5036 1065 5093; x_wconf 82' lang='grc' dir='ltr'>ἀδύνατον</span> <span class='ocrx_word' id='word_1_445' title='bbox 1094 5039 1325 5109; x_wconf 87' lang='grc' dir='ltr'>γίνεται,</span> <span class='ocrx_word' id='word_1_446' title='bbox 1370 5043 1432 5097; x_wconf 79' lang='grc' dir='ltr'>τὸ</span> <span class='ocrx_word' id='word_1_447' title='bbox 1462 5046 1520 5100; x_wconf 78' lang='grc' dir='ltr'>ἐν</span> <span class='ocrx_word' id='word_1_448' title='bbox 1570 5048 1682 5110; x_wconf 86' lang='grc' dir='ltr'>τοῖς</span> <span class='ocrx_word' id='word_1_449' title='bbox 1736 5048 2097 5121; x_wconf 81' lang='grc' dir='ltr'>ἁμαρτήμασι</span> 
     </span>
    </p>
   </div>
   <div class='ocr_carea' id='block_1_57' title="bbox 509 5123 2095 5207">
    <p class='ocr_par' dir='ltr' id='par_1_57' title="bbox 509 5123 2095 5207">
     <span class='ocr_line' id='line_1_57' title="bbox 509 5123 2095 5207; baseline 0.008 -29"><span class='ocrx_word' id='word_1_450' title='bbox 509 5124 747 5196; x_wconf 60' lang='grc' dir='ltr'>,μένουσι</span> <span class='ocrx_word' id='word_1_451' title='bbox 805 5123 988 5180; x_wconf 77' lang='grc' dir='ltr'>δοῦναι</span> <span class='ocrx_word' id='word_1_452' title='bbox 1032 5123 1333 5196; x_wconf 82' lang='grc' dir='ltr'>βασιλείαν,</span> <span class='ocrx_word' id='word_1_453' title='bbox 1389 5130 1548 5187; x_wconf 87' lang='grc' dir='ltr'>τοῦτο</span> <span class='ocrx_word' id='word_1_454' title='bbox 1592 5130 1647 5185; x_wconf 85' lang='grc' dir='ltr'>δὲ</span> <span class='ocrx_word' id='word_1_455' title='bbox 1698 5133 2095 5207; x_wconf 73' lang='grc' dir='ltr'>εὐκολιὲιτιερον⁶</span> 
     </span>
    </p>
   </div>
   <div class='ocr_carea' id='block_1_58' title="bbox 521 5212 2097 5297">
    <p class='ocr_par' dir='ltr' id='par_1_58' title="bbox 521 5212 2097 5297">
     <span class='ocr_line' id='line_1_58' title="bbox 521 5212 2097 5297; baseline 0.008 -31"><span class='ocrx_word' id='word_1_456' title='bbox 521 5212 663 5267; x_wconf 80' lang='grc' dir='ltr'>ὥστε</span> <span class='ocrx_word' id='word_1_457' title='bbox 694 5216 762 5286; x_wconf 73' lang='grc' dir='ltr'><strong>τῇ</strong></span> <span class='ocrx_word' id='word_1_458' title='bbox 792 5214 973 5288; x_wconf 74' lang='grc' dir='ltr'>δωρεᾷ</span> <span class='ocrx_word' id='word_1_459' title='bbox 993 5214 1314 5287; x_wconf 82' lang='grc' dir='ltr'>ὡδοποίησε.</span> <span class='ocrx_word' id='word_1_460' title='bbox 1346 5215 1412 5270; x_wconf 89' lang='grc' dir='ltr'>Τί</span> <span class='ocrx_word' id='word_1_461' title='bbox 1449 5218 1661 5288; x_wconf 85' lang='grc' dir='ltr'>λέγεις;</span> <span class='ocrx_word' id='word_1_462' title='bbox 1694 5222 1815 5276; x_wconf 86' lang='grc' dir='ltr'>Τῶν</span> <span class='ocrx_word' id='word_1_463' title='bbox 1842 5223 2097 5297; x_wconf 78' lang='grc' dir='ltr'>ἁμαρτη-</span> 
     </span>
    </p>
   </div>
   <div class='ocr_carea' id='block_1_59' title="bbox 520 5300 2095 5383">
    <p class='ocr_par' dir='ltr' id='par_1_59' title="bbox 520 5300 2095 5383">
     <span class='ocr_line' id='line_1_59' title="bbox 520 5300 2095 5383; baseline 0.009 -31"><span class='ocrx_word' id='word_1_464' title='bbox 520 5300 710 5371; x_wconf 78' lang='grc' dir='ltr'>μάτων</span> <span class='ocrx_word' id='word_1_465' title='bbox 743 5317 803 5355; x_wconf 93' lang='grc' dir='ltr'>σε</span> <span class='ocrx_word' id='word_1_466' title='bbox 826 5303 987 5367; x_wconf 84' lang='grc' dir='ltr'>αὐτὸς</span> <span class='ocrx_word' id='word_1_467' title='bbox 1030 5302 1261 5375; x_wconf 83' lang='grc' dir='ltr'>ἀφῆκεν,</span> <span class='ocrx_word' id='word_1_468' title='bbox 1297 5303 1495 5359; x_wconf 88' lang='grc' dir='ltr'>οὐκοῦν</span> <span class='ocrx_word' id='word_1_469' title='bbox 1516 5308 1610 5361; x_wconf 84' lang='grc' dir='ltr'>καὶ</span> <span class='ocrx_word' id='word_1_470' title='bbox 1635 5309 1797 5374; x_wconf 76' lang='grc' dir='ltr'>αὐτὸς</span> <span class='ocrx_word' id='word_1_471' title='bbox 1822 5314 2095 5383; x_wconf 72' lang='grc' dir='ltr'>προσήγαι</span> 
     </span>
    </p>
   </div>
   <div class='ocr_carea' id='block_1_60' title="bbox 521 5390 2021 5470">
    <p class='ocr_par' dir='ltr' id='par_1_60' title="bbox 521 5390 2021 5470">
     <span class='ocr_line' id='line_1_60' title="bbox 521 5390 2021 5470; baseline 0.01 -30"><span class='ocrx_word' id='word_1_472' title='bbox 521 5405 638 5458; x_wconf 86' lang='grc' dir='ltr'>γεν.</span> <span class='ocrx_word' id='word_1_473' title='bbox 665 5390 804 5463; x_wconf 85' lang='grc' dir='ltr'>Ἤδη</span> <span class='ocrx_word' id='word_1_474' title='bbox 833 5392 1267 5464; x_wconf 64' lang='grc' dir='ltr'>προκατεᾶίιλετο</span> <span class='ocrx_word' id='word_1_475' title='bbox 1290 5392 1386 5449; x_wconf 85' lang='grc' dir='ltr'>τοῦ</span> <span class='ocrx_word' id='word_1_476' title='bbox 1419 5394 1695 5467; x_wconf 86' lang='grc' dir='ltr'>δόγματος</span> <span class='ocrx_word' id='word_1_477' title='bbox 1722 5397 1819 5469; x_wconf 82' lang='grc' dir='ltr'>τήν</span> <span class='ocrx_word' id='word_1_478' title='bbox 1848 5398 2021 5470; x_wconf 78' lang='grc' dir='ltr'>ῥίζαν.</span> 
     </span>
    </p>
   </div>
   <div class='ocr_carea' id='block_1_61' title="bbox 583 5508 2095 5580">
    <p class='ocr_par' dir='ltr' id='par_1_61' title="bbox 583 5508 2095 5580">
     <span class='ocr_line' id='line_1_61' title="bbox 583 5508 2095 5580; baseline 0.008 -22"><span class='ocrx_word' id='word_1_479' title='bbox 583 5508 602 5533; x_wconf 85' lang='grc'><strong><em>⁸</em></strong></span> <span class='ocrx_word' id='word_1_480' title='bbox 629 5510 779 5580; x_wconf 57' lang='grc' dir='ltr'>Ναΐα.</span> <span class='ocrx_word' id='word_1_481' title='bbox 813 5512 987 5580; x_wconf 55' lang='grc' dir='ltr'>ξηιλ,</span> <span class='ocrx_word' id='word_1_482' title='bbox 1019 5517 1143 5580; x_wconf 76' lang='grc' dir='ltr'>οὔτε</span> <span class='ocrx_word' id='word_1_483' title='bbox 1166 5516 1411 5579; x_wconf 70' lang='grc' dir='ltr'>μετέθηκε.</span> <span class='ocrx_word' id='word_1_484' title='bbox 1436 5517 1590 5566; x_wconf 77' lang='grc' dir='ltr'>⁰Ωστε</span> <span class='ocrx_word' id='word_1_485' title='bbox 1618 5519 1682 5580; x_wconf 76' lang='grc' dir='ltr'>μὴ</span> <span class='ocrx_word' id='word_1_486' title='bbox 1707 5517 1794 5567; x_wconf 88' lang='grc' dir='ltr'>τοῦ</span> <span class='ocrx_word' id='word_1_487' title='bbox 1821 5523 2095 5580; x_wconf 74' lang='grc' dir='ltr'>μεταθέντος</span> 
     </span>
    </p>
   </div>
   <div class='ocr_carea' id='block_1_62' title="bbox 518 5572 2090 5644">
    <p class='ocr_par' dir='ltr' id='par_1_62' title="bbox 518 5572 2090 5644">
     <span class='ocr_line' id='line_1_62' title="bbox 518 5572 2090 5644; baseline 0.008 -24"><span class='ocrx_word' id='word_1_488' title='bbox 518 5572 629 5620; x_wconf 74' lang='grc' dir='ltr'>ὅλον</span> <span class='ocrx_word' id='word_1_489' title='bbox 643 5576 697 5644; x_wconf 69' lang='grc' dir='ltr'>τρ</span> <span class='ocrx_word' id='word_1_490' title='bbox 717 5572 999 5640; x_wconf 62' lang='grc' dir='ltr'>κατόρθωμα</span> <span class='ocrx_word' id='word_1_491' title='bbox 1017 5572 1303 5642; x_wconf 77' lang='grc' dir='ltr'>λογισθῆναι,</span> <span class='ocrx_word' id='word_1_492' title='bbox 1318 5581 1461 5643; x_wconf 72' lang='grc' dir='ltr'>μηδὲν</span> <span class='ocrx_word' id='word_1_493' title='bbox 1481 5581 1561 5630; x_wconf 80' lang='grc' dir='ltr'>καὶ</span> <span class='ocrx_word' id='word_1_494' title='bbox 1580 5572 1979 5643; x_wconf 73' lang='grc' dir='ltr'>τοῦμετελθόντος</span> <span class='ocrx_word' id='word_1_495' title='bbox 1993 5572 2090 5632; x_wconf 48' lang='lat' dir='ltr'>sic;</span> 
     </span>
    </p>
   </div>
   <div class='ocr_carea' id='block_1_63' title="bbox 517 5648 831 5701">
    <p class='ocr_par' dir='ltr' id='par_1_63' title="bbox 517 5648 831 5701">
     <span class='ocr_line' id='line_1_63' title="bbox 517 5648 831 5701; baseline 0.013 -20"><span class='ocrx_word' id='word_1_496' title='bbox 517 5648 799 5696; x_wconf 79' lang='grc' dir='ltr'>ενεγκοντος.</span> <span class='ocrx_word' id='word_1_497' title='bbox 822 5687 831 5701; x_wconf 44' lang='grc' dir='ltr'>ί</span> 
     </span>
    </p>
   </div>
   <div class='ocr_carea' id='block_1_64' title="bbox 1233 216 2112 283">
    <p class='ocr_par' dir='ltr' id='par_1_64' title="bbox 1233 218 2109 283">
     <span class='ocr_line' id='line_1_64' title="bbox 1233 218 2109 283; baseline -0.006 -3"><span class='ocrx_word' id='word_1_498' title='bbox 1233 223 1292 281; x_wconf 83' lang='lat' dir='ltr'>S.</span> <span class='ocrx_word' id='word_1_499' title='bbox 1328 222 1613 283; x_wconf 62' lang='lat' dir='ltr'>JOANNiS</span> <span class='ocrx_word' id='word_1_500' title='bbox 1650 218 2109 279; x_wconf 72' lang='lat' dir='ltr'>CHRYSOSTOM</span> 
     </span>
    </p>
   </div>
   <div class='ocr_carea' id='block_1_65' title="bbox 2221 216 3090 283">
    <p class='ocr_par' dir='ltr' id='par_1_65' title="bbox 2221 216 3090 277">
     <span class='ocr_line' id='line_1_65' title="bbox 2221 216 3090 277; baseline -0.005 -2"><span class='ocrx_word' id='word_1_501' title='bbox 2221 219 2501 277; x_wconf 72' lang='lat' dir='ltr'>.RCHIEP.</span> <span class='ocrx_word' id='word_1_502' title='bbox 2537 216 3090 277; x_wconf 70' lang='lat' dir='ltr'>CONSTANTINOP.</span> 
     </span>
    </p>
   </div>
   <div class='ocr_carea' id='block_1_66' title="bbox 3692 215 3815 273">
    <p class='ocr_par' dir='ltr' id='par_1_66' title="bbox 3692 215 3815 273">
     <span class='ocr_line' id='line_1_66' title="bbox 3692 215 3815 273; baseline 0.016 -1"><span class='ocrx_word' id='word_1_503' title='bbox 3692 215 3815 273; x_wconf 69' lang='grc' dir='ltr'>(ιιι</span> 
     </span>
    </p>
   </div>
   <div class='ocr_carea' id='block_1_67' title="bbox 2314 323 3818 404">
    <p class='ocr_par' dir='ltr' id='par_1_67' title="bbox 2314 323 3818 404">
     <span class='ocr_line' id='line_1_67' title="bbox 2314 323 3818 404; baseline 0 -17"><span class='ocrx_word' id='word_1_504' title='bbox 2314 334 2377 391; x_wconf 86' lang='grc' dir='ltr'>δ’.</span> <span class='ocrx_word' id='word_1_505' title='bbox 2411 336 2559 399; x_wconf 85' lang='grc' dir='ltr'>Τέως</span> <span class='ocrx_word' id='word_1_506' title='bbox 2582 334 2643 389; x_wconf 82' lang='grc' dir='ltr'>δὲ</span> <span class='ocrx_word' id='word_1_507' title='bbox 2669 335 2844 389; x_wconf 86' lang='grc' dir='ltr'>ἐκεῖνο</span> <span class='ocrx_word' id='word_1_508' title='bbox 2868 334 3113 396; x_wconf 77' lang='grc' dir='ltr'>εἰπόντας</span> <span class='ocrx_word' id='word_1_509' title='bbox 3148 331 3498 387; x_wconf 82' lang='grc' dir='ltr'>καταπαῦσαι</span> <span class='ocrx_word' id='word_1_510' title='bbox 3530 323 3625 386; x_wconf 81' lang='grc' dir='ltr'>τδν</span> <span class='ocrx_word' id='word_1_511' title='bbox 3653 333 3818 404; x_wconf 78' lang='grc' dir='ltr'>λόγου</span> 
     </span>
    </p>
   </div>
   <div class='ocr_carea' id='block_1_68' title="bbox 2238 418 3813 492">
    <p class='ocr_par' dir='ltr' id='par_1_68' title="bbox 2238 418 3813 492">
     <span class='ocr_line' id='line_1_68' title="bbox 2238 418 3813 492; baseline 0 -17"><span class='ocrx_word' id='word_1_512' title='bbox 2238 420 2474 492; x_wconf 82' lang='grc' dir='ltr'>ἀνάγκη.</span> <span class='ocrx_word' id='word_1_513' title='bbox 2506 423 2662 475; x_wconf 86' lang='grc' dir='ltr'>Ποῖον</span> <span class='ocrx_word' id='word_1_514' title='bbox 2692 421 2757 491; x_wconf 84' lang='grc' dir='ltr'>δὴ</span> <span class='ocrx_word' id='word_1_515' title='bbox 2789 419 2981 487; x_wconf 86' lang='grc' dir='ltr'>τοῦτο;</span> <span class='ocrx_word' id='word_1_516' title='bbox 3018 421 3140 474; x_wconf 82' lang='grc' dir='ltr'>Ὀτι</span> <span class='ocrx_word' id='word_1_517' title='bbox 3167 418 3434 491; x_wconf 85' lang='grc' dir='ltr'>τοσαύτης</span> <span class='ocrx_word' id='word_1_518' title='bbox 3464 420 3813 477; x_wconf 81' lang='grc' dir='ltr'>ἀπολαύσαν-</span> 
     </span>
    </p>
   </div>
   <div class='ocr_carea' id='block_1_69' title="bbox 2232 505 3820 579">
    <p class='ocr_par' dir='ltr' id='par_1_69' title="bbox 2232 505 3820 579">
     <span class='ocr_line' id='line_1_69' title="bbox 2232 505 3820 579; baseline 0.001 -19"><span class='ocrx_word' id='word_1_519' title='bbox 2232 524 2330 570; x_wconf 91' lang='grc' dir='ltr'>τες</span> <span class='ocrx_word' id='word_1_520' title='bbox 2357 506 2673 579; x_wconf 83' lang='grc' dir='ltr'>εὐεργεσίας</span> <span class='ocrx_word' id='word_1_521' title='bbox 2696 508 2783 561; x_wconf 78' lang='grc' dir='ltr'>ἀεὶ</span> <span class='ocrx_word' id='word_1_522' title='bbox 2803 507 3005 577; x_wconf 90' lang='grc' dir='ltr'>ταύτης</span> <span class='ocrx_word' id='word_1_523' title='bbox 3038 505 3351 578; x_wconf 85' lang='grc' dir='ltr'>μεμνῆσθαι</span> <span class='ocrx_word' id='word_1_524' title='bbox 3379 506 3688 577; x_wconf 83' lang='grc' dir='ltr'>ὀφείλομεν.</span> <span class='ocrx_word' id='word_1_525' title='bbox 3714 511 3820 564; x_wconf 81' lang='grc' dir='ltr'>καὶ</span> 
     </span>
    </p>
   </div>
   <div class='ocr_carea' id='block_1_70' title="bbox 2240 588 3813 663">
    <p class='ocr_par' dir='ltr' id='par_1_70' title="bbox 2240 588 3813 663">
     <span class='ocr_line' id='line_1_70' title="bbox 2240 588 3813 663; baseline 0.003 -22"><span class='ocrx_word' id='word_1_526' title='bbox 2240 590 2492 659; x_wconf 81' lang='grc' dir='ltr'>στρέφειν</span> <span class='ocrx_word' id='word_1_527' title='bbox 2519 590 2808 653; x_wconf 78' lang='grc' dir='ltr'>διαπαντὸς</span> <span class='ocrx_word' id='word_1_528' title='bbox 2834 591 2892 643; x_wconf 79' lang='grc' dir='ltr'>ἐν</span> <span class='ocrx_word' id='word_1_529' title='bbox 2918 590 3129 653; x_wconf 78' lang='grc' dir='ltr'>ἑαυτοῖς</span> <span class='ocrx_word' id='word_1_530' title='bbox 3160 590 3259 659; x_wconf 85' lang='grc' dir='ltr'>τὴν</span> <span class='ocrx_word' id='word_1_531' title='bbox 3285 588 3381 643; x_wconf 88' lang='grc' dir='ltr'>τοῦ</span> <span class='ocrx_word' id='word_1_532' title='bbox 3404 589 3543 643; x_wconf 84' lang='grc' dir='ltr'>Θεοῦ</span> <span class='ocrx_word' id='word_1_533' title='bbox 3573 591 3813 663; x_wconf 76' lang='grc' dir='ltr'>δωρεὰν,</span> 
     </span>
    </p>
   </div>
   <div class='ocr_carea' id='block_1_71' title="bbox 2237 677 3814 750">
    <p class='ocr_par' dir='ltr' id='par_1_71' title="bbox 2237 677 3814 750">
     <span class='ocr_line' id='line_1_71' title="bbox 2237 677 3814 750; baseline 0.001 -17"><span class='ocrx_word' id='word_1_534' title='bbox 2237 678 2333 733; x_wconf 76' lang='grc' dir='ltr'>καὶ</span> <span class='ocrx_word' id='word_1_535' title='bbox 2360 678 2519 731; x_wconf 89' lang='grc' dir='ltr'>τίνων</span> <span class='ocrx_word' id='word_1_536' title='bbox 2542 679 2830 750; x_wconf 81' lang='grc' dir='ltr'>ἀπηλλάγη</span> <span class='ocrx_word' id='word_1_537' title='bbox 2840 696 2961 749; x_wconf 83' lang='grc' dir='ltr'>μεν,</span> <span class='ocrx_word' id='word_1_538' title='bbox 2990 679 3085 732; x_wconf 74' lang='grc' dir='ltr'>καὶ</span> <span class='ocrx_word' id='word_1_539' title='bbox 3102 677 3263 733; x_wconf 86' lang='grc' dir='ltr'>τίνων</span> <span class='ocrx_word' id='word_1_540' title='bbox 3295 678 3562 750; x_wconf 73' lang='grc' dir='ltr'>ἐτύχομεν</span> <span class='ocrx_word' id='word_1_541' title='bbox 3583 682 3814 735; x_wconf 83' lang='grc' dir='ltr'>ἐννοεῖν·</span> 
     </span>
    </p>
   </div>
   <div class='ocr_carea' id='block_1_72' title="bbox 2237 763 3818 840">
    <p class='ocr_par' dir='ltr' id='par_1_72' title="bbox 2237 763 3818 840">
     <span class='ocr_line' id='line_1_72' title="bbox 2237 763 3818 840; baseline 0.002 -23"><span class='ocrx_word' id='word_1_542' title='bbox 2237 763 2334 817; x_wconf 73' lang='grc' dir='ltr'>καὶ</span> <span class='ocrx_word' id='word_1_543' title='bbox 2363 763 2535 829; x_wconf 76' lang='grc' dir='ltr'>οὕτως</span> <span class='ocrx_word' id='word_1_544' title='bbox 2593 764 2832 835; x_wconf 76' lang='grc' dir='ltr'>ἐσόμεθα</span> <span class='ocrx_word' id='word_1_545' title='bbox 2868 765 3206 835; x_wconf 85' lang='grc' dir='ltr'>εὐχάριστοι,</span> <span class='ocrx_word' id='word_1_546' title='bbox 3244 764 3387 818; x_wconf 82' lang='grc' dir='ltr'>οὓτω</span> <span class='ocrx_word' id='word_1_547' title='bbox 3444 766 3545 838; x_wconf 84' lang='grc' dir='ltr'>τὴν</span> <span class='ocrx_word' id='word_1_548' title='bbox 3586 767 3818 840; x_wconf 75' lang='grc' dir='ltr'>ἀγάπην</span> 
     </span>
    </p>
   </div>
   <div class='ocr_carea' id='block_1_73' title="bbox 2234 846 3833 926">
    <p class='ocr_par' dir='ltr' id='par_1_73' title="bbox 2234 846 3833 926">
     <span class='ocr_line' id='line_1_73' title="bbox 2234 846 3833 926; baseline -0.001 -22"><span class='ocrx_word' id='word_1_549' title='bbox 2234 850 2331 922; x_wconf 80' lang='grc' dir='ltr'>τὴν</span> <span class='ocrx_word' id='word_1_550' title='bbox 2381 852 2515 923; x_wconf 81' lang='grc' dir='ltr'>πρὸς</span> <span class='ocrx_word' id='word_1_551' title='bbox 2561 852 2725 906; x_wconf 80' lang='grc' dir='ltr'>αὐτόν</span> <span class='ocrx_word' id='word_1_552' title='bbox 2761 851 3133 923; x_wconf 75' lang='grc' dir='ltr'>ἐπιτενοῦμεν.</span> <span class='ocrx_word' id='word_1_553' title='bbox 3181 846 3476 921; x_wconf 55' lang='grc' dir='ltr'>Τνλέγεις,</span> <span class='ocrx_word' id='word_1_554' title='bbox 3514 853 3774 926; x_wconf 79' lang='grc' dir='ltr'>ἄνθρωπε</span> <span class='ocrx_word' id='word_1_555' title='bbox 3797 870 3833 917; x_wconf 86' lang='grc'>;.</span> 
     </span>
    </p>
   </div>
   <div class='ocr_carea' id='block_1_74' title="bbox 2237 939 3812 1012">
    <p class='ocr_par' dir='ltr' id='par_1_74' title="bbox 2237 939 3812 1012">
     <span class='ocr_line' id='line_1_74' title="bbox 2237 939 3812 1012; baseline 0.004 -19"><span class='ocrx_word' id='word_1_556' title='bbox 2237 941 2317 1002; x_wconf 91' lang='grc' dir='ltr'>εἰς</span> <span class='ocrx_word' id='word_1_557' title='bbox 2350 939 2626 1010; x_wconf 87' lang='grc' dir='ltr'>βασιλείαν</span> <span class='ocrx_word' id='word_1_558' title='bbox 2652 940 2937 1012; x_wconf 87' lang='grc' dir='ltr'>κέκλησαι,</span> <span class='ocrx_word' id='word_1_559' title='bbox 2965 943 3045 1005; x_wconf 88' lang='grc' dir='ltr'>εἰς</span> <span class='ocrx_word' id='word_1_560' title='bbox 3072 941 3343 1011; x_wconf 85' lang='grc' dir='ltr'>βασιλείαν</span> <span class='ocrx_word' id='word_1_561' title='bbox 3372 942 3501 996; x_wconf 86' lang='grc' dir='ltr'>Υἰοῦ</span> <span class='ocrx_word' id='word_1_562' title='bbox 3521 943 3614 997; x_wconf 87' lang='grc' dir='ltr'>τοῦ</span> <span class='ocrx_word' id='word_1_563' title='bbox 3645 944 3812 1010; x_wconf 88' lang='grc' dir='ltr'>Θεοῦ,</span> 
     </span>
    </p>
   </div>
   <div class='ocr_carea' id='block_1_75' title="bbox 2239 1025 3811 1103">
    <p class='ocr_par' dir='ltr' id='par_1_75' title="bbox 2239 1025 3811 1103">
     <span class='ocr_line' id='line_1_75' title="bbox 2239 1025 3811 1103; baseline 0.003 -23"><span class='ocrx_word' id='word_1_564' title='bbox 2239 1025 2331 1080; x_wconf 72' lang='grc' dir='ltr'>καὶ</span> <span class='ocrx_word' id='word_1_565' title='bbox 2364 1028 2582 1098; x_wconf 81' lang='grc' dir='ltr'>χάσμης</span> <span class='ocrx_word' id='word_1_566' title='bbox 2616 1026 2942 1098; x_wconf 85' lang='grc' dir='ltr'>πληροῦσαι,</span> <span class='ocrx_word' id='word_1_567' title='bbox 2974 1030 3068 1083; x_wconf 73' lang='grc' dir='ltr'>καὶ</span> <span class='ocrx_word' id='word_1_568' title='bbox 3091 1030 3306 1091; x_wconf 84' lang='grc' dir='ltr'>κνᾶσαι,</span> <span class='ocrx_word' id='word_1_569' title='bbox 3343 1031 3438 1083; x_wconf 80' lang='grc' dir='ltr'>καὶ</span> <span class='ocrx_word' id='word_1_570' title='bbox 3472 1033 3716 1103; x_wconf 56' lang='grc' dir='ltr'>ιιρκᾷςς</span> <span class='ocrx_word' id='word_1_571' title='bbox 3745 1033 3811 1085; x_wconf 75' lang='grc' dir='ltr'>Εἰ</span> 
     </span>
    </p>
   </div>
   <div class='ocr_carea' id='block_1_76' title="bbox 2237 1113 3812 1190">
    <p class='ocr_par' dir='ltr' id='par_1_76' title="bbox 2237 1113 3812 1190">
     <span class='ocr_line' id='line_1_76' title="bbox 2237 1113 3812 1190; baseline 0.004 -24"><span class='ocrx_word' id='word_1_572' title='bbox 2237 1113 2345 1183; x_wconf 80' lang='grc' dir='ltr'>γὰρ</span> <span class='ocrx_word' id='word_1_573' title='bbox 2373 1115 2453 1178; x_wconf 88' lang='grc' dir='ltr'>εἰς</span> <span class='ocrx_word' id='word_1_574' title='bbox 2476 1114 2702 1186; x_wconf 90' lang='grc' dir='ltr'>μυρίους</span> <span class='ocrx_word' id='word_1_575' title='bbox 2731 1115 2992 1179; x_wconf 82' lang='grc' dir='ltr'>θανάτους</span> <span class='ocrx_word' id='word_1_576' title='bbox 3013 1115 3251 1186; x_wconf 84' lang='grc' dir='ltr'>πηδῆσαι</span> <span class='ocrx_word' id='word_1_577' title='bbox 3276 1117 3509 1188; x_wconf 76' lang='grc' dir='ltr'>ἑκάστης</span> <span class='ocrx_word' id='word_1_578' title='bbox 3539 1118 3639 1189; x_wconf 86' lang='grc' dir='ltr'>τῆς</span> <span class='ocrx_word' id='word_1_579' title='bbox 3669 1119 3812 1190; x_wconf 83' lang='grc' dir='ltr'>ήμέ-</span> 
     </span>
    </p>
   </div>
   <div class='ocr_carea' id='block_1_77' title="bbox 2237 1200 3810 1279">
    <p class='ocr_par' dir='ltr' id='par_1_77' title="bbox 2237 1200 3810 1279">
     <span class='ocr_line' id='line_1_77' title="bbox 2237 1200 3810 1279; baseline 0.005 -26"><span class='ocrx_word' id='word_1_580' title='bbox 2237 1217 2337 1271; x_wconf 87' lang='grc' dir='ltr'>ρας</span> <span class='ocrx_word' id='word_1_581' title='bbox 2368 1200 2499 1268; x_wconf 81' lang='grc' dir='ltr'>έδει,</span> <span class='ocrx_word' id='word_1_582' title='bbox 2553 1201 2615 1255; x_wconf 84' lang='grc' dir='ltr'>οὐ</span> <span class='ocrx_word' id='word_1_583' title='bbox 2674 1202 2851 1255; x_wconf 88' lang='grc' dir='ltr'>πάντα</span> <span class='ocrx_word' id='word_1_584' title='bbox 2901 1201 3071 1273; x_wconf 81' lang='grc' dir='ltr'>ἐχρῆν</span> <span class='ocrx_word' id='word_1_585' title='bbox 3114 1202 3443 1274; x_wconf 73' lang='grc' dir='ltr'>ὐπομεῖναις</span> <span class='ocrx_word' id='word_1_586' title='bbox 3494 1206 3633 1259; x_wconf 80' lang='grc' dir='ltr'>Ἀλλ’</span> <span class='ocrx_word' id='word_1_587' title='bbox 3660 1207 3810 1279; x_wconf 68' lang='grc' dir='ltr'>ὑπὲρ</span> 
     </span>
    </p>
   </div>
   <div class='ocr_carea' id='block_1_78' title="bbox 2237 1286 3808 1365">
    <p class='ocr_par' dir='ltr' id='par_1_78' title="bbox 2237 1286 3808 1365">
     <span class='ocr_line' id='line_1_78' title="bbox 2237 1286 3808 1365; baseline 0.006 -26"><span class='ocrx_word' id='word_1_588' title='bbox 2237 1286 2336 1357; x_wconf 80' lang='grc' dir='ltr'>μὲν</span> <span class='ocrx_word' id='word_1_589' title='bbox 2364 1287 2539 1359; x_wconf 82' lang='grc' dir='ltr'>ἀρχῆς</span> <span class='ocrx_word' id='word_1_590' title='bbox 2570 1289 2679 1342; x_wconf 74' lang='grc' dir='ltr'>πᾶν</span> <span class='ocrx_word' id='word_1_591' title='bbox 2707 1287 2884 1342; x_wconf 85' lang='grc' dir='ltr'>ὁτιοῦν</span> <span class='ocrx_word' id='word_1_592' title='bbox 2918 1291 3111 1356; x_wconf 85' lang='grc' dir='ltr'>ποιεῖς,</span> <span class='ocrx_word' id='word_1_593' title='bbox 3148 1290 3243 1359; x_wconf 88' lang='grc' dir='ltr'>τῆς</span> <span class='ocrx_word' id='word_1_594' title='bbox 3269 1289 3325 1343; x_wconf 76' lang='grc' dir='ltr'>δὲ</span> <span class='ocrx_word' id='word_1_595' title='bbox 3356 1290 3633 1361; x_wconf 84' lang='grc' dir='ltr'>βασιλείας</span> <span class='ocrx_word' id='word_1_596' title='bbox 3666 1295 3808 1365; x_wconf 83' lang='grc' dir='ltr'>μέλ-</span> 
     </span>
    </p>
   </div>
   <div class='ocr_carea' id='block_1_79' title="bbox 2231 1372 3808 1453">
    <p class='ocr_par' dir='ltr' id='par_1_79' title="bbox 2231 1372 3808 1453">
     <span class='ocr_line' id='line_1_79' title="bbox 2231 1372 3808 1453; baseline 0.006 -27"><span class='ocrx_word' id='word_1_597' title='bbox 2231 1372 2339 1428; x_wconf 91' lang='grc' dir='ltr'>λων</span> <span class='ocrx_word' id='word_1_598' title='bbox 2364 1377 2643 1429; x_wconf 88' lang='grc' dir='ltr'>κοινωνεῖν</span> <span class='ocrx_word' id='word_1_599' title='bbox 2673 1376 2771 1445; x_wconf 88' lang='grc' dir='ltr'>τῆς</span> <span class='ocrx_word' id='word_1_600' title='bbox 2791 1374 2881 1429; x_wconf 90' lang='grc' dir='ltr'>τοῦ</span> <span class='ocrx_word' id='word_1_601' title='bbox 2908 1374 3264 1444; x_wconf 84' lang='grc' dir='ltr'>Μονογενοῦς,</span> <span class='ocrx_word' id='word_1_602' title='bbox 3294 1377 3356 1430; x_wconf 90' lang='grc' dir='ltr'>οὐ</span> <span class='ocrx_word' id='word_1_603' title='bbox 3387 1378 3627 1453; x_wconf 77' lang='grc' dir='ltr'>καθάλλῃ</span> <span class='ocrx_word' id='word_1_604' title='bbox 3656 1382 3808 1436; x_wconf 87' lang='grc' dir='ltr'>κατά</span> 
     </span>
    </p>
   </div>
   <div class='ocr_carea' id='block_1_80' title="bbox 2234 1460 3807 1537">
    <p class='ocr_par' dir='ltr' id='par_1_80' title="bbox 2234 1460 3807 1537">
     <span class='ocr_line' id='line_1_80' title="bbox 2234 1460 3807 1537; baseline 0.006 -23"><span class='ocrx_word' id='word_1_605' title='bbox 2234 1460 2443 1532; x_wconf 86' lang='grc' dir='ltr'>μυρίων</span> <span class='ocrx_word' id='word_1_606' title='bbox 2477 1461 2667 1532; x_wconf 85' lang='grc' dir='ltr'>ξιφῶν,</span> <span class='ocrx_word' id='word_1_607' title='bbox 2708 1462 2809 1515; x_wconf 82' lang='grc' dir='ltr'>οὐκ</span> <span class='ocrx_word' id='word_1_608' title='bbox 2862 1462 3109 1535; x_wconf 83' lang='grc' dir='ltr'>ἐμπηδᾷς</span> <span class='ocrx_word' id='word_1_609' title='bbox 3146 1464 3226 1528; x_wconf 86' lang='grc' dir='ltr'>εἰς</span> <span class='ocrx_word' id='word_1_610' title='bbox 3279 1462 3424 1537; x_wconf 87' lang='grc' dir='ltr'>πῦρ;</span> <span class='ocrx_word' id='word_1_611' title='bbox 3485 1468 3594 1520; x_wconf 78' lang='grc' dir='ltr'>Καὶ</span> <span class='ocrx_word' id='word_1_612' title='bbox 3643 1467 3807 1525; x_wconf 79' lang='grc' dir='ltr'>ούπω</span> 
     </span>
    </p>
   </div>
   <div class='ocr_carea' id='block_1_81' title="bbox 2232 1541 3803 1629">
    <p class='ocr_par' dir='ltr' id='par_1_81' title="bbox 2232 1541 3803 1629">
     <span class='ocr_line' id='line_1_81' title="bbox 2232 1541 3803 1629; baseline 0.006 -25"><span class='ocrx_word' id='word_1_613' title='bbox 2232 1549 2390 1605; x_wconf 88' lang='grc' dir='ltr'>τοῦτο</span> <span class='ocrx_word' id='word_1_614' title='bbox 2429 1541 2626 1618; x_wconf 70' lang='grc' dir='ltr'>δεινὸν,</span> <span class='ocrx_word' id='word_1_615' title='bbox 2650 1551 2765 1605; x_wconf 83' lang='grc' dir='ltr'>ἀλλ’</span> <span class='ocrx_word' id='word_1_616' title='bbox 2816 1552 2898 1605; x_wconf 77' lang='grc' dir='ltr'>ὅτι</span> <span class='ocrx_word' id='word_1_617' title='bbox 2946 1553 3040 1606; x_wconf 74' lang='grc' dir='ltr'>καὶ</span> <span class='ocrx_word' id='word_1_618' title='bbox 3071 1552 3280 1621; x_wconf 89' lang='grc' dir='ltr'>μέλλων</span> <span class='ocrx_word' id='word_1_619' title='bbox 3309 1554 3528 1609; x_wconf 84' lang='grc' dir='ltr'>ἀπιέναι</span> <span class='ocrx_word' id='word_1_620' title='bbox 3555 1557 3803 1629; x_wconf 83' lang='grc' dir='ltr'>θρηνεῖς,</span> 
     </span>
    </p>
   </div>
   <div class='ocr_carea' id='block_1_82' title="bbox 2232 1638 3806 1715">
    <p class='ocr_par' dir='ltr' id='par_1_82' title="bbox 2232 1638 3806 1715">
     <span class='ocr_line' id='line_1_82' title="bbox 2232 1638 3806 1715; baseline 0.006 -24"><span class='ocrx_word' id='word_1_621' title='bbox 2232 1638 2327 1692; x_wconf 76' lang='grc' dir='ltr'>καὶ</span> <span class='ocrx_word' id='word_1_622' title='bbox 2349 1639 2745 1713; x_wconf 77' lang='grc' dir='ltr'>ἐμφιλοχωρεῖς</span> <span class='ocrx_word' id='word_1_623' title='bbox 2774 1644 2886 1705; x_wconf 85' lang='grc' dir='ltr'>τοῖς</span> <span class='ocrx_word' id='word_1_624' title='bbox 2927 1641 3164 1697; x_wconf 88' lang='grc' dir='ltr'>ἐνταῦθα</span> <span class='ocrx_word' id='word_1_625' title='bbox 3193 1643 3570 1715; x_wconf 73' lang='grc' dir='ltr'>φιλοσώματος</span> <span class='ocrx_word' id='word_1_626' title='bbox 3595 1644 3692 1702; x_wconf 77' lang='grc' dir='ltr'>ὢν.</span> <span class='ocrx_word' id='word_1_627' title='bbox 3730 1650 3806 1703; x_wconf 81' lang='grc' dir='ltr'>Τί</span> 
     </span>
    </p>
   </div>
   <div class='ocr_carea' id='block_1_83' title="bbox 2227 1725 3803 1804">
    <p class='ocr_par' dir='ltr' id='par_1_83' title="bbox 2227 1725 3803 1804">
     <span class='ocr_line' id='line_1_83' title="bbox 2227 1725 3803 1804; baseline 0.007 -25"><span class='ocrx_word' id='word_1_628' title='bbox 2227 1725 2293 1797; x_wconf 81' lang='grc' dir='ltr'>δὴ</span> <span class='ocrx_word' id='word_1_629' title='bbox 2322 1727 2515 1793; x_wconf 87' lang='grc' dir='ltr'>τοῦτο;</span> <span class='ocrx_word' id='word_1_630' title='bbox 2565 1729 2659 1782; x_wconf 79' lang='grc' dir='ltr'>καὶ</span> <span class='ocrx_word' id='word_1_631' title='bbox 2714 1728 2805 1782; x_wconf 84' lang='grc' dir='ltr'>τὸν</span> <span class='ocrx_word' id='word_1_632' title='bbox 2851 1728 3079 1783; x_wconf 85' lang='grc' dir='ltr'>θάνατον</span> <span class='ocrx_word' id='word_1_633' title='bbox 3112 1731 3337 1800; x_wconf 77' lang='grc' dir='ltr'>φρικτὸν</span> <span class='ocrx_word' id='word_1_634' title='bbox 3387 1735 3617 1804; x_wconf 79' lang='grc' dir='ltr'>πρᾶγμα</span> <span class='ocrx_word' id='word_1_635' title='bbox 3653 1731 3803 1791; x_wconf 83' lang='grc' dir='ltr'>εἶναι</span> 
     </span>
    </p>
   </div>
   <div class='ocr_carea' id='block_1_84' title="bbox 2228 1814 3802 1890">
    <p class='ocr_par' dir='ltr' id='par_1_84' title="bbox 2228 1814 3802 1890">
     <span class='ocr_line' id='line_1_84' title="bbox 2228 1814 3802 1890; baseline 0.006 -21"><span class='ocrx_word' id='word_1_636' title='bbox 2228 1814 2503 1886; x_wconf 77' lang='grc' dir='ltr'>νομίζεις;</span> <span class='ocrx_word' id='word_1_637' title='bbox 2542 1815 2610 1869; x_wconf 82' lang='grc' dir='ltr'>ἸΙ</span> <span class='ocrx_word' id='word_1_638' title='bbox 2655 1815 2838 1886; x_wconf 80' lang='grc' dir='ltr'>τρυφὴ</span> <span class='ocrx_word' id='word_1_639' title='bbox 2878 1816 3083 1869; x_wconf 86' lang='grc' dir='ltr'>τούτων</span> <span class='ocrx_word' id='word_1_640' title='bbox 3121 1818 3289 1884; x_wconf 86' lang='grc' dir='ltr'>αἰτία,</span> <span class='ocrx_word' id='word_1_641' title='bbox 3343 1820 3623 1890; x_wconf 71' lang='grc' dir='ltr'>ήάνεσιςσ</span> <span class='ocrx_word' id='word_1_642' title='bbox 3670 1824 3802 1878; x_wconf 77' lang='grc' dir='ltr'>ἐπεὶ</span> 
     </span>
    </p>
   </div>
   <div class='ocr_carea' id='block_1_85' title="bbox 2225 1901 3801 1975">
    <p class='ocr_par' dir='ltr' id='par_1_85' title="bbox 2225 1901 3801 1975">
     <span class='ocr_line' id='line_1_85' title="bbox 2225 1901 3801 1975; baseline 0.006 -20"><span class='ocrx_word' id='word_1_643' title='bbox 2225 1902 2318 1969; x_wconf 78' lang='grc' dir='ltr'>ὅγε</span> <span class='ocrx_word' id='word_1_644' title='bbox 2348 1902 2685 1966; x_wconf 87' lang='grc' dir='ltr'>κατάπικρον</span> <span class='ocrx_word' id='word_1_645' title='bbox 2714 1901 2828 1972; x_wconf 85' lang='grc' dir='ltr'>βίον</span> <span class='ocrx_word' id='word_1_646' title='bbox 2866 1901 2997 1967; x_wconf 79' lang='grc' dir='ltr'>ζῶν,</span> <span class='ocrx_word' id='word_1_647' title='bbox 3024 1905 3119 1957; x_wconf 76' lang='grc' dir='ltr'>καὶ</span> <span class='ocrx_word' id='word_1_648' title='bbox 3149 1905 3495 1975; x_wconf 83' lang='grc' dir='ltr'>πτερωθῆναι</span> <span class='ocrx_word' id='word_1_649' title='bbox 3522 1908 3696 1963; x_wconf 72' lang='grc' dir='ltr'>ἕλοιτο</span> <span class='ocrx_word' id='word_1_650' title='bbox 3725 1911 3801 1964; x_wconf 80' lang='grc' dir='ltr'>ἂν</span> 
     </span>
    </p>
   </div>
   <div class='ocr_carea' id='block_1_86' title="bbox 2227 1989 3799 2069">
    <p class='ocr_par' dir='ltr' id='par_1_86' title="bbox 2227 1989 3799 2069">
     <span class='ocr_line' id='line_1_86' title="bbox 2227 1989 3799 2069; baseline 0.005 -25"><span class='ocrx_word' id='word_1_651' title='bbox 2227 1990 2321 2044; x_wconf 73' lang='grc' dir='ltr'>καὶ</span> <span class='ocrx_word' id='word_1_652' title='bbox 2352 1989 2732 2060; x_wconf 81' lang='grc' dir='ltr'>ἀπαλλαγῆναι</span> <span class='ocrx_word' id='word_1_653' title='bbox 2785 1990 3057 2046; x_wconf 88' lang='grc' dir='ltr'>ἐντεῦθεν.</span> <span class='ocrx_word' id='word_1_654' title='bbox 3094 1992 3207 2047; x_wconf 84' lang='grc' dir='ltr'>Νῦν</span> <span class='ocrx_word' id='word_1_655' title='bbox 3244 1993 3301 2047; x_wconf 80' lang='grc' dir='ltr'>δὲ</span> <span class='ocrx_word' id='word_1_656' title='bbox 3351 1996 3547 2050; x_wconf 76' lang='grc' dir='ltr'>ταύτὸν</span> <span class='ocrx_word' id='word_1_657' title='bbox 3586 1998 3799 2069; x_wconf 86' lang='grc' dir='ltr'>πάσχο-</span> 
     </span>
    </p>
   </div>
   <div class='ocr_carea' id='block_1_87' title="bbox 2229 2071 3798 2149">
    <p class='ocr_par' dir='ltr' id='par_1_87' title="bbox 2229 2071 3798 2149">
     <span class='ocr_line' id='line_1_87' title="bbox 2229 2071 3798 2149; baseline 0.008 -22"><span class='ocrx_word' id='word_1_658' title='bbox 2229 2093 2350 2145; x_wconf 88' lang='grc' dir='ltr'>μεν,</span> <span class='ocrx_word' id='word_1_659' title='bbox 2384 2071 2494 2130; x_wconf 81' lang='grc' dir='ltr'>οῘον</span> <span class='ocrx_word' id='word_1_660' title='bbox 2532 2077 2583 2129; x_wconf 89' lang='grc' dir='ltr'>οἰ</span> <span class='ocrx_word' id='word_1_661' title='bbox 2621 2077 2824 2130; x_wconf 82' lang='grc' dir='ltr'>νεοττοὶ</span> <span class='ocrx_word' id='word_1_662' title='bbox 2869 2078 3317 2147; x_wconf 83' lang='grc' dir='ltr'>μαλακισθέντες,</span> <span class='ocrx_word' id='word_1_663' title='bbox 3354 2082 3648 2149; x_wconf 81' lang='grc' dir='ltr'>διαπαντὸς</span> <span class='ocrx_word' id='word_1_664' title='bbox 3698 2087 3798 2139; x_wconf 67' lang='grc' dir='ltr'>ἐπὶ</span> 
     </span>
    </p>
   </div>
   <div class='ocr_carea' id='block_1_88' title="bbox 2223 2162 3800 2243">
    <p class='ocr_par' dir='ltr' id='par_1_88' title="bbox 2223 2162 3800 2243">
     <span class='ocr_line' id='line_1_88' title="bbox 2223 2162 3800 2243; baseline 0.007 -28"><span class='ocrx_word' id='word_1_665' title='bbox 2223 2164 2322 2233; x_wconf 89' lang='grc' dir='ltr'>τῆς</span> <span class='ocrx_word' id='word_1_666' title='bbox 2353 2162 2548 2226; x_wconf 79' lang='grc' dir='ltr'>καλιᾶς</span> <span class='ocrx_word' id='word_1_667' title='bbox 2593 2162 2776 2234; x_wconf 88' lang='grc' dir='ltr'>μένειν</span> <span class='ocrx_word' id='word_1_668' title='bbox 2820 2164 3113 2230; x_wconf 85' lang='grc' dir='ltr'>ἐθέλοντες.</span> <span class='ocrx_word' id='word_1_669' title='bbox 3157 2166 3297 2219; x_wconf 63' lang='lat' dir='ltr'>mw</span> <span class='ocrx_word' id='word_1_670' title='bbox 3330 2168 3549 2239; x_wconf 81' lang='grc' dir='ltr'>ὅσῳπερ</span> <span class='ocrx_word' id='word_1_671' title='bbox 3581 2172 3649 2225; x_wconf 79' lang='grc' dir='ltr'>ἂν</span> <span class='ocrx_word' id='word_1_672' title='bbox 3698 2173 3800 2243; x_wconf 82' lang='grc' dir='ltr'>μέ-</span> 
     </span>
    </p>
   </div>
   <div class='ocr_carea' id='block_1_89' title="bbox 2225 2248 3391 2325">
    <p class='ocr_par' dir='ltr' id='par_1_89' title="bbox 2225 2248 3391 2325">
     <span class='ocr_line' id='line_1_89' title="bbox 2225 2248 3391 2325; baseline 0.003 -22"><span class='ocrx_word' id='word_1_673' title='bbox 2225 2266 2425 2320; x_wconf 89' lang='grc' dir='ltr'>νωμεν,</span> <span class='ocrx_word' id='word_1_674' title='bbox 2452 2248 2693 2320; x_wconf 86' lang='grc' dir='ltr'>τοσούτῳ</span> <span class='ocrx_word' id='word_1_675' title='bbox 2728 2249 2965 2321; x_wconf 88' lang='grc' dir='ltr'>ἐσόμεθα</span> <span class='ocrx_word' id='word_1_676' title='bbox 2996 2250 3391 2325; x_wconf 86' lang='grc' dir='ltr'>ἀσθενέστεροι.</span> 
     </span>
    </p>
   </div>
   <div class='ocr_carea' id='block_1_90' title="bbox 2293 2336 3796 2414">
    <p class='ocr_par' dir='ltr' id='par_1_90' title="bbox 2293 2336 3796 2414">
     <span class='ocr_line' id='line_1_90' title="bbox 2293 2336 3796 2414; baseline 0.007 -24"><span class='ocrx_word' id='word_1_677' title='bbox 2293 2336 2472 2391; x_wconf 83' lang='grc' dir='ltr'>Καλιά</span> <span class='ocrx_word' id='word_1_678' title='bbox 2509 2336 2616 2408; x_wconf 86' lang='grc' dir='ltr'>γὰρ</span> <span class='ocrx_word' id='word_1_679' title='bbox 2642 2339 2670 2391; x_wconf 89' lang='lat'>6</span> <span class='ocrx_word' id='word_1_680' title='bbox 2700 2336 2891 2409; x_wconf 86' lang='grc' dir='ltr'>παρὼν</span> <span class='ocrx_word' id='word_1_681' title='bbox 2937 2337 3049 2408; x_wconf 81' lang='grc' dir='ltr'>βίος</span> <span class='ocrx_word' id='word_1_682' title='bbox 3082 2341 3249 2406; x_wconf 76' lang='grc' dir='ltr'>ἐστὶν,</span> <span class='ocrx_word' id='word_1_683' title='bbox 3295 2342 3404 2395; x_wconf 79' lang='grc' dir='ltr'>ἀπὸ</span> <span class='ocrx_word' id='word_1_684' title='bbox 3444 2346 3675 2414; x_wconf 72' lang='grc' dir='ltr'>καρφῶν</span> <span class='ocrx_word' id='word_1_685' title='bbox 3699 2347 3796 2401; x_wconf 75' lang='grc' dir='ltr'>καὶ</span> 
     </span>
    </p>
   </div>
   <div class='ocr_carea' id='block_1_91' title="bbox 2228 2423 3799 2500">
    <p class='ocr_par' dir='ltr' id='par_1_91' title="bbox 2228 2423 3799 2500">
     <span class='ocr_line' id='line_1_91' title="bbox 2228 2423 3799 2500; baseline 0.007 -24"><span class='ocrx_word' id='word_1_686' title='bbox 2228 2423 2399 2494; x_wconf 82' lang='grc' dir='ltr'>πηλοῦ</span> <span class='ocrx_word' id='word_1_687' title='bbox 2439 2423 2957 2495; x_wconf 84' lang='grc' dir='ltr'>συγκεκολλημένος.</span> <span class='ocrx_word' id='word_1_688' title='bbox 3008 2425 3126 2479; x_wconf 79' lang='grc' dir='ltr'>Κᾶν</span> <span class='ocrx_word' id='word_1_689' title='bbox 3160 2426 3260 2491; x_wconf 84' lang='grc' dir='ltr'>τὰς</span> <span class='ocrx_word' id='word_1_690' title='bbox 3290 2429 3529 2499; x_wconf 87' lang='grc' dir='ltr'>μεγάλας</span> <span class='ocrx_word' id='word_1_691' title='bbox 3567 2449 3659 2500; x_wconf 88' lang='grc' dir='ltr'>μοι</span> <span class='ocrx_word' id='word_1_692' title='bbox 3685 2432 3799 2487; x_wconf 85' lang='grc' dir='ltr'>δεί-</span> 
     </span>
    </p>
   </div>
   <div class='ocr_carea' id='block_1_92' title="bbox 2227 2510 3798 2592">
    <p class='ocr_par' dir='ltr' id='par_1_92' title="bbox 2227 2510 3798 2592">
     <span class='ocr_line' id='line_1_92' title="bbox 2227 2510 3798 2592; baseline 0.006 -28"><span class='ocrx_word' id='word_1_693' title='bbox 2227 2510 2322 2583; x_wconf 78' lang='grc' dir='ltr'>ξῃς</span> <span class='ocrx_word' id='word_1_694' title='bbox 2359 2511 2554 2575; x_wconf 87' lang='grc' dir='ltr'>οἰκίας,</span> <span class='ocrx_word' id='word_1_695' title='bbox 2584 2511 2687 2566; x_wconf 81' lang='grc' dir='ltr'>κᾶν</span> <span class='ocrx_word' id='word_1_696' title='bbox 2713 2511 2853 2566; x_wconf 75' lang='grc' dir='ltr'>αὐτὰ</span> <span class='ocrx_word' id='word_1_697' title='bbox 2896 2512 2964 2567; x_wconf 86' lang='grc' dir='ltr'>τά</span> <span class='ocrx_word' id='word_1_698' title='bbox 3010 2512 3258 2584; x_wconf 87' lang='grc' dir='ltr'>βασίλεια</span> <span class='ocrx_word' id='word_1_699' title='bbox 3295 2515 3576 2587; x_wconf 87' lang='grc' dir='ltr'>λάμποντα</span> <span class='ocrx_word' id='word_1_700' title='bbox 3609 2520 3798 2592; x_wconf 68' lang='grc' dir='ltr'>πολλῷ</span> 
     </span>
    </p>
   </div>
   <div class='ocr_carea' id='block_1_93' title="bbox 2220 2597 3796 2679">
    <p class='ocr_par' dir='ltr' id='par_1_93' title="bbox 2220 2597 3796 2679">
     <span class='ocr_line' id='line_1_93' title="bbox 2220 2597 3796 2679; baseline 0.006 -28"><span class='ocrx_word' id='word_1_701' title='bbox 2220 2597 2297 2668; x_wconf 82' lang='grc' dir='ltr'>τῷ</span> <span class='ocrx_word' id='word_1_702' title='bbox 2330 2598 2513 2669; x_wconf 82' lang='grc' dir='ltr'>χρυσῷ</span> <span class='ocrx_word' id='word_1_703' title='bbox 2543 2599 2637 2654; x_wconf 76' lang='grc' dir='ltr'>καὶ</span> <span class='ocrx_word' id='word_1_704' title='bbox 2676 2600 2789 2663; x_wconf 83' lang='grc' dir='ltr'>τοῖς</span> <span class='ocrx_word' id='word_1_705' title='bbox 2817 2598 3008 2665; x_wconf 89' lang='grc' dir='ltr'>λίθοις,</span> <span class='ocrx_word' id='word_1_706' title='bbox 3045 2601 3197 2655; x_wconf 83' lang='grc' dir='ltr'>οὐδὲν</span> <span class='ocrx_word' id='word_1_707' title='bbox 3221 2604 3476 2675; x_wconf 77' lang='grc' dir='ltr'>οἰήσομαι</span> <span class='ocrx_word' id='word_1_708' title='bbox 3510 2606 3796 2679; x_wconf 84' lang='grc' dir='ltr'>διαφέρειν</span> 
     </span>
    </p>
   </div>
   <div class='ocr_carea' id='block_1_94' title="bbox 2221 2685 3795 2761">
    <p class='ocr_par' dir='ltr' id='par_1_94' title="bbox 2221 2685 3795 2761">
     <span class='ocr_line' id='line_1_94' title="bbox 2221 2685 3795 2761; baseline 0.006 -22"><span class='ocrx_word' id='word_1_709' title='bbox 2221 2685 2413 2748; x_wconf 78' lang='grc' dir='ltr'>καλιᾶς</span> <span class='ocrx_word' id='word_1_710' title='bbox 2462 2685 2745 2755; x_wconf 86' lang='grc' dir='ltr'>χελιδόνων</span> <span class='ocrx_word' id='word_1_711' title='bbox 2769 2704 2784 2718; x_wconf 89' lang='grc'><strong>·</strong></span> <span class='ocrx_word' id='word_1_712' title='bbox 2823 2685 2920 2740; x_wconf 92' lang='grc' dir='ltr'>τοῦ</span> <span class='ocrx_word' id='word_1_713' title='bbox 2975 2686 3085 2761; x_wconf 83' lang='grc' dir='ltr'>γὰρ</span> <span class='ocrx_word' id='word_1_714' title='bbox 3131 2690 3401 2760; x_wconf 88' lang='grc' dir='ltr'>χειμῶνος</span> <span class='ocrx_word' id='word_1_715' title='bbox 3446 2693 3795 2758; x_wconf 83' lang='grc' dir='ltr'>ἐπιστάντος.</span> 
     </span>
    </p>
   </div>
   <div class='ocr_carea' id='block_1_95' title="bbox 2220 2771 3799 2853">
    <p class='ocr_par' dir='ltr' id='par_1_95' title="bbox 2220 2771 3799 2853">
     <span class='ocr_line' id='line_1_95' title="bbox 2220 2771 3799 2853; baseline 0.006 -28"><span class='ocrx_word' id='word_1_716' title='bbox 2220 2771 2504 2842; x_wconf 87' lang='grc' dir='ltr'>αὐτόματα</span> <span class='ocrx_word' id='word_1_717' title='bbox 2529 2772 2706 2826; x_wconf 82' lang='grc' dir='ltr'>πάντα</span> <span class='ocrx_word' id='word_1_718' title='bbox 2733 2775 3020 2827; x_wconf 87' lang='grc' dir='ltr'>πεσεῖται·</span> <span class='ocrx_word' id='word_1_719' title='bbox 3068 2776 3312 2847; x_wconf 89' lang='grc' dir='ltr'>χειμῶνα</span> <span class='ocrx_word' id='word_1_720' title='bbox 3340 2778 3396 2831; x_wconf 87' lang='grc' dir='ltr'>δὲ</span> <span class='ocrx_word' id='word_1_721' title='bbox 3438 2778 3537 2850; x_wconf 77' lang='grc' dir='ltr'>τὴν</span> <span class='ocrx_word' id='word_1_722' title='bbox 3578 2782 3799 2853; x_wconf 80' lang='grc' dir='ltr'>ἡμέραν</span> 
     </span>
    </p>
   </div>
   <div class='ocr_carea' id='block_1_96' title="bbox 2220 2858 3796 2934">
    <p class='ocr_par' dir='ltr' id='par_1_96' title="bbox 2220 2858 3796 2934">
     <span class='ocr_line' id='line_1_96' title="bbox 2220 2858 3796 2934; baseline 0.006 -23"><span class='ocrx_word' id='word_1_723' title='bbox 2220 2859 2434 2929; x_wconf 87' lang='grc' dir='ltr'>ἐκείνην</span> <span class='ocrx_word' id='word_1_724' title='bbox 2460 2858 2623 2927; x_wconf 89' lang='grc' dir='ltr'>λέγω,</span> <span class='ocrx_word' id='word_1_725' title='bbox 2655 2858 2777 2929; x_wconf 76' lang='grc' dir='ltr'>οὐχὶ</span> <span class='ocrx_word' id='word_1_726' title='bbox 2817 2862 2951 2916; x_wconf 78' lang='grc' dir='ltr'>πᾶσι</span> <span class='ocrx_word' id='word_1_727' title='bbox 2984 2862 3252 2933; x_wconf 87' lang='grc' dir='ltr'>χειμῶνα.</span> <span class='ocrx_word' id='word_1_728' title='bbox 3299 2864 3451 2918; x_wconf 81' lang='grc' dir='ltr'>Ἐπεὶ</span> <span class='ocrx_word' id='word_1_729' title='bbox 3479 2866 3572 2919; x_wconf 72' lang='grc' dir='ltr'>καί⁵</span> <span class='ocrx_word' id='word_1_730' title='bbox 3601 2869 3630 2920; x_wconf 91' lang='grc' dir='ltr'>ό</span> <span class='ocrx_word' id='word_1_731' title='bbox 3654 2867 3796 2934; x_wconf 78' lang='grc' dir='ltr'>Θεὸς</span> 
     </span>
    </p>
   </div>
   <div class='ocr_carea' id='block_1_97' title="bbox 2219 2946 3792 3022">
    <p class='ocr_par' dir='ltr' id='par_1_97' title="bbox 2219 2946 3792 3022">
     <span class='ocr_line' id='line_1_97' title="bbox 2219 2946 3792 3022; baseline 0.008 -25"><span class='ocrx_word' id='word_1_732' title='bbox 2219 2946 2388 3000; x_wconf 80' lang='grc' dir='ltr'>νύκτα</span> <span class='ocrx_word' id='word_1_733' title='bbox 2423 2963 2482 2999; x_wconf 90' lang='grc' dir='ltr'>τε</span> <span class='ocrx_word' id='word_1_734' title='bbox 2511 2946 2647 3017; x_wconf 84' lang='grc' dir='ltr'>ὁμοῦ</span> <span class='ocrx_word' id='word_1_735' title='bbox 2682 2948 2776 3000; x_wconf 79' lang='grc' dir='ltr'>καὶ</span> <span class='ocrx_word' id='word_1_736' title='bbox 2809 2948 3019 3019; x_wconf 79' lang='grc' dir='ltr'>ἡμέραν</span> <span class='ocrx_word' id='word_1_737' title='bbox 3046 2949 3136 3003; x_wconf 73' lang='grc' dir='ltr'>τὸν</span> <span class='ocrx_word' id='word_1_738' title='bbox 3164 2950 3352 3022; x_wconf 75' lang='grc' dir='ltr'>καιρὸν</span> <span class='ocrx_word' id='word_1_739' title='bbox 3379 2953 3585 3007; x_wconf 77' lang='grc' dir='ltr'>ἐκεῖνον</span> <span class='ocrx_word' id='word_1_740' title='bbox 3612 2957 3792 3021; x_wconf 79' lang='grc' dir='ltr'>καλεῖ,</span> 
     </span>
    </p>
   </div>
   <div class='ocr_carea' id='block_1_98' title="bbox 2218 3032 3794 3110">
    <p class='ocr_par' dir='ltr' id='par_1_98' title="bbox 2218 3032 3794 3110">
     <span class='ocr_line' id='line_1_98' title="bbox 2218 3032 3794 3110; baseline 0.008 -25"><span class='ocrx_word' id='word_1_741' title='bbox 2218 3032 2279 3085; x_wconf 72' lang='grc' dir='ltr'>τὸ</span> <span class='ocrx_word' id='word_1_742' title='bbox 2311 3033 2410 3103; x_wconf 77' lang='grc' dir='ltr'>μὲν</span> <span class='ocrx_word' id='word_1_743' title='bbox 2440 3033 2575 3104; x_wconf 75' lang='grc' dir='ltr'>πρὸς</span> <span class='ocrx_word' id='word_1_744' title='bbox 2616 3034 2742 3098; x_wconf 81' lang='grc' dir='ltr'>τοὺς</span> <span class='ocrx_word' id='word_1_745' title='bbox 2792 3035 3172 3107; x_wconf 80' lang='grc' dir='ltr'>ἁμαρτωλοὺς,</span> <span class='ocrx_word' id='word_1_746' title='bbox 3195 3036 3257 3091; x_wconf 80' lang='grc' dir='ltr'>τὸ</span> <span class='ocrx_word' id='word_1_747' title='bbox 3276 3038 3336 3092; x_wconf 79' lang='grc' dir='ltr'>δέ</span> <span class='ocrx_word' id='word_1_748' title='bbox 3364 3039 3503 3110; x_wconf 81' lang='grc' dir='ltr'>πρὸς</span> <span class='ocrx_word' id='word_1_749' title='bbox 3533 3042 3661 3107; x_wconf 71' lang='grc' dir='ltr'>τοὺς</span> <span class='ocrx_word' id='word_1_750' title='bbox 3710 3044 3794 3097; x_wconf 81' lang='grc' dir='ltr'>δι-</span> 
     </span>
    </p>
   </div>
   <div class='ocr_carea' id='block_1_99' title="bbox 2219 3120 3792 3199">
    <p class='ocr_par' dir='ltr' id='par_1_99' title="bbox 2219 3120 3792 3199">
     <span class='ocr_line' id='line_1_99' title="bbox 2219 3120 3792 3199; baseline 0.008 -26"><span class='ocrx_word' id='word_1_751' title='bbox 2219 3120 2425 3185; x_wconf 86' lang='grc' dir='ltr'>καίους.</span> <span class='ocrx_word' id='word_1_752' title='bbox 2467 3120 2623 3174; x_wconf 78' lang='grc' dir='ltr'>Οὕτω</span> <span class='ocrx_word' id='word_1_753' title='bbox 2644 3121 2739 3174; x_wconf 75' lang='grc' dir='ltr'>καὶ</span> <span class='ocrx_word' id='word_1_754' title='bbox 2770 3122 2880 3191; x_wconf 88' lang='grc' dir='ltr'>ἐγὼ</span> <span class='ocrx_word' id='word_1_755' title='bbox 2911 3122 3005 3176; x_wconf 93' lang='grc' dir='ltr'>νῦν</span> <span class='ocrx_word' id='word_1_756' title='bbox 3028 3124 3274 3194; x_wconf 87' lang='grc' dir='ltr'>χειμῶνα</span> <span class='ocrx_word' id='word_1_757' title='bbox 3301 3126 3470 3199; x_wconf 83' lang='grc' dir='ltr'>αὐτὴν</span> <span class='ocrx_word' id='word_1_758' title='bbox 3489 3128 3663 3182; x_wconf 81' lang='grc' dir='ltr'>καλῶ.</span> <span class='ocrx_word' id='word_1_759' title='bbox 3691 3133 3792 3185; x_wconf 80' lang='grc' dir='ltr'>Ἀν</span> 
     </span>
    </p>
   </div>
   <div class='ocr_carea' id='block_1_100' title="bbox 2219 3207 3795 3281">
    <p class='ocr_par' dir='ltr' id='par_1_100' title="bbox 2219 3207 3795 3281">
     <span class='ocr_line' id='line_1_100' title="bbox 2219 3207 3795 3281; baseline 0.006 -20"><span class='ocrx_word' id='word_1_760' title='bbox 2219 3209 2276 3261; x_wconf 89' lang='grc' dir='ltr'>ἐν</span> <span class='ocrx_word' id='word_1_761' title='bbox 2301 3208 2378 3278; x_wconf 80' lang='grc' dir='ltr'><strong>τῷ</strong></span> <span class='ocrx_word' id='word_1_762' title='bbox 2400 3207 2545 3275; x_wconf 82' lang='grc' dir='ltr'>θέρει</span> <span class='ocrx_word' id='word_1_763' title='bbox 2574 3208 2650 3279; x_wconf 84' lang='grc' dir='ltr'>μὴ</span> <span class='ocrx_word' id='word_1_764' title='bbox 2682 3208 3045 3281; x_wconf 84' lang='grc' dir='ltr'>ἐκτραφῶμεν</span> <span class='ocrx_word' id='word_1_765' title='bbox 3070 3210 3098 3250; x_wconf 70' lang='grc' dir='ltr'>δ</span> <span class='ocrx_word' id='word_1_766' title='bbox 3133 3212 3335 3278; x_wconf 83' lang='grc' dir='ltr'>καλῶς,</span> <span class='ocrx_word' id='word_1_767' title='bbox 3363 3211 3503 3267; x_wconf 83' lang='grc' dir='ltr'>ὥστε</span> <span class='ocrx_word' id='word_1_768' title='bbox 3526 3215 3795 3271; x_wconf 83' lang='grc' dir='ltr'>δύνασθαι</span> 
     </span>
    </p>
   </div>
   <div class='ocr_carea' id='block_1_101' title="bbox 2218 3295 3792 3376">
    <p class='ocr_par' dir='ltr' id='par_1_101' title="bbox 2218 3295 3792 3376">
     <span class='ocr_line' id='line_1_101' title="bbox 2218 3295 3792 3376; baseline 0.008 -29"><span class='ocrx_word' id='word_1_769' title='bbox 2218 3295 2477 3349; x_wconf 78' lang='grc' dir='ltr'>ἵπτασθαι</span> <span class='ocrx_word' id='word_1_770' title='bbox 2532 3296 2628 3349; x_wconf 91' lang='grc' dir='ltr'>τοῦ</span> <span class='ocrx_word' id='word_1_771' title='bbox 2686 3297 2955 3368; x_wconf 87' lang='grc' dir='ltr'>χειμῶνος</span> <span class='ocrx_word' id='word_1_772' title='bbox 3005 3300 3348 3367; x_wconf 81' lang='grc' dir='ltr'>ἐπιστάντος,</span> <span class='ocrx_word' id='word_1_773' title='bbox 3408 3302 3471 3356; x_wconf 88' lang='grc' dir='ltr'>οὐ</span> <span class='ocrx_word' id='word_1_774' title='bbox 3522 3304 3792 3376; x_wconf 65' lang='grc' dir='ltr'>λήψονται</span> 
     </span>
    </p>
   </div>
   <div class='ocr_carea' id='block_1_102' title="bbox 2216 3382 3795 3465">
    <p class='ocr_par' dir='ltr' id='par_1_102' title="bbox 2216 3382 3795 3465">
     <span class='ocr_line' id='line_1_102' title="bbox 2216 3382 3795 3465; baseline 0.007 -30"><span class='ocrx_word' id='word_1_775' title='bbox 2216 3383 2365 3453; x_wconf 81' lang='grc' dir='ltr'>ήμᾶς</span> <span class='ocrx_word' id='word_1_776' title='bbox 2387 3382 2443 3435; x_wconf 89' lang='grc' dir='ltr'>αἱ</span> <span class='ocrx_word' id='word_1_777' title='bbox 2473 3384 2724 3454; x_wconf 84' lang='grc' dir='ltr'>μητέρες,</span> <span class='ocrx_word' id='word_1_778' title='bbox 2781 3384 2896 3437; x_wconf 83' lang='grc' dir='ltr'>ἀλλ’</span> <span class='ocrx_word' id='word_1_779' title='bbox 2930 3386 3150 3440; x_wconf 87' lang='grc' dir='ltr'>ἐάσουσι</span> <span class='ocrx_word' id='word_1_780' title='bbox 3198 3387 3278 3458; x_wconf 81' lang='grc' dir='ltr'>τῷ</span> <span class='ocrx_word' id='word_1_781' title='bbox 3321 3388 3462 3460; x_wconf 86' lang='grc' dir='ltr'>λιμῷ</span> <span class='ocrx_word' id='word_1_782' title='bbox 3487 3391 3795 3465; x_wconf 78' lang='grc' dir='ltr'>διαφθαρῆ-</span> 
     </span>
    </p>
   </div>
   <div class='ocr_carea' id='block_1_103' title="bbox 2217 3468 3794 3551">
    <p class='ocr_par' dir='ltr' id='par_1_103' title="bbox 2217 3468 3794 3551">
     <span class='ocr_line' id='line_1_103' title="bbox 2217 3468 3794 3551; baseline 0.007 -28"><span class='ocrx_word' id='word_1_783' title='bbox 2217 3486 2323 3534; x_wconf 89' lang='grc' dir='ltr'>ναι,</span> <span class='ocrx_word' id='word_1_784' title='bbox 2351 3469 2385 3540; x_wconf 75' lang='grc' dir='ltr'>ἦ</span> <span class='ocrx_word' id='word_1_785' title='bbox 2409 3468 2509 3538; x_wconf 90' lang='grc' dir='ltr'>τῆς</span> <span class='ocrx_word' id='word_1_786' title='bbox 2536 3469 2730 3533; x_wconf 79' lang='grc' dir='ltr'>καλιᾶς</span> <span class='ocrx_word' id='word_1_787' title='bbox 2756 3472 3027 3543; x_wconf 85' lang='grc' dir='ltr'>πεσούσης</span> <span class='ocrx_word' id='word_1_788' title='bbox 3052 3472 3368 3529; x_wconf 88' lang='grc' dir='ltr'>ἀπολέσθαι.</span> <span class='ocrx_word' id='word_1_789' title='bbox 3387 3478 3654 3549; x_wconf 82' lang='grc' dir='ltr'>Καθάπερ</span> <span class='ocrx_word' id='word_1_790' title='bbox 3680 3480 3794 3551; x_wconf 79' lang='grc' dir='ltr'>γάρ</span> 
     </span>
    </p>
   </div>
   <div class='ocr_carea' id='block_1_104' title="bbox 2218 3555 3793 3634">
    <p class='ocr_par' dir='ltr' id='par_1_104' title="bbox 2218 3555 3793 3634">
     <span class='ocr_line' id='line_1_104' title="bbox 2218 3555 3793 3634; baseline 0.008 -25"><span class='ocrx_word' id='word_1_791' title='bbox 2218 3555 2432 3623; x_wconf 79' lang='grc' dir='ltr'>καλιὰν,</span> <span class='ocrx_word' id='word_1_792' title='bbox 2477 3555 2676 3625; x_wconf 82' lang='grc' dir='ltr'>μᾶλλον</span> <span class='ocrx_word' id='word_1_793' title='bbox 2709 3556 2767 3610; x_wconf 79' lang='grc' dir='ltr'>δὲ</span> <span class='ocrx_word' id='word_1_794' title='bbox 2795 3556 2891 3611; x_wconf 73' lang='grc' dir='ltr'>καὶ</span> <span class='ocrx_word' id='word_1_795' title='bbox 2919 3556 3285 3631; x_wconf 84' lang='grc' dir='ltr'>εὐκολώτερον</span> <span class='ocrx_word' id='word_1_796' title='bbox 3313 3563 3535 3634; x_wconf 80' lang='grc' dir='ltr'>ταύτης,</span> <span class='ocrx_word' id='word_1_797' title='bbox 3571 3565 3793 3620; x_wconf 71' lang='grc' dir='ltr'>ἅπαντα</span> 
     </span>
    </p>
   </div>
   <div class='ocr_carea' id='block_1_105' title="bbox 2218 3643 3795 3726">
    <p class='ocr_par' dir='ltr' id='par_1_105' title="bbox 2218 3643 3795 3726">
     <span class='ocr_line' id='line_1_105' title="bbox 2218 3643 3795 3726; baseline 0.008 -30"><span class='ocrx_word' id='word_1_798' title='bbox 2218 3643 2473 3714; x_wconf 86' lang='grc' dir='ltr'>καθαιρεῖ</span> <span class='ocrx_word' id='word_1_799' title='bbox 2489 3644 2609 3697; x_wconf 88' lang='grc' dir='ltr'>τότε</span> <span class='ocrx_word' id='word_1_800' title='bbox 2635 3646 2664 3697; x_wconf 92' lang='lat'>6</span> <span class='ocrx_word' id='word_1_801' title='bbox 2692 3645 2842 3709; x_wconf 82' lang='grc' dir='ltr'>Θεὸς,</span> <span class='ocrx_word' id='word_1_802' title='bbox 2878 3646 3262 3712; x_wconf 78' lang='grc' dir='ltr'>ἀνασκευάζων</span> <span class='ocrx_word' id='word_1_803' title='bbox 3291 3650 3384 3703; x_wconf 78' lang='grc' dir='ltr'>καὶ</span> <span class='ocrx_word' id='word_1_804' title='bbox 3411 3654 3795 3726; x_wconf 53' lang='grc' dir='ltr'>μεταρρυθμι-</span> 
     </span>
    </p>
   </div>
   <div class='ocr_carea' id='block_1_106' title="bbox 2220 3730 3793 3814">
    <p class='ocr_par' dir='ltr' id='par_1_106' title="bbox 2220 3730 3793 3814">
     <span class='ocr_line' id='line_1_106' title="bbox 2220 3730 3793 3814; baseline 0.006 -30"><span class='ocrx_word' id='word_1_805' title='bbox 2220 3730 2327 3795; x_wconf 80' lang='grc' dir='ltr'>ζων</span> <span class='ocrx_word' id='word_1_806' title='bbox 2357 3731 2591 3786; x_wconf 78' lang='grc' dir='ltr'>ἅπαντα.</span> <span class='ocrx_word' id='word_1_807' title='bbox 2622 3733 2686 3784; x_wconf 89' lang='grc' dir='ltr'>Οἰ</span> <span class='ocrx_word' id='word_1_808' title='bbox 2713 3732 2770 3785; x_wconf 81' lang='grc' dir='ltr'>δὲ</span> <span class='ocrx_word' id='word_1_809' title='bbox 2796 3733 3033 3804; x_wconf 84' lang='grc' dir='ltr'>άπτηνες</span> <span class='ocrx_word' id='word_1_810' title='bbox 3064 3734 3161 3787; x_wconf 75' lang='grc' dir='ltr'>καὶ</span> <span class='ocrx_word' id='word_1_811' title='bbox 3182 3736 3496 3807; x_wconf 85' lang='grc' dir='ltr'>ἀπαντῆσαι</span> <span class='ocrx_word' id='word_1_812' title='bbox 3528 3741 3683 3812; x_wconf 82' lang='grc' dir='ltr'>αὐτῷ</span> <span class='ocrx_word' id='word_1_813' title='bbox 3714 3744 3793 3814; x_wconf 68' lang='grc' dir='ltr'>μὴ</span> 
     </span>
    </p>
   </div>
   <div class='ocr_carea' id='block_1_107' title="bbox 2217 3819 3795 3901">
    <p class='ocr_par' dir='ltr' id='par_1_107' title="bbox 2217 3819 3795 3901">
     <span class='ocr_line' id='line_1_107' title="bbox 2217 3819 3795 3901; baseline 0.008 -29"><span class='ocrx_word' id='word_1_814' title='bbox 2217 3819 2505 3890; x_wconf 87' lang='grc' dir='ltr'>δυνάμενοι</span> <span class='ocrx_word' id='word_1_815' title='bbox 2530 3820 2610 3882; x_wconf 90' lang='grc' dir='ltr'>εἰς</span> <span class='ocrx_word' id='word_1_816' title='bbox 2631 3819 2722 3873; x_wconf 82' lang='grc' dir='ltr'>τὸν</span> <span class='ocrx_word' id='word_1_817' title='bbox 2750 3820 2908 3890; x_wconf 88' lang='grc' dir='ltr'>ἀέρα,</span> <span class='ocrx_word' id='word_1_818' title='bbox 2927 3821 3041 3874; x_wconf 85' lang='grc' dir='ltr'>ἀλλ’</span> <span class='ocrx_word' id='word_1_819' title='bbox 3066 3821 3209 3876; x_wconf 78' lang='grc' dir='ltr'>οὕτω</span> <span class='ocrx_word' id='word_1_820' title='bbox 3240 3823 3520 3893; x_wconf 87' lang='grc' dir='ltr'>βαναύσως</span> <span class='ocrx_word' id='word_1_821' title='bbox 3551 3831 3795 3901; x_wconf 79' lang='grc' dir='ltr'>τραφέν-</span> 
     </span>
    </p>
   </div>
   <div class='ocr_carea' id='block_1_108' title="bbox 2216 3905 3795 3978">
    <p class='ocr_par' dir='ltr' id='par_1_108' title="bbox 2216 3905 3795 3978">
     <span class='ocr_line' id='line_1_108' title="bbox 2216 3905 3795 3978; baseline 0.01 -22"><span class='ocrx_word' id='word_1_822' title='bbox 2216 3921 2326 3969; x_wconf 88' lang='grc' dir='ltr'>τες,</span> <span class='ocrx_word' id='word_1_823' title='bbox 2356 3905 2430 3968; x_wconf 78' lang='grc' dir='ltr'>ώς</span> <span class='ocrx_word' id='word_1_824' title='bbox 2459 3907 2532 3976; x_wconf 81' lang='grc' dir='ltr'>μὴ</span> <span class='ocrx_word' id='word_1_825' title='bbox 2557 3905 2643 3976; x_wconf 79' lang='grc' dir='ltr'>ἔχε</span> <span class='ocrx_word' id='word_1_826' title='bbox 2654 3923 2700 3959; x_wconf 92' lang='grc' dir='ltr'>ιν</span> <span class='ocrx_word' id='word_1_827' title='bbox 2719 3906 2779 3959; x_wconf 86' lang='grc' dir='ltr'>τὸ</span> <span class='ocrx_word' id='word_1_828' title='bbox 2800 3907 2997 3978; x_wconf 76' lang='grc' dir='ltr'>πτερὸν</span> <span class='ocrx_word' id='word_1_829' title='bbox 3019 3908 3241 3977; x_wconf 76' lang='grc' dir='ltr'>κοῦφον,</span> <span class='ocrx_word' id='word_1_830' title='bbox 3267 3912 3544 3968; x_wconf 88' lang='grc' dir='ltr'>πείσονται</span> <span class='ocrx_word' id='word_1_831' title='bbox 3575 3916 3795 3972; x_wconf 76' lang='grc' dir='ltr'>ἅπαντα</span> 
     </span>
    </p>
   </div>
   <div class='ocr_carea' id='block_1_109' title="bbox 2213 3991 3789 4069">
    <p class='ocr_par' dir='ltr' id='par_1_109' title="bbox 2213 3991 3789 4069">
     <span class='ocr_line' id='line_1_109' title="bbox 2213 3991 3789 4069; baseline 0.01 -25"><span class='ocrx_word' id='word_1_832' title='bbox 2213 3991 2407 4056; x_wconf 88' lang='grc' dir='ltr'>ταῦτα,</span> <span class='ocrx_word' id='word_1_833' title='bbox 2438 3992 2579 4063; x_wconf 79' lang='grc' dir='ltr'>άπερ</span> <span class='ocrx_word' id='word_1_834' title='bbox 2612 3993 2755 4056; x_wconf 75' lang='grc' dir='ltr'>εἰκὸς</span> <span class='ocrx_word' id='word_1_835' title='bbox 2786 3994 2909 4057; x_wconf 81' lang='grc' dir='ltr'>τοὺς</span> <span class='ocrx_word' id='word_1_836' title='bbox 2946 3992 3090 4048; x_wconf 79' lang='grc' dir='ltr'>οὕτω</span> <span class='ocrx_word' id='word_1_837' title='bbox 3136 3996 3511 4069; x_wconf 85' lang='grc' dir='ltr'>διακειμένους</span> <span class='ocrx_word' id='word_1_838' title='bbox 3568 4002 3789 4061; x_wconf 81' lang='grc' dir='ltr'>παθεῖν.</span> 
     </span>
    </p>
   </div>
   <div class='ocr_carea' id='block_1_110' title="bbox 2225 4075 3794 4160">
    <p class='ocr_par' dir='ltr' id='par_1_110' title="bbox 2225 4075 3794 4160">
     <span class='ocr_line' id='line_1_110' title="bbox 2225 4075 3794 4160; baseline 0.008 -29"><span class='ocrx_word' id='word_1_839' title='bbox 2225 4078 2291 4131; x_wconf 86' lang='lat' dir='ltr'>&#39;H</span> <span class='ocrx_word' id='word_1_840' title='bbox 2308 4078 2406 4149; x_wconf 86' lang='grc' dir='ltr'>μὲν</span> <span class='ocrx_word' id='word_1_841' title='bbox 2424 4075 2517 4133; x_wconf 78' lang='grc' dir='ltr'>οὖν</span> <span class='ocrx_word' id='word_1_842' title='bbox 2543 4079 2648 4133; x_wconf 86' lang='grc' dir='ltr'>τῶν</span> <span class='ocrx_word' id='word_1_843' title='bbox 2663 4079 2943 4150; x_wconf 87' lang='grc' dir='ltr'>χελιδόνων</span> <span class='ocrx_word' id='word_1_844' title='bbox 2958 4082 3191 4147; x_wconf 72' lang='grc' dir='ltr'>νεοττιά,</span> <span class='ocrx_word' id='word_1_845' title='bbox 3214 4084 3344 4139; x_wconf 84' lang='grc' dir='ltr'>ὅταν</span> <span class='ocrx_word' id='word_1_846' title='bbox 3364 4089 3673 4160; x_wconf 77' lang='grc' dir='ltr'>καταπέσῃ.</span> <span class='ocrx_word' id='word_1_847' title='bbox 3697 4109 3794 4144; x_wconf 65' lang='grc' dir='ltr'>τας</span> 
     </span>
    </p>
   </div>
   <div class='ocr_carea' id='block_1_111' title="bbox 2211 4165 3796 4245">
    <p class='ocr_par' dir='ltr' id='par_1_111' title="bbox 2211 4165 3796 4245">
     <span class='ocr_line' id='line_1_111' title="bbox 2211 4165 3796 4245; baseline 0.008 -26"><span class='ocrx_word' id='word_1_848' title='bbox 2211 4165 2352 4237; x_wconf 90' lang='grc' dir='ltr'>χέως</span> <span class='ocrx_word' id='word_1_849' title='bbox 2368 4167 2682 4221; x_wconf 84' lang='grc' dir='ltr'>ἀπόλλυται·</span> <span class='ocrx_word' id='word_1_850' title='bbox 2708 4170 2871 4239; x_wconf 72' lang='grc' dir='ltr'>ἡμεῖς</span> <span class='ocrx_word' id='word_1_851' title='bbox 2888 4166 3040 4241; x_wconf 78' lang='grc'>[559]</span> <span class='ocrx_word' id='word_1_852' title='bbox 3054 4169 3112 4222; x_wconf 90' lang='grc' dir='ltr'>δέ</span> <span class='ocrx_word' id='word_1_853' title='bbox 3138 4171 3237 4224; x_wconf 89' lang='grc' dir='ltr'>οὐκ</span> <span class='ocrx_word' id='word_1_854' title='bbox 3264 4173 3630 4245; x_wconf 83' lang='grc' dir='ltr'>ἀπολούμεθα,</span> <span class='ocrx_word' id='word_1_855' title='bbox 3654 4178 3796 4232; x_wconf 84' lang='grc' dir='ltr'>ἀλλά</span> 
     </span>
    </p>
   </div>
   <div class='ocr_carea' id='block_1_112' title="bbox 2214 4252 3793 4335">
    <p class='ocr_par' dir='ltr' id='par_1_112' title="bbox 2214 4252 3793 4335">
     <span class='ocr_line' id='line_1_112' title="bbox 2214 4252 3793 4335; baseline 0.007 -28"><span class='ocrx_word' id='word_1_856' title='bbox 2214 4252 2552 4325; x_wconf 81' lang='grc' dir='ltr'>κολαζόμεθα</span> <span class='ocrx_word' id='word_1_857' title='bbox 2584 4254 2866 4325; x_wconf 85' lang='grc' dir='ltr'>διηνεκῶς.</span> <span class='ocrx_word' id='word_1_858' title='bbox 2905 4255 3126 4326; x_wconf 85' lang='grc' dir='ltr'>Χειμὼν</span> <span class='ocrx_word' id='word_1_859' title='bbox 3161 4257 3314 4312; x_wconf 78' lang='grc' dir='ltr'>ἔσται</span> <span class='ocrx_word' id='word_1_860' title='bbox 3341 4261 3370 4313; x_wconf 91' lang='lat'>6</span> <span class='ocrx_word' id='word_1_861' title='bbox 3408 4261 3529 4315; x_wconf 85' lang='grc' dir='ltr'>τότε</span> <span class='ocrx_word' id='word_1_862' title='bbox 3572 4265 3793 4335; x_wconf 75' lang='grc' dir='ltr'>καιρὸς,</span> 
     </span>
    </p>
   </div>
   <div class='ocr_carea' id='block_1_113' title="bbox 2206 4342 3793 4425">
    <p class='ocr_par' dir='ltr' id='par_1_113' title="bbox 2206 4342 3793 4425">
     <span class='ocr_line' id='line_1_113' title="bbox 2206 4342 3793 4425; baseline 0.008 -30"><span class='ocrx_word' id='word_1_863' title='bbox 2206 4342 2417 4414; x_wconf 78' lang='grc' dir='ltr'>μᾶλλον</span> <span class='ocrx_word' id='word_1_864' title='bbox 2441 4343 2497 4396; x_wconf 82' lang='grc' dir='ltr'>δὲ</span> <span class='ocrx_word' id='word_1_865' title='bbox 2532 4344 2797 4413; x_wconf 88' lang='grc' dir='ltr'>χειμῶνος</span> <span class='ocrx_word' id='word_1_866' title='bbox 2828 4343 3230 4414; x_wconf 89' lang='grc' dir='ltr'>χαλεπώτερος.</span> <span class='ocrx_word' id='word_1_867' title='bbox 3264 4349 3339 4401; x_wconf 87' lang='grc' dir='ltr'>Οὐ</span> <span class='ocrx_word' id='word_1_868' title='bbox 3365 4349 3474 4419; x_wconf 82' lang='grc' dir='ltr'>γὰρ</span> <span class='ocrx_word' id='word_1_869' title='bbox 3497 4352 3793 4425; x_wconf 66' lang='grc' dir='ltr'>χείμαρροι</span> 
     </span>
    </p>
   </div>
   <div class='ocr_carea' id='block_1_114' title="bbox 2212 4429 3795 4506">
    <p class='ocr_par' dir='ltr' id='par_1_114' title="bbox 2212 4429 3795 4506">
     <span class='ocr_line' id='line_1_114' title="bbox 2212 4429 3795 4506; baseline 0.004 -22"><span class='ocrx_word' id='word_1_870' title='bbox 2212 4429 2611 4502; x_wconf 87' lang='grc' dir='ltr'>κατασύρονται</span> <span class='ocrx_word' id='word_1_871' title='bbox 2641 4430 2856 4498; x_wconf 78' lang='grc' dir='ltr'>ὓδατος,</span> <span class='ocrx_word' id='word_1_872' title='bbox 2886 4432 3022 4486; x_wconf 80' lang='grc' dir='ltr'>ἀλλὰ</span> <span class='ocrx_word' id='word_1_873' title='bbox 3056 4434 3291 4505; x_wconf 76' lang='grc' dir='ltr'>ποταμοὶ</span> <span class='ocrx_word' id='word_1_874' title='bbox 3326 4438 3518 4506; x_wconf 75' lang='grc' dir='ltr'>πυρός⁶</span> <span class='ocrx_word' id='word_1_875' title='bbox 3563 4440 3625 4491; x_wconf 90' lang='grc' dir='ltr'>οὐ</span> <span class='ocrx_word' id='word_1_876' title='bbox 3661 4443 3795 4494; x_wconf 80' lang='grc' dir='ltr'>σκό-</span> 
     </span>
    </p>
   </div>
   <div class='ocr_carea' id='block_1_115' title="bbox 2210 4516 3797 4596">
    <p class='ocr_par' dir='ltr' id='par_1_115' title="bbox 2210 4516 3797 4596">
     <span class='ocr_line' id='line_1_115' title="bbox 2210 4516 3797 4596; baseline 0.008 -27"><span class='ocrx_word' id='word_1_877' title='bbox 2210 4533 2302 4579; x_wconf 91' lang='grc' dir='ltr'>τος</span> <span class='ocrx_word' id='word_1_878' title='bbox 2323 4516 2430 4569; x_wconf 84' lang='grc' dir='ltr'>ἁπδ</span> <span class='ocrx_word' id='word_1_879' title='bbox 2455 4517 2630 4586; x_wconf 85' lang='grc' dir='ltr'>νεφῶν</span> <span class='ocrx_word' id='word_1_880' title='bbox 2658 4516 2886 4585; x_wconf 88' lang='grc' dir='ltr'>γίνεται,</span> <span class='ocrx_word' id='word_1_881' title='bbox 2919 4518 3056 4574; x_wconf 88' lang='grc' dir='ltr'>άλλά</span> <span class='ocrx_word' id='word_1_882' title='bbox 3078 4520 3267 4585; x_wconf 86' lang='grc' dir='ltr'>σκότος</span> <span class='ocrx_word' id='word_1_883' title='bbox 3286 4520 3478 4577; x_wconf 85' lang='grc' dir='ltr'>άλυτον</span> <span class='ocrx_word' id='word_1_884' title='bbox 3503 4526 3598 4578; x_wconf 81' lang='grc' dir='ltr'>καὶ</span> <span class='ocrx_word' id='word_1_885' title='bbox 3618 4527 3797 4596; x_wconf 84' lang='grc' dir='ltr'>ἀφεγ-</span> 
     </span>
    </p>
   </div>
   <div class='ocr_carea' id='block_1_116' title="bbox 2209 4602 3791 4685">
    <p class='ocr_par' dir='ltr' id='par_1_116' title="bbox 2209 4602 3791 4685">
     <span class='ocr_line' id='line_1_116' title="bbox 2209 4602 3791 4685; baseline 0.007 -28"><span class='ocrx_word' id='word_1_886' title='bbox 2209 4604 2324 4672; x_wconf 87' lang='grc' dir='ltr'>γές,</span> <span class='ocrx_word' id='word_1_887' title='bbox 2353 4602 2494 4657; x_wconf 79' lang='grc' dir='ltr'>ὥστε</span> <span class='ocrx_word' id='word_1_888' title='bbox 2525 4604 2664 4675; x_wconf 86' lang='grc' dir='ltr'>μήτε</span> <span class='ocrx_word' id='word_1_889' title='bbox 2714 4604 2805 4658; x_wconf 82' lang='grc' dir='ltr'>τὸν</span> <span class='ocrx_word' id='word_1_890' title='bbox 2846 4605 3074 4676; x_wconf 75' lang='grc' dir='ltr'>οὐρανὸν</span> <span class='ocrx_word' id='word_1_891' title='bbox 3103 4607 3251 4670; x_wconf 84' lang='grc' dir='ltr'>ἰδεῖν,</span> <span class='ocrx_word' id='word_1_892' title='bbox 3312 4610 3453 4680; x_wconf 84' lang='grc' dir='ltr'>μήτε</span> <span class='ocrx_word' id='word_1_893' title='bbox 3485 4611 3579 4665; x_wconf 83' lang='grc' dir='ltr'>τὸν</span> <span class='ocrx_word' id='word_1_894' title='bbox 3622 4613 3791 4685; x_wconf 74' lang='grc' dir='ltr'>ἀέρα,</span> 
     </span>
    </p>
   </div>
   <div class='ocr_carea' id='block_1_117' title="bbox 2209 4689 3793 4766">
    <p class='ocr_par' dir='ltr' id='par_1_117' title="bbox 2209 4689 3793 4766">
     <span class='ocr_line' id='line_1_117' title="bbox 2209 4689 3793 4766; baseline 0.006 -21"><span class='ocrx_word' id='word_1_895' title='bbox 2209 4691 2346 4746; x_wconf 82' lang='grc' dir='ltr'>ἀλλά</span> <span class='ocrx_word' id='word_1_896' title='bbox 2382 4689 2492 4745; x_wconf 84' lang='grc' dir='ltr'>τῶν</span> <span class='ocrx_word' id='word_1_897' title='bbox 2518 4692 2598 4755; x_wconf 85' lang='grc' dir='ltr'>εἰς</span> <span class='ocrx_word' id='word_1_898' title='bbox 2627 4691 2726 4762; x_wconf 82' lang='grc' dir='ltr'>τὴν</span> <span class='ocrx_word' id='word_1_899' title='bbox 2755 4692 2860 4762; x_wconf 92' lang='grc' dir='ltr'>γῆν</span> <span class='ocrx_word' id='word_1_900' title='bbox 2897 4695 3337 4765; x_wconf 82' lang='grc' dir='ltr'>κατωρυγμένων</span> <span class='ocrx_word' id='word_1_901' title='bbox 3387 4697 3586 4766; x_wconf 81' lang='grc' dir='ltr'>μᾶλλον</span> <span class='ocrx_word' id='word_1_902' title='bbox 3616 4717 3793 4754; x_wconf 73' lang='grc' dir='ltr'>στενορ</span> 
     </span>
    </p>
   </div>
   <div class='ocr_carea' id='block_1_118' title="bbox 2212 4782 3787 4856">
    <p class='ocr_par' dir='ltr' id='par_1_118' title="bbox 2212 4782 3787 4856">
     <span class='ocr_line' id='line_1_118' title="bbox 2212 4782 3787 4856; baseline 0.004 -20"><span class='ocrx_word' id='word_1_903' title='bbox 2212 4782 2529 4855; x_wconf 85' lang='grc' dir='ltr'>χωρεῖσθαι.</span> <span class='ocrx_word' id='word_1_904' title='bbox 2575 4782 2842 4847; x_wconf 85' lang='grc' dir='ltr'>Πολλάκις</span> <span class='ocrx_word' id='word_1_905' title='bbox 2871 4782 3043 4838; x_wconf 89' lang='grc' dir='ltr'>ταῦτα</span> <span class='ocrx_word' id='word_1_906' title='bbox 3078 4784 3329 4856; x_wconf 86' lang='grc' dir='ltr'>λέγομεν,</span> <span class='ocrx_word' id='word_1_907' title='bbox 3360 4786 3475 4841; x_wconf 84' lang='grc' dir='ltr'>ἀλλ’</span> <span class='ocrx_word' id='word_1_908' title='bbox 3503 4788 3565 4841; x_wconf 85' lang='grc' dir='ltr'>οὐ</span> <span class='ocrx_word' id='word_1_909' title='bbox 3599 4790 3787 4843; x_wconf 67' lang='grc' dir='ltr'>πείθοι</span> 
     </span>
    </p>
   </div>
   <div class='ocr_carea' id='block_1_119' title="bbox 2208 4870 3789 4947">
    <p class='ocr_par' dir='ltr' id='par_1_119' title="bbox 2208 4870 3789 4947">
     <span class='ocr_line' id='line_1_119' title="bbox 2208 4870 3789 4947; baseline 0.003 -23"><span class='ocrx_word' id='word_1_910' title='bbox 2208 4871 2314 4940; x_wconf 85' lang='grc' dir='ltr'>μέν</span> <span class='ocrx_word' id='word_1_911' title='bbox 2337 4887 2509 4934; x_wconf 91' lang='grc' dir='ltr'>τινας.</span> <span class='ocrx_word' id='word_1_912' title='bbox 2543 4870 2653 4923; x_wconf 79' lang='grc' dir='ltr'>Καὶ</span> <span class='ocrx_word' id='word_1_913' title='bbox 2681 4870 2831 4923; x_wconf 78' lang='grc' dir='ltr'>οὐδὲν</span> <span class='ocrx_word' id='word_1_914' title='bbox 2861 4870 3189 4942; x_wconf 82' lang='grc' dir='ltr'>θαυμαστὸν,</span> <span class='ocrx_word' id='word_1_915' title='bbox 3221 4875 3274 4927; x_wconf 85' lang='grc' dir='ltr'>εῐ</span> <span class='ocrx_word' id='word_1_916' title='bbox 3299 4891 3362 4944; x_wconf 87' lang='grc' dir='ltr'>γε</span> <span class='ocrx_word' id='word_1_917' title='bbox 3394 4876 3553 4947; x_wconf 85' lang='grc' dir='ltr'>ήμεῖς</span> <span class='ocrx_word' id='word_1_918' title='bbox 3575 4874 3789 4947; x_wconf 78' lang='grc' dir='ltr'>ἄνθρω-</span> 
     </span>
    </p>
   </div>
   <div class='ocr_carea' id='block_1_120' title="bbox 2211 4957 3787 5031">
    <p class='ocr_par' dir='ltr' id='par_1_120' title="bbox 2211 4957 3787 5031">
     <span class='ocr_line' id='line_1_120' title="bbox 2211 4957 3787 5031; baseline 0.003 -20"><span class='ocrx_word' id='word_1_919' title='bbox 2211 4975 2304 5011; x_wconf 86' lang='grc' dir='ltr'>ποι</span> <span class='ocrx_word' id='word_1_920' title='bbox 2331 4957 2569 5021; x_wconf 82' lang='grc' dir='ltr'>εὐτελεῖς</span> <span class='ocrx_word' id='word_1_921' title='bbox 2597 4957 2773 5012; x_wconf 86' lang='grc' dir='ltr'>ταῦτα</span> <span class='ocrx_word' id='word_1_922' title='bbox 2819 4958 3102 5029; x_wconf 85' lang='grc' dir='ltr'>πάσχομεν</span> <span class='ocrx_word' id='word_1_923' title='bbox 3142 4959 3283 5031; x_wconf 75' lang='grc' dir='ltr'>ὑπὲρ</span> <span class='ocrx_word' id='word_1_924' title='bbox 3313 4962 3572 5015; x_wconf 88' lang='grc' dir='ltr'>τοιούτων</span> <span class='ocrx_word' id='word_1_925' title='bbox 3604 4961 3787 5017; x_wconf 80' lang='grc' dir='ltr'>διαλε-</span> 
     </span>
    </p>
   </div>
   <div class='ocr_carea' id='block_1_121' title="bbox 2208 5045 3782 5120">
    <p class='ocr_par' dir='ltr' id='par_1_121' title="bbox 2208 5045 3782 5120">
     <span class='ocr_line' id='line_1_121' title="bbox 2208 5045 3782 5120; baseline 0.004 -21"><span class='ocrx_word' id='word_1_926' title='bbox 2208 5045 2451 5116; x_wconf 85' lang='grc' dir='ltr'>γόμενοι,</span> <span class='ocrx_word' id='word_1_927' title='bbox 2490 5045 2623 5098; x_wconf 74' lang='grc' dir='ltr'>ὅπου</span> <span class='ocrx_word' id='word_1_928' title='bbox 2658 5061 2722 5113; x_wconf 90' lang='grc' dir='ltr'>γε</span> <span class='ocrx_word' id='word_1_929' title='bbox 2753 5045 2847 5100; x_wconf 74' lang='grc' dir='ltr'>καὶ</span> <span class='ocrx_word' id='word_1_930' title='bbox 2896 5046 2949 5099; x_wconf 82' lang='grc' dir='ltr'>οἱ</span> <span class='ocrx_word' id='word_1_931' title='bbox 2997 5047 3273 5118; x_wconf 84' lang='grc' dir='ltr'>προφῆται</span> <span class='ocrx_word' id='word_1_932' title='bbox 3317 5048 3555 5120; x_wconf 71' lang='grc' dir='ltr'>ἔπασχον</span> <span class='ocrx_word' id='word_1_933' title='bbox 3585 5050 3782 5116; x_wconf 87' lang='grc' dir='ltr'>ταῦτα,</span> 
     </span>
    </p>
   </div>
   <div class='ocr_carea' id='block_1_122' title="bbox 2205 5131 3782 5209">
    <p class='ocr_par' dir='ltr' id='par_1_122' title="bbox 2205 5131 3782 5209">
     <span class='ocr_line' id='line_1_122' title="bbox 2205 5131 3782 5209; baseline 0.005 -22"><span class='ocrx_word' id='word_1_934' title='bbox 2205 5134 2304 5203; x_wconf 87' lang='grc' dir='ltr'>οὐχ</span> <span class='ocrx_word' id='word_1_935' title='bbox 2330 5132 2472 5204; x_wconf 79' lang='grc' dir='ltr'>ὑπὲρ</span> <span class='ocrx_word' id='word_1_936' title='bbox 2497 5131 2754 5187; x_wconf 90' lang='grc' dir='ltr'>τοιούτων</span> <span class='ocrx_word' id='word_1_937' title='bbox 2807 5134 2965 5205; x_wconf 88' lang='grc' dir='ltr'>μόνον</span> <span class='ocrx_word' id='word_1_938' title='bbox 2999 5136 3341 5206; x_wconf 87' lang='grc' dir='ltr'>πραγμάτων</span> <span class='ocrx_word' id='word_1_939' title='bbox 3381 5135 3782 5209; x_wconf 81' lang='grc' dir='ltr'>διαλεγόμενοι.</span> 
     </span>
    </p>
   </div>
   <div class='ocr_carea' id='block_1_123' title="bbox 2204 5219 3784 5293">
    <p class='ocr_par' dir='ltr' id='par_1_123' title="bbox 2204 5219 3784 5293">
     <span class='ocr_line' id='line_1_123' title="bbox 2204 5219 3784 5293; baseline 0.004 -20"><span class='ocrx_word' id='word_1_940' title='bbox 2204 5219 2343 5274; x_wconf 87' lang='grc' dir='ltr'>ἀλλά</span> <span class='ocrx_word' id='word_1_941' title='bbox 2366 5221 2456 5273; x_wconf 78' lang='grc' dir='ltr'>καὶ</span> <span class='ocrx_word' id='word_1_942' title='bbox 2484 5219 2625 5290; x_wconf 77' lang='grc' dir='ltr'>ὑπὲρ</span> <span class='ocrx_word' id='word_1_943' title='bbox 2650 5220 2887 5291; x_wconf 86' lang='grc' dir='ltr'>πολέμου</span> <span class='ocrx_word' id='word_1_944' title='bbox 2917 5221 3013 5276; x_wconf 81' lang='grc' dir='ltr'>καὶ</span> <span class='ocrx_word' id='word_1_945' title='bbox 3053 5221 3451 5293; x_wconf 88' lang='grc' dir='ltr'>αἰχμαλωσίας.</span> <span class='ocrx_word' id='word_1_946' title='bbox 3478 5225 3591 5278; x_wconf 78' lang='grc' dir='ltr'>Καὶ</span> <span class='ocrx_word' id='word_1_947' title='bbox 3624 5226 3654 5278; x_wconf 92' lang='lat'>6</span> <span class='ocrx_word' id='word_1_948' title='bbox 3685 5227 3784 5280; x_wconf 83' lang='grc' dir='ltr'>Σε-</span> 
     </span>
    </p>
   </div>
   <div class='ocr_carea' id='block_1_124' title="bbox 2202 5308 3780 5386">
    <p class='ocr_par' dir='ltr' id='par_1_124' title="bbox 2202 5308 3780 5386">
     <span class='ocr_line' id='line_1_124' title="bbox 2202 5308 3780 5386; baseline 0.003 -22"><span class='ocrx_word' id='word_1_949' title='bbox 2202 5308 2387 5372; x_wconf 82' lang='grc' dir='ltr'>δεκίας</span> <span class='ocrx_word' id='word_1_950' title='bbox 2416 5308 2520 5363; x_wconf 83' lang='grc' dir='ltr'>ὐπδ</span> <span class='ocrx_word' id='word_1_951' title='bbox 2541 5308 2635 5362; x_wconf 87' lang='grc' dir='ltr'>τοῦ</span> <span class='ocrx_word' id='word_1_952' title='bbox 2666 5308 2927 5381; x_wconf 85' lang='grc' dir='ltr'>Ἱερεμίου</span> <span class='ocrx_word' id='word_1_953' title='bbox 2947 5309 3227 5383; x_wconf 73' lang='grc' dir='ltr'>ἠλέγχετο,</span> <span class='ocrx_word' id='word_1_954' title='bbox 3249 5311 3345 5365; x_wconf 73' lang='grc' dir='ltr'>καὶ</span> <span class='ocrx_word' id='word_1_955' title='bbox 3369 5313 3473 5366; x_wconf 86' lang='grc' dir='ltr'>οὐκ</span> <span class='ocrx_word' id='word_1_956' title='bbox 3493 5314 3780 5386; x_wconf 67' lang='grc' dir='ltr'>ᾐσχύνετο.</span> 
     </span>
    </p>
   </div>
   <div class='ocr_carea' id='block_1_125' title="bbox 2204 5397 3784 5472">
    <p class='ocr_par' dir='ltr' id='par_1_125' title="bbox 2204 5397 3784 5472">
     <span class='ocr_line' id='line_1_125' title="bbox 2204 5397 3784 5472; baseline 0.004 -20"><span class='ocrx_word' id='word_1_957' title='bbox 2204 5399 2305 5452; x_wconf 90' lang='grc' dir='ltr'>Διά</span> <span class='ocrx_word' id='word_1_958' title='bbox 2329 5398 2489 5452; x_wconf 86' lang='grc' dir='ltr'>τοῦτο</span> <span class='ocrx_word' id='word_1_959' title='bbox 2516 5397 2701 5468; x_wconf 73' lang='grc' dir='ltr'>ἔλεγον</span> <span class='ocrx_word' id='word_1_960' title='bbox 2732 5401 2781 5452; x_wconf 85' lang='grc' dir='ltr'>οἰ</span> <span class='ocrx_word' id='word_1_961' title='bbox 2810 5399 3087 5471; x_wconf 81' lang='grc' dir='ltr'>προφῆται</span> <span class='ocrx_word' id='word_1_962' title='bbox 3108 5416 3122 5432; x_wconf 72' lang='grc' dir='ltr'><strong>ο</strong></span> <span class='ocrx_word' id='word_1_963' title='bbox 3186 5400 3329 5455; x_wconf 81' lang='grc' dir='ltr'>οὐαί</span> <span class='ocrx_word' id='word_1_964' title='bbox 3370 5404 3426 5456; x_wconf 81' lang='grc' dir='ltr'>οι</span> <span class='ocrx_word' id='word_1_965' title='bbox 3466 5402 3784 5472; x_wconf 65' lang='grc' dir='ltr'>λέγοντες,</span> 
     </span>
    </p>
   </div>
   <div class='ocr_carea' id='block_1_126' title="bbox 2203 5484 3783 5562">
    <p class='ocr_par' dir='ltr' id='par_1_126' title="bbox 2203 5484 3783 5562">
     <span class='ocr_line' id='line_1_126' title="bbox 2203 5484 3783 5562; baseline 0.001 -19"><span class='ocrx_word' id='word_1_966' title='bbox 2203 5487 2492 5560; x_wconf 73' lang='grc' dir='ltr'>ὲγγισάτω</span> <span class='ocrx_word' id='word_1_967' title='bbox 2518 5485 2586 5540; x_wconf 83' lang='grc' dir='ltr'>τὸ</span> <span class='ocrx_word' id='word_1_968' title='bbox 2618 5485 2803 5555; x_wconf 80' lang='grc' dir='ltr'>τάχος</span> <span class='ocrx_word' id='word_1_969' title='bbox 2827 5485 2865 5542; x_wconf 81' lang='grc' dir='ltr'>ᾶ</span> <span class='ocrx_word' id='word_1_970' title='bbox 2887 5487 3129 5560; x_wconf 72' lang='grc' dir='ltr'>ποιήσει</span> <span class='ocrx_word' id='word_1_971' title='bbox 3155 5491 3190 5545; x_wconf 82' lang='grc' dir='ltr'><em>ὁ</em></span> <span class='ocrx_word' id='word_1_972' title='bbox 3214 5487 3377 5557; x_wconf 81' lang='grc' dir='ltr'>Θεὸς,</span> <span class='ocrx_word' id='word_1_973' title='bbox 3412 5484 3513 5547; x_wconf 75' lang='grc' dir='ltr'>Ῑηε</span> <span class='ocrx_word' id='word_1_974' title='bbox 3537 5490 3783 5562; x_wconf 70' lang='grc' dir='ltr'>ἴδωμεν,</span> 
     </span>
    </p>
   </div>
   <div class='ocr_carea' id='block_1_127' title="bbox 2265 5642 2806 5706">
    <p class='ocr_par' dir='ltr' id='par_1_127' title="bbox 2265 5642 2806 5706">
     <span class='ocr_line' id='line_1_127' title="bbox 2265 5642 2806 5706; baseline -0.002 -12"><span class='ocrx_word' id='word_1_975' title='bbox 2265 5643 2295 5683; x_wconf 73' lang='grc' dir='ltr'>ιι</span> <span class='ocrx_word' id='word_1_976' title='bbox 2317 5642 2465 5706; x_wconf 59' lang='grc' dir='ltr'>Βεεη</span> <span class='ocrx_word' id='word_1_977' title='bbox 2492 5642 2806 5706; x_wconf 71' lang='grc' dir='ltr'>ἐντραφῶμεν.</span> 
     </span>
    </p>
   </div>
  </div>
