4064 6210
271 321 394 381 513'

266 453 428 511 gnam
461 445 710 492 nostram
735 436 1081 494 alflictioncm
1114 448 1168 494 et
1197 440 1466 495 miseriam
1493 483 1507 504 ,
1550 451 1602 496 et
1644 442 1852 498 illorum

266 528 660 599 captivitatem.
713 527 919 583 Deinde
966 530 1219 598 potentia:
1262 530 1360 585 Dei
1408 530 1760 588 facilitatem:
1793 533 1860 587 Et

276 621 564 686 transtulit,
594 621 806 689 inquit;
835 635 898 675 ac
923 621 967 675 si
997 621 1118 690 quis
1147 621 1367 676 militem
1397 637 1426 675 a
1457 622 1573 678 loco
1601 622 1651 677 in
1686 624 1860 678 locum

269 716 582 768 transferat.
610 711 724 766 Non
752 711 887 766 dixit
907 721 1109 780 autem,
1136 713 1414 779 Traduxit,
1448 729 1639 784 neque,
1665 715 1859 769 Traus-

267 806 487 875 posuit;
532 813 700 859 totum
730 806 872 860 enim
920 806 1111 860 fuisset
1155 805 1271 876 ejus
1298 807 1385 876 qui
1418 816 1818 878 transposucrat
1842 851 1857 875 ,

269 913 375 952 non
424 897 545 967 ejus
589 899 683 968 qui
726 898 1012 952 transierat
1053 916 1064 952 :
1110 899 1242 966 sed,
1295 900 1614 966 Transtulit,
1670 901 1858 970 inquit.

268 989 633 1056 Quamobrem
665 997 719 1042 et
751 996 992 1043 nostrum
1020 998 1123 1054 est,
1151 1000 1203 1044 et
1231 990 1370 1060 ejus.
1404 989 1469 1044 In
1498 1008 1708 1062 regnum
1739 989 1863 1044 Filii

269 1081 560 1135 dilectionis
583 1095 709 1134 suae.
743 1080 858 1155 Non
886 1081 1020 1135 dixit
1049 1083 1222 1136 solum
1245 1124 1258 1146 ,
1293 1083 1534 1152 Regnum
1567 1084 1817 1138 etclorum
1844 1123 1858 1146 ,

271 1172 375 1228 sed
396 1171 817 1242 splendidiorem
845 1184 896 1228 et
926 1173 1232 1242 graviorem
1264 1173 1497 1230 reddidit
1518 1176 1816 1231 oralionem
1843 1216 1857 1240 ,

273 1265 459 1319 dicens
487 1281 502 1318 :
541 1262 771 1334 Regnum
801 1262 930 1317 Filii
952 1280 973 1328 ;
1002 1279 1067 1319 eo
1088 1265 1229 1319 enim
1259 1279 1364 1318 non
1395 1274 1478 1319 est
1505 1265 1675 1334 majus
1695 1279 1858 1320 enco-

274 1357 440 1410 mium
469 1372 481 1409 :
509 1354 652 1425 quod
683 1357 845 1410 etiam
870 1355 1000 1410 dicit
1023 1354 1169 1420 alibi,
1205 1355 1266 1410 Si
1290 1355 1646 1419 sustineamus,
1670 1364 1715 1408 et
1735 1372 1860 1410 con-

272 1446 594 1518 regnabimus
625 1445 709 1516 (2..
736 1446 867 1499 Titii.
897 1445 951 1499 2.
993 1445 1100 1516 l2).
1139 1445 1329 1500 Iisdem
1364 1461 1460 1500 nos
1489 1445 1735 1515 dignatus
1756 1455 1853 1508 est,

273 1541 466 1612 inquit,
497 1539 694 1611 quibus
719 1539 915 1594 Fiiium
947 1557 960 1592 :
993 1555 1092 1593 nec
1120 1539 1222 1594 hoc
1247 1539 1420 1594 solum
1447 1581 1462 1606 ,
1491 1539 1583 1594 sed
1611 1539 1856 1605 additur,

273 1635 559 1690 Dilectum.
589 1633 863 1699 inimicos,
894 1632 987 1701 qui
1030 1632 1363 1686 obtcnebrati
1407 1640 1595 1695 erant,
1638 1641 1860 1700 repente

273 1724 548 1780 transtulit
571 1724 659 1778 ubi
688 1732 802 1778 erat
850 1722 1019 1778 Filius
1046 1765 1060 1790 ,
1091 1731 1145 1777 et
1175 1723 1226 1777 in
1253 1722 1500 1778 eumdem
1547 1724 1596 1776 in
1639 1737 1744 1792 quo
1773 1723 1860 1776 ille

268 1824 392 1871 erat
415 1814 703 1869 honorem.
733 1813 840 1868 Nec
877 1813 978 1868 hoc
1023 1813 1139 1868 solo
1179 1812 1276 1867 fuit
1317 1821 1636 1876 contentus;
1670 1811 1762 1868 sed
1805 1821 1862 1866 ut

272 1921 538 1976 magnum
565 1904 863 1960 ostenderet
888 1904 1119 1971 donum,
1155 1919 1259 1959 non
1287 1905 1416 1959 satis
1445 1903 1627 1958 habuit
1654 1897 1858 1958 dixisse

276 2011 509 2066 regnum
531 2039 546 2062 ,
577 1996 667 2051 sed
710 1996 910 2050 addidit
940 1996 1099 2051 etiam
1127 2037 1143 2062 ,
1191 1994 1317 2049 Filii
1340 2011 1358 2050 :
1382 2010 1482 2052 nec
1515 1995 1617 2049 hoc
1642 1995 1814 2050 solum
1840 2036 1856 2062 ,

276 2086 378 2143 sed
410 2087 588 2152 etiam,
619 2086 807 2141 Dilecti
831 2103 848 2152 ;
876 2102 974 2141 nec
1004 2085 1104 2140 hoc
1127 2094 1354 2153 tantum,
1381 2086 1473 2140 sed
1497 2086 1655 2140 etiam
1686 2085 1857 2140 hono-

272 2193 388 2234 rem
418 2186 474 2232 et
499 2177 661 2232 decus
689 2186 914 2232 naturae.
944 2176 1083 2245 Quid
1107 2177 1249 2232 enim
1276 2177 1445 2231 dicit?
1477 2178 1577 2241 Qui
1603 2186 1671 2232 est
1692 2176 1860 2246 imago

272 2267 373 2323 Dei
400 2268 687 2322 invisibilis.
727 2266 832 2322 Sed
865 2281 968 2321 non
995 2268 1173 2322 statim
1205 2267 1270 2322 ad
1298 2267 1349 2322 id
1376 2268 1539 2334 venit,
1572 2267 1860 2341 sedjnter-

268 2360 401 2429 jecit
429 2359 680 2414 collatum
714 2358 768 2413 in
815 2373 914 2412 nos
947 2358 1282 2414 beneficium.
1316 2357 1448 2412 Nam
1483 2400 1496 2424 ,
1542 2374 1609 2412 ne
1636 2357 1859 2412 audiens

272 2449 414 2520 quod
449 2457 617 2504 totum
649 2449 719 2504 sit
762 2449 956 2514 Patris,
992 2449 1265 2503 existimes
1290 2458 1438 2503 extra
1461 2463 1581 2504 esse
1623 2447 1813 2502 Filium
1840 2489 1855 2514 ,

273 2542 364 2596 dat
395 2549 568 2596 totum
603 2540 740 2594 Filio
766 2581 780 2607 ,
816 2549 870 2594 et
902 2547 1071 2593 totum
1113 2539 1273 2593 Patri.
1322 2537 1454 2592 Nam
1507 2539 1594 2594 ille
1639 2538 1857 2608 quidem

275 2633 565 2699 transtulit,
596 2632 692 2688 sed
721 2633 807 2687 hic
834 2646 1048 2687 causam
1075 2631 1326 2702 praebuit.
1361 2629 1498 2698 Quid
1523 2631 1664 2686 enim
1689 2630 1860 2686 dicit?

278 2722 378 2788 Qui
418 2725 606 2792 eripuit
637 2739 729 2777 nos
758 2739 820 2777 ea:
860 2731 1102 2793 potestate
1127 2721 1460 2776 tenebrarum.
1496 2722 1637 2777 Idem
1682 2730 1859 2777 autem

277 2816 524 2886 estquod
558 2815 688 2870 illud
718 2833 731 2870 :
764 2816 850 2870 M.
895 2816 962 2870 In
1003 2833 1101 2881 quo
1145 2816 1385 2871 habemus
1427 2818 1817 2888 redemptionem
1841 2859 1856 2884 ,

277 2909 623 2960 remissionem
649 2916 988 2976 peccatorum.
1016 2907 1072 2962 Si
1099 2908 1240 2962 enim
1285 2909 1507 2963 remissa
1537 2924 1641 2962 non
1681 2917 1862 2964 essent

275 3010 516 3070 peccata,
551 3015 656 3053 non
685 3013 927 3054 essemus
960 2999 1084 3054 hinc
1110 3001 1371 3054 translati.
1403 3001 1538 3055 Ecce
1567 3015 1749 3055 rursus
1776 3000 1862 3056 hic

275 3090 430 3155 illud,
458 3091 512 3144 in
537 3107 654 3161 quo.
691 3091 756 3144 Et
779 3106 882 3145 non
913 3091 1062 3159 dicit,
1112 3099 1335 3164 λύτρωσιν
1359 3134 1373 3160 ,
1399 3093 1819 3163 redemptionem
1845 3136 1858 3161 ,

275 3180 373 3236 sed
405 3185 747 3252 ἀπολύτρωσιν,
780 3181 830 3236 id
855 3193 938 3238 est
959 3224 973 3249 ,
1007 3184 1217 3252 plenam
1246 3194 1300 3240 et
1330 3183 1616 3255 perfectam
1650 3187 1861 3242 redem-

275 3264 555 3344 ptionem;
603 3288 670 3326 ne
714 3275 941 3344 amplius
969 3290 1320 3341 corruamus,
1370 3293 1542 3342 neque
1567 3279 1864 3336 efficiamur

277 3363 561 3416 mortales.
597 3363 682 3418 15.
721 3363 818 3430 Qui
850 3375 921 3419 est
961 3367 1129 3437 imago
1165 3366 1262 3421 Dei
1298 3367 1577 3436 invisibilis,
1609 3373 1862 3442 primoge-

267 3455 415 3508 uitus
440 3454 604 3508 omnis
621 3456 903 3510 creaturae?
929 3457 986 3512 lu
1016 3459 1365 3527 quzestionem
1394 3457 1676 3514 incidimus
1695 3459 1865 3516 lucre-

270 3548 442 3600 ticam
474 3563 489 3600 :
524 3555 807 3617 propterea
851 3547 1010 3602 hodie
1039 3547 1346 3604 differemus
1378 3592 1392 3616 ,
1434 3559 1487 3605 et
1510 3555 1740 3606 crastina
1779 3553 1866 3609 die

267 3655 396 3696 rem
437 3639 724 3694 afl'eremus
757 3640 951 3695 vestris
994 3640 1245 3697 audiendi
1277 3641 1483 3713 cupidis
1522 3643 1759 3699 auribus.
1808 3645 1866 3701 Si

267 3729 410 3798 quid
439 3737 622 3783 autem
652 3738 864 3798 oportet
903 3730 1132 3800 amplius
1158 3731 1337 3787 dicere
1362 3774 1376 3798 ,
1411 3733 1582 3804 majus
1613 3743 1695 3788 est
1733 3750 1866 3804 opus

271 3822 408 3876 Filii
457 3820 738 3887 Quomodo
765 3822 788 3876 ι
821 3822 952 3877 ΙΗυύ
981 3825 1125 3879 enim
1156 3825 1272 3880 fieri
1303 3842 1408 3881 non
1443 3835 1635 3896 potest,
1663 3837 1719 3884 ut
1750 3845 1865 3884 ma-

271 3913 538 3968 nentibus
564 3914 621 3966 in
643 3913 878 3983 peccatis
905 3913 994 3970 det
1023 3932 1243 3986 regnum
1267 3935 1280 3982 ;
1317 3917 1418 3973 hoc
1457 3929 1634 3976 autem
1663 3928 1747 3975 est
1786 3918 1865 3974 fa-

270 4004 440 4058 cilius
487 4005 883 4074 :quamobrcm
923 4005 990 4060 ad
1033 4006 1232 4062 donum
1278 4011 1418 4065 viam
1469 4012 1680 4067 muniit.
1731 4012 1868 4082 Quid

275 4095 465 4148 dicis?
497 4095 613 4164 ipse
643 4097 733 4152 tibi
767 4107 984 4167 peccata
1022 4100 1263 4153 remisit:
1292 4117 1420 4172 ergo
1443 4110 1494 4157 te
1519 4119 1728 4174 quoque
1774 4104 1871 4160 ad-

269 4187 458 4240 duxit.
510 4185 630 4241 Jam
681 4197 947 4258 tamquam
1001 4189 1398 4248 fundamentum
1441 4193 1570 4264 jecit
1634 4195 1867 4253 radicem

267 4277 573 4347 dogmatis.

345 4376 408 4430 4.
451 4375 537 4428 Ad
575 4391 784 4446 regnum
829 4377 953 4432 Filii
984 4378 1079 4433 Dei
1109 4381 1275 4434 uocari
1318 4392 1560 4449 quantum
1590 4385 1654 4438 sit
1680 4384 1870 4454 bene/i-

267 4468 438 4521 cium.
465 4465 583 4520 Vita
613 4484 836 4536 prwsens
860 4471 1004 4538 quasi
1027 4471 1198 4524 nidus.
1222 4470 1395 4526 Terra:
1421 4483 1580 4528 motus
1607 4485 1652 4529 et
1673 4476 1870 4530 urbium

269 4559 588 4615 eversiones.
617 4589 688 4599 —
717 4559 932 4615 interim
987 4570 1163 4616 autem
1209 4577 1328 4617 cum
1381 4563 1509 4619 illud
1554 4564 1866 4635 dixerimus,

270 4654 445 4707 finem
479 4651 817 4720 imponemus
844 4651 968 4707 huic
988 4654 1240 4708 orationi.
1280 4654 1542 4720 Quidnam
1570 4667 1745 4712 autem
1770 4657 1870 4714 hoc

268 4753 359 4799 est
377 4744 403 4797 ζ’
433 4741 590 4810 Quod
621 4751 830 4798 tantum
857 4747 1126 4815 assequuti
1150 4746 1488 4811 beneficium,
1515 4749 1630 4817 ejus
1655 4763 1868 4820 semper

271 4835 552 4889 debemus
582 4835 915 4900 meminisse,
936 4845 990 4890 et
1010 4837 1102 4890 Dei
1129 4837 1326 4892 donum
1352 4839 1404 4893 in
1427 4840 1579 4894 nobis
1610 4851 1869 4910 perpetuo

268 4941 526 4993 versare,
576 4942 605 4980 a
653 4927 972 4997 quibusnam
1025 4928 1270 4994 liberati,
1305 4940 1358 4986 et
1397 4948 1638 5002 qumnam
1693 4933 1868 5003 adepti

268 5036 470 5077 sumus
515 5021 789 5089 cogitare;
842 5029 898 5076 et
940 5021 1017 5076 sic
1065 5022 1203 5091 grati
1235 5023 1454 5091 erimus,
1486 5026 1562 5080 sic
1591 5025 1868 5081 caritatem

267 5117 323 5170 in
360 5129 490 5167 eum
524 5113 857 5183 augebimus.
888 5113 1025 5182 Quid
1057 5115 1212 5180 dicis,
1247 5130 1280 5169 ο
1319 5115 1518 5170 homo?
1557 5130 1776 5173 vocatus
1812 5133 1870 5174 es

262 5208 339 5263 ad
388 5196 636 5275 regnum,
669 5205 736 5259 ad
785 5221 1006 5276 regnum
1040 5207 1156 5261 Filii
1203 5207 1321 5274 Dei,
1357 5206 1576 5276 hiasque
1629 5219 1772 5264 totus
1816 5219 1870 5265 et

263 5299 498 5361 oscitas,
550 5296 819 5366 fricasque
849 5306 902 5352 et
930 5298 1146 5368 scalpis,
1186 5309 1244 5355 et
1289 5300 1588 5368 torpescis?
1619 5301 1673 5356 Si
1722 5304 1868 5361 enim

263 5390 352 5443 vel
378 5389 437 5442 in
459 5387 606 5440 mille
625 5397 826 5443 mortes
846 5398 898 5443 te
915 5399 1190 5460 Oporteret
1209 5391 1407 5445 insilire
1420 5391 1674 5460 quotidie,
1688 5409 1866 5450 annon

267 5493 466 5538 essent
491 5482 672 5534 omnia
716 5483 1070 5537 sustinenda?
1099 5483 1202 5541 Sed
1232 5493 1290 5539 ut
1337 5486 1703 5554 magistratum
1745 5489 1865 5556 qui-

266 5577 395 5630 dem
450 5571 783 5642 assequaris,
813 5573 942 5628 nihil
993 5591 1098 5628 non
1148 5575 1327 5640 facis;
1380 5575 1644 5646 Unigenili
1690 5587 1864 5633 autem

266 5666 428 5740 regni
474 5664 690 5722 futurus
721 5666 1008 5735 particeps,
1039 5681 1148 5720 non
1196 5668 1248 5720 in
1293 5667 1439 5723 mille
1486 5683 1644 5722 enses
1675 5669 1862 5735 insilis,

267 5776 381 5817 non
415 5760 472 5816 in
521 5757 703 5828 ignem
747 5765 798 5813 te
828 5755 1043 5828 injicis?
1091 5758 1155 5813 Et
1185 5757 1287 5816 hoc
1336 5759 1568 5817 nondum
1602 5761 1671 5816 ita
1701 5776 1860 5831 grave

1162 321 1232 379 ΙΝ
1269 319 1481 380 EPIST.
1528 321 1934 382 AD'COLOSS.
1979 324 2130 382 CAP.
2175 325 2208 380 l.
2257 328 2490 388 liOMlL.
2537 333 2600 388 ll.

3443 352 3546 407 5H

1977 456 2078 514 cst,
2122 449 2215 504 sed
2247 451 2387 520 quod
2438 454 2596 508 etiam
2630 470 2967 526 cxccssurus,
3005 461 3336 528 lamentaris,
3375 475 3427 517 et
3466 464 3553 519 hic

1971 539 2216 595 lubenter
2233 544 2483 610 versaris,
2500 560 2617 599 cum
2638 546 2710 600 sis
2732 558 2938 603 amator
2958 549 3360 619 corporis.Quid
3384 554 3550 607 vero?

1971 632 2200 688 etiamne
2233 644 2458 689 mortem
2507 651 2694 692 censes
2745 655 2864 693 esse
2915 643 3441 714 terribilem?llujus
3472 647 3550 700 rei

1969 736 2130 777 eausa
2183 733 2306 779 sunt
2349 726 2554 782 delicia:
2583 737 2637 783 ct
2681 731 2846 784 otium
2882 750 2892 783 :
2926 749 3044 785 riam
3077 736 3165 802 qui
3197 736 3358 789 vitam
3405 736 3548 806 degit

1970 812 2240 879 acerbam,
2267 815 2348 869 vel
2380 816 2551 872 alatus
2579 833 2698 872 esse
2737 829 2950 889 cuperet
2992 831 3044 875 et
3075 823 3198 877 hinc
3247 823 3548 880 discedere.

1970 901 2118 957 Nunc
2145 912 2320 958 autem
2351 905 2449 960 hoc
2482 906 2652 976 ipsum
2683 909 2835 963 nobis
2864 914 3107 966 usuvenit
3135 955 3144 974 ,
3178 912 3316 983 quod
3367 915 3548 983 pullis,

1969 994 2056 1062 qui
2085 995 2274 1049 molles
2303 996 2600 1051 redduntur
2623 1008 2674 1053 ct
2714 1001 2878 1053 teneri
2909 1002 2958 1054 in
2994 1002 3118 1056 nido
3150 1003 3389 1058 volentes
3434 1019 3550 1058 ma-

1969 1099 2097 1138 nere
2123 1094 2401 1154 perpetuo.
2436 1087 2538 1142 Sed
2570 1103 2674 1158 quo
2704 1088 2902 1145 diutius
2947 1094 3321 1162 manserimus,
3349 1108 3412 1150 eo
3440 1094 3546 1150 cri-

1969 1190 2086 1230 mus
2115 1176 2514 1232 imbecilliores.

2040 1267 2208 1322 Nidus
2237 1269 2380 1323 enim
2411 1279 2494 1324 est
2525 1272 2627 1325 vita
2661 1287 2920 1341 pransuris,
2953 1276 3313 1345 conglutinata
3349 1294 3411 1332 ex
3455 1294 3550 1349 pa-

1967 1360 2063 1415 leis
2107 1369 2162 1415 et
2208 1361 2341 1414 luto.
2396 1362 2614 1417 Etiamsi
2647 1365 2774 1418 mihi
2805 1381 3022 1436 magnas
3054 1369 3197 1422 :rdes
3224 1371 3549 1437 ostenderis,

1967 1459 2021 1505 ct
2052 1451 2193 1521 ipsas
2230 1453 2404 1522 regias
2429 1453 2595 1509 multo
2624 1471 2754 1510 auro
2783 1466 2833 1512 et
2861 1459 3091 1526 gemmis
3121 1458 3402 1528 fulgentes,
3435 1461 3550 1514 cxi-

1968 1549 2195 1602 stimabo
2223 1564 2313 1603 cas
2342 1549 2472 1604 nihil
2501 1550 2718 1612 differre
2761 1568 2787 1604 a
2821 1553 2960 1606 nidis
3015 1553 3378 1608 hirundinum.
3417 1551 3549 1608 Nam

1965 1655 2085 1694 cum
2116 1639 2285 1693 hiems
2317 1641 2614 1707 advenerit,
2636 1643 2814 1695 omnia
2848 1658 2941 1696 sua
2972 1653 3163 1714 sponte
3186 1643 3411 1699 cadent:
3437 1644 3550 1698 hic-

1967 1747 2104 1785 mem
2139 1741 2313 1786 autem
2360 1734 2570 1802 appello
2598 1733 2750 1788 illum
2781 1733 2946 1798 diem,
2976 1737 3064 1805 qui
3107 1752 3214 1790 non
3249 1748 3329 1792 est
3374 1737 3547 1792 hiems

1965 1824 2233 1878 omnibus.
2263 1823 2394 1879 Nam
2429 1825 2568 1880 Deus
2617 1841 2832 1896 quoque
2879 1836 3086 1882 noctem
3137 1839 3190 1884 ct
3245 1829 3386 1883 diem
3419 1829 3548 1882 illud

1967 1925 2176 1987 tempus
2207 1917 2459 1987 appellat,
2495 1918 2623 1972 illud
2655 1918 2892 1988 quidem,
2927 1921 3222 1989 respiciens
3262 1920 3326 1974 ad
3360 1935 3548 1990 pecca-

1967 2018 2148 2074 tores;
2177 2011 2279 2064 hoc
2306 2025 2455 2077 vero,
2481 2009 2547 2064 ad
2572 2010 2767 2081 justos.
2797 2010 2871 2064 Ita
2900 2026 2997 2081 ego
3023 2028 3165 2067 nunc
3197 2027 3405 2082 quoque
3427 2027 3547 2066 eum

1965 2115 2099 2156 voco
2132 2100 2383 2157 hiemem.
2406 2101 2459 2158 Si
2489 2110 2673 2157 aestate
2703 2117 2812 2156 non
2847 2102 3104 2158 fuerimus
3134 2103 3269 2158 bene
3309 2104 3549 2165 enutriti.

1964 2200 2022 2246 ut
2054 2192 2319 2262 possimus
2348 2191 2532 2247 volare
2559 2206 2681 2246 cum
2714 2192 2886 2247 hiems
2931 2191 3232 2260 advenerit,
3264 2208 3369 2246 non
3400 2193 3545 2246 acci-

1965 2285 2113 2355 pient
2143 2297 2241 2338 nos
2291 2292 2512 2348 matres,
2545 2282 2640 2338 sed
2680 2299 2779 2338 nos
2807 2282 2948 2338 fame
2979 2285 3158 2338 sinent
3184 2285 3420 2351 enecari,
3459 2293 3552 2337 aut

1965 2376 2092 2430 nido
2117 2375 2344 2431 cadente
2376 2375 2620 2431 interire.
2650 2375 2780 2430 Nam
2810 2378 2948 2431 sicut
2970 2377 3172 2439 nidum,
3205 2377 3312 2431 imo
3335 2392 3461 2432 vero
3486 2391 3551 2432 eo

1965 2465 2187 2532 facilius,
2212 2467 2394 2521 omnia
2421 2481 2564 2520 nunc
2586 2476 2851 2537 expurgat
2873 2468 3034 2534 Dens,
3065 2471 3241 2522 omnia
3272 2467 3550 2522 destructis

1965 2573 2328 2629 reparatisque
2351 2569 2406 2614 et
2431 2573 2780 2628 componens.
2812 2558 3123 2615 lnvolucres
3153 2569 3353 2627 autem,
3377 2572 3430 2616 et
3459 2564 3550 2628 qui

1966 2667 2071 2707 non
2103 2661 2324 2722 possunt
2350 2652 2397 2705 ei
2427 2651 2637 2705 obviam
2671 2652 2856 2707 venire
2884 2653 2936 2706 in
2964 2667 3111 2717 aere,
3142 2653 3234 2707 sed
3265 2653 3401 2708 adeo
3427 2669 3548 2708 sor-

1967 2743 2088 2799 dide
2114 2751 2169 2800 et
2195 2743 2531 2800 illiberaliter
2569 2754 2693 2798 sunt
2721 2743 2930 2799 educati
2963 2752 3019 2799 ut
3048 2743 3194 2799 leves
3223 2761 3424 2815 pennas
3459 2747 3551 2799 lia-

1966 2835 2094 2890 bere
2143 2850 2246 2890 non
2302 2837 2527 2906 possint,
2559 2851 2618 2890 ea
2669 2836 2940 2906 patientur
2965 2851 3085 2906 qua:
3129 2846 3548 2891 consentaneum

1967 2935 2049 2983 est
2079 2942 2174 2982 eos
2214 2927 2323 2997 pati
2354 2929 2443 2998 qui
2474 2927 2550 2982 sic
2580 2934 2707 2982 sunt
2747 2926 2940 2982 affecti.
2993 2929 3163 2998 Atque
3207 2926 3546 2982 hirundinqu

1968 3019 2181 3090 quidem
2216 3020 2372 3074 nidus
2397 3035 2515 3075 eum
2568 3018 2843 3086 ceciderit,
2878 3020 2984 3074 cito
3017 3021 3154 3090 perit
3183 3039 3195 3073 :
3227 3035 3324 3074 nos
3371 3029 3546 3074 autem

1971 3123 2075 3164 non
2106 3110 2363 3179 perimus,
2388 3110 2483 3165 sed
2511 3121 2767 3181 perpetuo
2795 3114 3064 3181 punimur.
3085 3111 3268 3166 Hiems
3288 3113 3384 3167 erit
3408 3114 3549 3183 quod

1969 3210 2097 3256 tunc
2127 3201 2229 3256 erit
2251 3211 2483 3271 tempus,
2519 3202 2624 3256 imo
2656 3217 2783 3257 vero
2807 3201 2982 3257 hieme
3020 3203 3238 3274 gravius
3277 3218 3340 3258 ac
3378 3203 3550 3258 mole-

1969 3295 2124 3348 stius.
2148 3293 2263 3348 Non
2286 3294 2428 3348 enim
2463 3293 2744 3348 trahuntur
2779 3302 3043 3349 torrentes
3074 3309 3250 3365 aqute,
3281 3293 3374 3350 sed
3401 3294 3549 3349 flmii

1971 3385 2144 3456 ignis:
2176 3399 2282 3439 non
2314 3393 2439 3438 sunt
2469 3383 2705 3439 tenebrae
2743 3400 2773 3439 c
2805 3384 3055 3450 nubibus,
3080 3385 3182 3441 sed
3208 3385 3440 3441 tenebrre
3468 3387 3549 3439 in-

1971 3477 2340 3544 dissolubiles,
2367 3487 2422 3533 et
2448 3477 2568 3532 lucc
2600 3478 2810 3547 penitus
2850 3485 3130 3542 carentes;
3175 3477 3310 3532 adeo
3359 3488 3417 3532 ut
3456 3495 3554 3533 nec

1971 3572 2161 3627 caelum
2188 3571 2403 3625 videant
2442 3585 2544 3625 nec
2573 3586 2775 3638 aerem,
2809 3569 2904 3625 sed
2950 3570 3000 3624 iu
3045 3569 3277 3639 majores
3305 3569 3552 3639 redigan-

1973 3673 2059 3718 tur
2103 3662 2396 3732 angustias,
2432 3677 2590 3732 quam
2622 3661 2712 3731 qui
2757 3661 2941 3715 infossi
2985 3668 3111 3714 sunt
3151 3661 3205 3714 in
3237 3669 3398 3715 terra.
3430 3661 3556 3714 Haec

1973 3771 2115 3826 saepe
2141 3753 2394 3821 dicimus,
2424 3753 2520 3809 sed
2569 3768 2675 3807 non
2727 3752 3115 3822 persuademus
3139 3751 3420 3821 aliquibus.
3449 3751 3555 3807 Sed

1975 3865 2080 3905 non
2113 3856 2195 3904 est
2242 3848 2460 3912 mirum,
2493 3845 2536 3900 si
2579 3845 2755 3911 nobis,
2783 3845 2875 3914 qui
2906 3859 3090 3898 sumus
3136 3843 3266 3898 viles
3293 3843 3553 3907 homines,

1973 3937 2417 3996 concionantibus
2466 3937 2581 3991 lucc
2609 3934 2874 4000 accidunt,
2907 3950 3028 3990 cum
3077 3933 3193 3990 lucc
3225 3934 3387 3991 etiam
3415 3937 3558 3989 acci-

1975 4030 2162 4087 derent
2204 4029 2504 4102 praphetis,
2536 4043 2641 4081 non
2668 4026 2735 4082 de
2776 4027 2862 4081 his
2890 4027 3064 4081 solum
3098 4025 3258 4081 rebus
3286 4026 3558 4081 disseren-

1975 4124 2141 4190 tibus,
2173 4123 2270 4178 sed
2298 4131 2353 4177 et
2389 4121 2458 4176 de
2496 4121 2637 4176 bello
2684 4128 2740 4174 et
2789 4119 3117 4187 captivitate.
3162 4118 3228 4171 Et
3271 4117 3559 4174 Sedechlas

1976 4215 2298 4285 arguebatur
2319 4227 2348 4264 a
2378 4211 2633 4276 Jeremia,
2665 4223 2766 4263 nec
2793 4207 3125 4262 afficiebatur
3156 4207 3378 4276 pudore.
3422 4209 3558 4262 Pro-

1977 4319 2162 4378 pterea
2192 4304 2440 4360 dicebant
2466 4300 2741 4370 propheta:
2767 4317 2780 4353 :
2823 4298 2909 4352 Va:
2933 4300 3016 4368 qui
3043 4298 3236 4363 dicunt,
3267 4299 3558 4368 Appmpin-

1977 4404 2128 4466 quent
2155 4396 2252 4448 cito
2277 4407 2390 4462 quae
2414 4391 2564 4461 faciet
2588 4389 2743 4453 Deus,
2773 4397 2828 4441 ut
2853 4388 3126 4452 videamus,
3162 4395 3204 4439 et
3231 4387 3394 4439 veniat
3433 4403 3558 4441 cana

1977 4488 2149 4543 silium
2195 4483 2372 4539 Sancti
2415 4479 2601 4546 Israel,
2633 4489 2688 4533 ut
2728 4494 3091 4549 cognoscamus
3135 4475 3284 4546 (Isai.
3324 4477 3556 4549 51.19).

1976 4578 2054 4634 Ne
2083 4578 2186 4632 hoc
2229 4574 2504 4630 miremur.
2536 4571 2752 4627 Namct
2795 4571 2884 4640 qui
2933 4581 3087 4624 erant
3129 4577 3368 4640 tempore
3397 4585 3556 4637 arcae,

1980 4647 2427 4730 non’crcdebant,
2461 4663 2555 4719 sed
2582 4660 2942 4722 crediderunt,
2968 4659 3181 4728 quando
3212 4659 3415 4715 nullum
3445 4672 3561 4716 erat

1977 4763 2185 4817 lucrum
2233 4757 2352 4812 fidei
2387 4774 2401 4810 :
2437 4770 2615 4826 neque
2646 4754 2919 4825 quierant
2971 4750 3239 4816 Sodomis,
3284 4763 3564 4822 exspecta-

1977 4862 2124 4917 runt,
2165 4851 2268 4907 sed
2305 4851 2403 4921 ipsi
2441 4863 2653 4918 quoque
2681 4845 3045 4909 crediderunt,
3079 4845 3291 4915 quando
3321 4845 3452 4899 nihil
3481 4847 3561 4901 eis

1979 4947 2198 5018 proluit.
2231 4945 2295 4998 Et
2341 4942 2464 5014 quid
2495 4942 2617 4996 dico
2662 4940 2729 4996 de
2760 4938 2992 4994 futuris?
3023 4939 3144 5008 quis
3199 4948 3560 5008 exspectasset

1978 5057 2039 5097 ea
2069 5055 2188 5110 quae
2231 5052 2371 5092 nunc
2399 5037 2530 5088 fiunt
2574 5035 2625 5088 in
2657 5033 2884 5088 diversis
2913 5033 3065 5100 locis,
3101 5042 3253 5087 terra:
3285 5040 3482 5093 motus,
3510 5040 3564 5086 et

1979 5131 2188 5186 urbium
2217 5127 2527 5184 eversiones
2549 5122 2622 5196 (η)
2646 5125 2669 5179 ι
2723 5124 2882 5195 Atqui
2934 5123 3050 5178 lucc
3079 5132 3232 5178 erant
3263 5121 3366 5176 illis
3393 5123 3562 5191 magis

1977 5220 2279 5284 credibilia,
2309 5235 2468 5288 quam
2516 5231 2664 5280 arca,
2713 5215 2950 5286 inquam.
2984 5213 3259 5269 Undenam
3307 5211 3409 5266 hoc
3433 5225 3562 5267 con-

1975 5311 2119 5368 stat?
2148 5311 2300 5379 Quod
2347 5310 2418 5364 illi
2449 5309 2664 5380 quidem
2699 5324 2802 5362 non
2859 5306 3130 5376 potuerint
3179 5303 3322 5358 aliud
3369 5319 3560 5359 exem-

1974 5405 2121 5474 plum
2149 5401 2410 5470 aspicere,
2435 5415 2606 5469 neque
2627 5398 2928 5466 Scripturas
2943 5393 3256 5449 audierunt:
3281 5393 3366 5449 hic
3382 5403 3558 5450 autem

1977 5505 2099 5552 sunt
2143 5491 2574 5558 innumerabilia,
2606 5505 2725 5562 qua:
2755 5497 2812 5544 ct
2855 5487 3055 5543 nostris
3095 5487 3234 5543 facta
3271 5500 3392 5543 sunt
3429 5498 3562 5542 tem-

2039 5711 2111 5772 (ιι)
2134 5710 2209 5759 De
2234 5714 2381 5772 terra}
2405 5707 2617 5772 motibus
2640 5711 2690 5772 et
2715 5704 2907 5772 urbium
2931 5704 3283 5772 ever-suonibus,
3308 5714 3417 5768 qute
3433 5708 3550 5754 tunc

1978 5765 2273 5830 acciderunt...
2295 5769 2406 5820 vide
2429 5781 2538 5832 qutc
2561 5767 2773 5818 diximus
2795 5768 2841 5817 in
2866 5765 3063 5817 Monito.
