4064 6210
487 319 592 376 315

488 436 712 506 poribus
761 437 818 484 et
863 425 1308 499 praecedentibus.
1341 421 1448 477 Sed
1495 419 1760 473 undenam
1805 413 2064 506 processit

493 504 681 580 eorum
714 517 1098 576 incredulitas?
1141 516 1218 570 Ex
1249 513 1394 569 molli
1438 521 1492 568 et
1517 511 1703 581 ignava
1729 507 1906 562 anima
1935 522 1948 558 :
1979 504 2064 559 hi-

495 613 698 672 hcbaut
738 621 795 669 et
819 611 1193 672 comedebant,
1227 616 1281 661 et
1309 614 1594 675 propterea
1623 616 1728 656 non
1755 597 2062 654 credebant.

493 704 628 761 Nam
649 719 768 776 qua:
789 703 902 757 vult
922 701 1206 772 quispiam,
1231 713 1294 752 ea
1316 705 1370 750 et
1401 704 1568 764 putat,
1592 708 1650 748 ea
1683 702 1736 747 et
1761 696 2063 758 exspectat:

496 800 587 869 qui
617 807 791 852 autem
823 793 1225 856 contradicunt,
1255 802 1486 857 nugaces
1513 785 1794 839 habentur.

564 889 624 943 5.
664 885 770 941 Sed
801 901 867 940 ne
904 883 1006 937 hoc
1035 883 1192 936 nobis
1217 879 1426 934 accidat
1456 895 1468 930 :
1518 891 1624 930 non
1653 875 1794 929 enim
1826 872 1928 928 erit
1951 885 2069 923 am-

499 979 638 1048 plius
666 975 948 1041 diluvium,
981 989 1152 1042 neque
1178 971 1243 1025 ad
1267 979 1492 1024 mortem
1523 982 1690 1036 usque
1711 963 1946 1035 puuitio;
1977 961 2072 1016 sed

499 1067 883 1136 suppliciorum
913 1065 1122 1118 initium
1155 1072 1235 1116 est
1267 1074 1412 1114 mors
1439 1073 1544 1111 non
1576 1056 1910 1111 credentium
1929 1050 2072 1122 quod

498 1159 568 1210 sit
594 1156 873 1226 judicium.
909 1155 972 1207 Et
1012 1153 1151 1222 quis,
1178 1151 1363 1220 inqttit,
1397 1147 1520 1202 inde
1559 1147 1777 1202 veniens
1807 1145 1925 1200 hate
1950 1159 2075 1197 nar-

501 1249 658 1312 ravit,
685 1256 739 1301 et
766 1248 879 1300 huic
906 1243 1079 1299 dixit?
1125 1242 1180 1296 Si
1211 1241 1398 1296 ludens
1420 1238 1635 1308 quidem
1681 1237 1794 1291 haec
1819 1235 1976 1300 dicis,
2008 1247 2076 1287 ne

500 1339 580 1394 sic
607 1337 820 1407 quidem
847 1343 1030 1397 recte;
1060 1348 1168 1387 non
1197 1341 1279 1386 est
1325 1331 1466 1386 enim
1498 1327 1788 1383 ludendum
1829 1326 1882 1379 in
1916 1323 2076 1378 rebus

507 1428 854 1501 huiusmodi;
900 1444 1008 1481 non
1053 1427 1194 1481 enim
1227 1425 1462 1480 ludimus
1512 1425 1564 1478 in
1615 1421 1854 1484 ludicris,
1885 1418 1980 1474 sed
2025 1418 2077 1471 in

504 1521 667 1574 rebus
699 1518 1011 1587 periculosis
1043 1536 1056 1570 :
1090 1517 1136 1570 si
1183 1524 1361 1569 autem
1393 1529 1513 1569 cum
1546 1526 1735 1568 revera
1783 1511 1857 1565 ita
1904 1520 1956 1564 te
1985 1508 2079 1563 ba-

507 1609 655 1674 beas,
693 1623 796 1662 non
823 1607 1097 1661 existimas
1125 1614 1244 1674 post
1286 1604 1400 1658 hare
1423 1619 1542 1658 esse
1564 1601 1786 1672 aliquid,
1813 1598 2080 1670 quomodo

507 1698 641 1752 dicis
674 1705 724 1751 te
750 1711 868 1751 esse
895 1694 1296 1749 Christianum?
1341 1694 1482 1747 nulla
1507 1693 1650 1747 enim
1679 1706 1708 1744 a
1740 1706 1825 1746 me
1855 1691 2081 1745 habetur

509 1789 647 1841 ratio
673 1797 1038 1841 externorum.
1071 1784 1178 1838 Cur
1209 1785 1474 1839 lavacrum
1503 1785 1744 1853 accipis?
1772 1799 1868 1837 cur
1911 1783 2083 1837 eccle-

507 1879 642 1932 siam
673 1878 1006 1948 ingredcris?
1036 1894 1159 1932 num
1192 1879 1508 1948 pollicemur
1546 1877 1875 1946 principatus
1897 1885 1950 1929 et
1974 1891 2084 1929 ma-

508 1970 801 2038 gistratus?
834 1977 944 2023 tota
991 1984 1116 2038 spcs
1161 1969 1316 2024 nobis
1359 1969 1522 2024 estin
1553 1967 1763 2022 futuris.
1797 1967 1931 2034 Quid
1961 1982 2087 2036 ergo

509 2061 740 2125 accedis,
774 2060 820 2116 si
850 2076 954 2114 nou
984 2060 1159 2115 credis
1181 2060 1491 2130 Scripturis,
1515 2060 1559 2114 si
1600 2075 1706 2114 non
1740 2058 1914 2113 credis
1934 2057 2090 2112 Chri-

509 2153 635 2206 sto?
661 2151 775 2206 Non
807 2151 1034 2206 dixerim
1057 2167 1178 2206 eum
1209 2167 1328 2207 esse
1353 2150 1710 2206 Christianum
1734 2167 1748 2216 ;
1777 2149 1948 2213 absit;
1993 2147 2088 2202 sed

513 2244 596 2298 vel
625 2243 852 2298 ethnicis
891 2244 1234 2299 deteriorem.
1280 2244 1392 2309 Qua
1419 2243 1487 2298 de
1521 2243 1616 2298 re?
1659 2243 1735 2298 Εο
1764 2241 1904 2312 quod
1933 2241 2089 2296 Chri-

513 2343 650 2388 stum
669 2335 982 2388 existimans
1003 2350 1124 2389 esse
1150 2334 1336 2397 Deum,
1362 2348 1465 2388 non
1490 2334 1664 2389 credis
1692 2335 1792 2404 ipsi
1823 2343 2090 2402 tamquam

517 2427 648 2480 Deo.
695 2424 828 2479 Nam
886 2424 961 2479 illi
1007 2425 1222 2494 quidem
1271 2425 1507 2494 opinioni
1561 2424 1809 2494 adjuncta
1858 2433 1940 2479 est
1987 2424 2090 2476 im-

521 2519 688 2585 pietas
722 2534 734 2570 :
775 2532 896 2572 eum
924 2519 1067 2571 enim
1095 2517 1186 2588 qui
1207 2515 1478 2571 Christum
1522 2533 1630 2571 non
1669 2515 1941 2572 existimat
1969 2530 2090 2570 esse

520 2609 708 2673 Deum,
735 2623 956 2662 necesse
983 2618 1065 2663 est
1090 2623 1189 2663 nec
1217 2608 1438 2664 credere
1462 2626 1477 2663 :
1506 2608 1622 2664 lucc
1648 2618 1822 2663 autem
1852 2610 2094 2678 impietas

519 2714 587 2754 ne
617 2698 780 2752 habet
810 2698 1025 2767 quidem
1053 2700 1513 2769 consequentiam,
1559 2700 1722 2754 Deum
1752 2699 2015 2764 confiteri,
2043 2707 2098 2752 et

517 2789 827 2844 existimare
872 2803 995 2844 eum
1049 2805 1156 2844 non
1207 2804 1326 2844 esse
1358 2790 1461 2843 fide
1509 2789 1728 2859 dignum
1782 2791 1833 2842 in
1884 2791 1950 2843 iis
1977 2805 2098 2858 quae

519 2885 676 2938 dixit.
707 2884 995 2938 Ebrietatis
1020 2893 1144 2938 sunt
1195 2883 1310 2938 haec
1335 2883 1519 2948 verba,
1551 2882 1863 2938 deliciarum
1893 2893 1946 2936 et
1973 2883 2096 2936 libi-

521 2978 725 3031 dinosa:
755 2976 1220 3044 intemperantia):
1251 2974 1583 3030 Conwdamus
1613 2985 1659 3028 et
1687 2975 1911 3028 bibamus
1935 2991 1955 3039 ;
1985 2991 2098 3030 cra:

523 3068 657 3121 enim
684 3069 929 3120 morimur
955 3065 1029 3135 (ί.
1054 3064 1176 3120 Cor.
1197 3067 1283 3121 15.
1314 3065 1427 3134 52).
1453 3065 1569 3119 Non
1595 3081 1735 3131 cras,
1764 3065 1856 3120 sed
1885 3066 2098 3135 quando

524 3161 641 3212 hac
669 3157 862 3222 dicitis,
890 3157 998 3227 jam
1045 3158 1172 3212 estis
1200 3158 1414 3210 mortui.
1443 3155 1584 3210 Nihil
1614 3172 1742 3226 ergo
1786 3156 2098 3212 dilfcremus

523 3266 551 3300 τι
583 3249 756 3317 porcis
785 3259 840 3303 et
859 3251 1043 3315 asinis,
1077 3249 1414 3318 dic,quazso?
1443 3248 1499 3303 Si
1525 3249 1668 3303 enim
1702 3263 1810 3304 non
1847 3258 1931 3304 est
1954 3249 2098 3318 judi-

525 3341 690 3405 cium,
721 3354 894 3408 neque
919 3354 1128 3395 merces
1157 3354 1220 3394 ac
1245 3339 1627 3403 remuneratio,
1653 3354 1823 3410 neque
1849 3338 2098 3405 tribunal,

528 3444 626 3482 cur
655 3443 841 3482 sumus
869 3429 970 3482 hoc
991 3431 1164 3483 ornati
1189 3429 1352 3496 dono,
1375 3445 1569 3500 nempe
1589 3431 1818 3497 ratione,
1842 3438 1895 3484 et
1924 3430 2100 3484 omnia

528 3519 785 3574 habemus
815 3520 1098 3588 subjecta?
1127 3536 1224 3574 cur
1252 3536 1352 3575 nos
1381 3521 1595 3590 quidem
1634 3520 1980 3591 imperamus,
2009 3522 2100 3576 illa

525 3619 704 3663 autem
755 3611 988 3680 parent?
1038 3609 1198 3665 Vides
1244 3611 1512 3680 quomodo
1560 3611 1794 3680 undique
1851 3620 2003 3680 urget
2049 3622 2104 3665 et

530 3703 714 3756 incitat
735 3701 1002 3768 diabolus,
1021 3711 1078 3755 ut
1101 3703 1255 3757 nobis
1285 3703 1599 3772 persuadeat
1624 3704 1714 3756 Dei
1738 3703 1935 3758 donum
1957 3705 2105 3774 igno-

527 3790 687 3844 rare?
715 3790 914 3845 Servos
945 3792 1133 3846 miscet
1155 3808 1274 3846 cum
1299 3793 1562 3855 dominis;
1593 3794 1728 3846 sicut
1755 3794 1965 3863 quidam
1994 3796 2106 3864 pla-

528 3881 746 3950 giarios,
799 3890 855 3934 et
903 3895 1092 3934 servus
1148 3882 1424 3951 ingratus,
1467 3885 1653 3937 nititur
1705 3884 1988 3954 ingenuum
2037 3885 2104 3940 ad

529 3973 772 4027 eamdem
796 3973 1062 4028 deducere
1083 3975 1342 4029 vilitatem
1370 3988 1423 4031 et
1449 3977 1822 4046 abjectionem,
1855 3979 1922 4034 ad
1947 3997 2105 4050 quant

531 4063 793 4119 deductus
834 4073 916 4120 est
965 4065 1010 4120 is
1035 4066 1123 4135 qui
1160 4065 1420 4122 offendit:
1453 4078 1506 4122 et
1547 4068 1759 4123 videtur
1787 4070 1997 4139 quidem
2041 4072 2107 4127 de

534 4154 710 4210 medio
741 4157 928 4211 tollere
968 4156 1246 4228 judicium,
1284 4159 1421 4214 tollit
1450 4170 1629 4214 autem
1657 4159 1799 4230 quod
1848 4162 1917 4216 sit
1945 4163 2100 4216 Deus.

531 4248 756 4318 Semper
783 4249 926 4304 enim
979 4250 1098 4304 talis
1125 4260 1203 4306 est
1231 4249 1509 4316 diabolus;
1563 4252 1837 4307 fraudibus
1867 4252 2108 4322 dolisque

532 4349 587 4393 et
615 4339 840 4407 insidiis,
866 4356 970 4396 non
996 4341 1195 4396 directe
1226 4344 1689 4413 proponitomnia,
1720 4354 1778 4398 ut
1802 4361 2103 4399 caveamus.

531 4431 586 4486 Si
618 4446 724 4486 non
752 4441 833 4486 est
855 4432 1134 4501 judicium,
1168 4435 1306 4488 Deus
1337 4451 1440 4488 non
1465 4443 1545 4489 est
1568 4435 1780 4504 justus;
1814 4436 2104 4491 secundum

534 4522 802 4576 hominem
821 4523 942 4578 dico
963 4541 976 4578 :
999 4523 1044 4578 si
1074 4524 1213 4578 Deus
1245 4541 1346 4578 non
1372 4534 1455 4579 est
1479 4526 1675 4594 justus,
1699 4541 1799 4580 nec
1827 4537 1908 4581 est
1932 4527 2103 4581 Deus:

535 4613 580 4667 si
623 4613 762 4668 Deus
804 4629 910 4668 non
949 4624 1051 4682 est,
1081 4623 1284 4670 temere
1332 4616 1573 4670 feruntur
1619 4617 1830 4681 omnia,
1856 4617 1986 4671 nihil
2025 4628 2108 4673 est

535 4703 728 4770 virtus,
759 4706 887 4760 nihil
929 4707 1136 4760 vitium.
1179 4706 1282 4762 Sed
1327 4707 1456 4761 nihil
1504 4707 1694 4762 borum
1722 4708 1850 4762 dicit
1899 4719 2105 4778 aperte.

540 4795 804 4850 Satanicaz
847 4798 1186 4867 cogitationis
1227 4797 1406 4852 vidisti
1447 4800 1704 4865 animum,
1737 4799 2004 4869 quomodo
2041 4816 2106 4854 ex

530 4883 837 4940 hominibus
889 4887 1017 4942 velit
1065 4902 1163 4942 uos
1210 4888 1362 4943 bruta
1405 4887 1600 4953 facere,
1628 4889 1710 4943 vel
1742 4891 1917 4960 potius
1965 4889 2106 4945 feras

535 4989 598 5029 ac
624 4975 842 5041 bestias,
872 4977 980 5031 imo
1005 4992 1134 5032 vero
1159 4977 1473 5033 dtemones?
1517 4978 1594 5034 Ne
1619 4994 1745 5050 ergo
1784 4981 2109 5048 persuadea-

538 5082 678 5120 mur.
727 5066 820 5122 Est
862 5067 1003 5122 enim
1040 5067 1318 5138 judicium,
1361 5085 1394 5123 o
1433 5071 1597 5126 miser
1636 5083 1690 5126 et
1737 5071 1950 5127 infelix!
1987 5073 2108 5129 Scio

538 5157 804 5213 undenam
854 5160 1037 5214 venias
1067 5158 1133 5212 ad
1180 5158 1294 5214 haec
1324 5160 1594 5214 dicenda:
1642 5176 1671 5214 a
1715 5171 1766 5216 te
1816 5163 1979 5217 multa
2011 5162 2108 5215 ad-

540 5248 700 5302 missa
740 5259 866 5304 sunt
909 5258 1146 5320 peccata,
1174 5249 1463 5314 offendisti,
1511 5267 1619 5305 non
1649 5263 1730 5306 est
1761 5253 1853 5306 tibi
1898 5253 2104 5308 dicendi

541 5336 761 5392 libertas
783 5347 836 5392 et
863 5339 1076 5406 fiducia,
1093 5340 1367 5394 existimas
1393 5355 1571 5394 rerum
1597 5353 1836 5394 naturam
1863 5342 1964 5396 tuis
1990 5358 2108 5398 esse

539 5427 718 5482 verbis
755 5441 1190 5500 consequentem.
1237 5430 1475 5497 Interim,
1509 5432 1696 5500 inquit,
1725 5447 1828 5486 non
1857 5433 2108 5486 cruciabo

539 5520 771 5573 animam
816 5521 1073 5590 gehennae
1101 5523 1543 5591 exspeCIatione;
1575 5531 1630 5576 et
1671 5522 1714 5576 si
1756 5523 1846 5587 sit,
1877 5522 1926 5576 ei
1966 5523 2106 5592 quod

534 5624 643 5664 non
681 5609 749 5664 sit
771 5612 1104 5680 persuadebo
1134 5631 1147 5667 :
1194 5614 1404 5668 interim
1434 5612 1521 5668 hic
1546 5628 1630 5668 me
1658 5611 1851 5667 dedam
1879 5611 2100 5667 deliciis.

533 5698 641 5816 ξων
682 5704 914 5771 peccatis
935 5703 1086 5761 addis
1114 5708 1368 5776 peccata?
1407 5705 1466 5761 Si
1511 5719 1631 5760 cum
1663 5705 1895 5774 peccatis
1926 5705 2100 5762 credi-

1225 273 1283 367 Β.
1311 308 1586 366 ιολκχιδ
1623 299 2090 361 CHRYSUSTOMI
2127 297 2444 356 ARCHIEP.
2483 301 3011 359 CONSTANTINOP.

3636 313 3750 368 3H3

2172 411 2317 467 deris
2343 428 2464 468 esse
2492 415 2814 484 gehennam,
2847 417 3020 472 abibis
3060 416 3214 472 luens
3242 432 3455 489 pinnam
3501 433 3756 489 peccato-

2174 519 2335 557 rum:
2381 505 2464 559 sin
2505 515 2681 560 autem
2728 506 2829 561 hoc
2855 523 3068 577 quoque
3097 508 3316 578 impium
3362 509 3650 574 addideris,
3693 521 3758 568 et

2177 591 2466 662 impietatis
2491 606 2544 649 et
2572 597 2730 665 hujus
2751 597 3090 666 cogitationis
3115 599 3361 653 ultimum
3391 601 3529 656 feres
3549 603 3758 671 suppli-

2174 684 2354 749 cium;
2391 697 2442 740 et
2473 703 2589 756 qua:
2621 689 2714 742 tibi
2739 688 2917 743 brevis
2953 699 3008 742 et
3035 689 3224 759 (rigida
3251 691 3408 744 fuerit
3434 694 3758 756 consolatio.

2177 775 2281 828 erit
2324 775 2415 828 tibi
2463 787 2834 844 argumentum
2868 779 3111 847 perpetui
3155 781 3421 850 supplicii.
3451 781 3595 846 Esto,
3621 799 3760 853 pec-

2178 865 2343 920 casti:
2369 866 2496 935 quid
2521 867 2656 922 alios
2683 883 2896 938 quoque
2936 869 3168 924 hortaris
3201 871 3266 924 ad
3299 873 3639 941 peccandum,
3661 876 3759 929 di-

2179 969 2306 1010 cens
2335 972 2438 1010 non
2467 971 2584 1012 esse
2613 958 2953 1028 gehennam?
2983 961 3107 1031 quid
3133 961 3335 1032 decipis
3364 965 3715 1035 simpliciores
3734 968 3764 1022 τ

2180 1063 2277 1102 cur
2321 1049 2499 1117 populi
2551 1065 2742 1104 manus
2779 1050 3032 1106 dissolvis
3076 1062 3130 1107 et
3179 1056 3441 1110 enervas?
3487 1057 3766 1122 Quantum

2183 1138 2397 1206 quidem
2447 1141 2499 1193 in
2548 1148 2601 1194 te
2640 1151 2743 1203 est,
2777 1143 2954 1196 omnia
3003 1153 3130 1196 sunt
3177 1160 3361 1198 eversa
3397 1162 3410 1198 :
3443 1162 3614 1218 neque
3649 1151 3766 1204 viri

2185 1230 2336 1299 probi
2367 1239 2527 1285 erunt
2553 1233 2826 1298 meliores,
2858 1233 2954 1288 sed
2999 1234 3175 1304 ignavi
3201 1249 3262 1289 ac
3287 1235 3535 1303 desides;
3581 1255 3769 1311 neque

2186 1322 2311 1375 tnali
2341 1322 2603 1377 desistent
2628 1339 2658 1377 a
2690 1325 2840 1379 vitio.
2872 1324 3009 1380 Num
3057 1327 3103 1380 si
3150 1327 3288 1383 alios
3331 1345 3767 1402 corrumpamus,

2187 1411 2445 1468 habemus
2475 1415 2684 1468 veniam
2709 1417 3089 1484 peccatorum?
3129 1417 3244 1472 Non
3289 1420 3465 1475 vidisti
3491 1425 3769 1492 quomodo

2186 1502 2433 1558 diabolus
2470 1519 2751 1574 aggressus
2780 1507 2850 1561 sit
2893 1519 3234 1577 prosternere
3259 1521 3313 1566 et
3338 1512 3572 1583 dejicere
3611 1516 3768 1576 Atla-.-

2189 1595 2375 1649 mum?
2401 1609 2470 1649 an
2497 1597 2547 1650 ei
2576 1597 2697 1651 data
2720 1607 2800 1652 est
2817 1599 3010 1653 venia?
3033 1600 3201 1671 Major
3222 1603 3434 1673 quidem
3460 1616 3602 1660 certe
3630 1607 3771 1664 hinc

2189 1685 2289 1739 fuit
2313 1687 2524 1740 occasio
2548 1688 2812 1756 supplicii.
2845 1687 2913 1744 Ut
2954 1691 3096 1744 enim
3128 1707 3232 1746 non
3267 1709 3361 1764 pro
3405 1697 3600 1751 nostris
3638 1708 3772 1752 tan-

2192 1785 2324 1841 tutn,
2348 1775 2440 1831 sed
2473 1776 2632 1831 etiam
2666 1795 2761 1847 pro
2782 1779 2971 1834 alienis
2999 1784 3228 1850 peccatis
3257 1785 3558 1853 puniamur,
3580 1791 3771 1845 omnia

2191 1868 2544 1924 machinatur.
2573 1869 2648 1924 Ne
2677 1885 2805 1940 ergo
2829 1873 3211 1939 existimemus,
3229 1877 3368 1945 quod
3391 1878 3520 1932 alios
3541 1894 3742 1934 conver

2195 1971 2364 2016 tamus
2409 1962 2475 2016 ad
2524 1963 2771 2017 eumdem
2826 1965 2981 2020 nobis
3027 1976 3268 2034 paratum
3321 1968 3620 2036 interitum,
3665 1987 3774 2026 nos

2193 2054 2346 2108 nobis
2390 2055 2572 2108 mitius
2617 2054 2789 2110 facere
2828 2056 3084 2124 judicium
3121 2075 3134 2111 :
3187 2057 3290 2112 hoc
3342 2059 3514 2128 ipsum
3549 2063 3770 2130 quidem

2195 2154 2341 2200 certe
2365 2145 2521 2200 faciet
2543 2147 2759 2216 gravius
2787 2156 2841 2200 et
2869 2149 3134 2218 asperius.
3167 2149 3305 2216 Quid
3348 2164 3447 2204 nos
3472 2153 3613 2223 ipsos
3640 2169 3773 2222 pro-

2198 2237 2460 2291 trudimus
2487 2247 2542 2292 et
2589 2238 2905 2307 perdimus?
2956 2241 3068 2295 Hoc
3113 2250 3282 2296 totum
3328 2252 3413 2296 est
3451 2248 3771 2299 satanicum.

2198 2327 2388 2394 llomo,
2418 2330 2689 2398 peccasti?
2719 2331 3014 2401 Benignuin
3043 2342 3099 2388 et
3127 2333 3451 2389 clementem
3482 2335 3642 2390 habes
3666 2338 3775 2392 Do-

2200 2419 2428 2485 minum,
2480 2435 2629 2489 roga,
2681 2422 2944 2491 supplica,
2999 2423 3313 2494 lacrymare,
3365 2425 3668 2495 ingemisce,
3714 2439 3777 2483 et

2201 2510 2334 2565 alios
2379 2520 2544 2572 terre,
2575 2522 2629 2566 et
2678 2523 2802 2582 pete
2847 2529 2914 2568 ne
2948 2515 2999 2568 in
3029 2515 3216 2570 eadem
3268 2516 3522 2571 incidant.
3553 2517 3608 2573 Si
3651 2521 3778 2587 quis

2200 2616 2387 2656 servus
2429 2619 2612 2658 eorum
2658 2605 2747 2674 qui
2775 2605 3049 2661 dominum
3093 2607 3448 2675 offenderunt,
3478 2609 3617 2664 dicat
3663 2613 3779 2665 lilio

2200 2708 2317 2758 suo,
2365 2693 2486 2761 Fili,
2525 2710 2624 2765 ego
2665 2696 2861 2752 offendi
2891 2697 3165 2752 dominum
3195 2717 3208 2753 :
3244 2710 3298 2754 tu
3346 2699 3412 2754 da
3455 2716 3669 2770 operam
3717 2714 3782 2758 ut

2202 2785 2250 2840 ci
2297 2784 2530 2854 placeas,
2562 2801 2628 2840 ne
2679 2787 2866 2842 eadem
2916 2789 3012 2842 tibi
3063 2790 3344 2844 accidant:
3375 2806 3476 2845 non
3519 2792 3779 2860 aliquam,

2202 2891 2385 2946 quaeso
2411 2887 2482 2941 te,
2507 2890 2824 2948 assequetur
2852 2881 3102 2934 veniam?
3145 2896 3255 2937 non
3283 2881 3488 2951 franget
3518 2893 3571 2936 et
3597 2883 3785 2940 ﬂeetet

2202 2967 2517 3022 dominum?
2565 2969 2656 3024 Sin
2706 2981 2882 3026 autem
2939 2970 3022 3026 his
3067 2972 3246 3028 missis
3293 2974 3472 3028 verbis
3499 2975 3639 3029 dicat
3667 2975 3786 3031 fere

2208 3062 2353 3128 talia,
2380 3061 2654 3116 dominum
2679 3078 2785 3116 non
2818 3073 2914 3132 pro
2942 3065 3134 3120 merito
3181 3065 3405 3134 singulis
3451 3065 3785 3122 redditurum

2207 3167 2346 3218 esse,
2378 3153 2557 3208 omnia
2591 3162 2701 3206 tum
2752 3153 2888 3207 bona
2919 3163 3028 3208 tum
3075 3156 3210 3209 mala
3241 3156 3454 3210 misceri
3482 3167 3534 3210 et
3558 3156 3786 3213 confusa

2206 3257 2344 3306 esse,
2376 3243 2685 3312 nullamque
2711 3242 2764 3296 in
2791 3242 2897 3298 hac
2933 3245 3095 3299 domo
3138 3244 3321 3300 haberi
3360 3247 3620 3316 gratiam:
3654 3249 3786 3316 quid

2207 3335 2482 3391 existimas
2501 3334 2776 3390 dominum
2800 3337 2866 3390 de
2889 3336 2984 3389 illo
3009 3337 3249 3392 sentire?
3278 3352 3455 3392 annon
3483 3340 3567 3394 ille
3595 3355 3789 3408 pecca-

2210 3437 2383 3482 torum
2415 3442 2634 3482 suorum
2664 3427 2898 3496 majores
2941 3427 3089 3482 dabit
3115 3431 3338 3498 poenas?
3386 3430 3572 3486 Merito
3598 3441 3786 3487 certe:

2210 3533 2332 3573 nam
2365 3518 2472 3572 illic
2502 3517 2714 3588 quidem
2753 3519 3029 3572 excusabit
3055 3521 3217 3573 animi
3259 3531 3435 3574 motus
3474 3534 3526 3576 et
3571 3533 3788 3590 pertur-

2209 3610 2377 3676 batio,
2401 3611 2500 3665 etsi
2527 3609 2808 3674 dehiliter;
2839 3610 2925 3664 hic
2953 3621 3128 3665 autem
3167 3612 3318 3665 nihil.
3341 3613 3396 3667 Si
3425 3628 3552 3681 ergo
3579 3614 3789 3667 nullum

2210 3703 2406 3768 alium,
2440 3718 2560 3758 eum
2615 3702 2827 3772 quidem
2877 3713 3024 3758 certe
3073 3704 3280 3758 imitare
3327 3703 3542 3760 divitem
3591 3707 3678 3775 qui
3729 3707 3788 3760 in

2210 3793 2454 3862 gehentta
2482 3793 2709 3858 dicebat,
2762 3793 2919 3847 Pater
2963 3795 3236 3860 Abraham,
3270 3796 3407 3848 mitte
3431 3794 3680 3850 Lazarum
3715 3799 3791 3850 ad

2210 3895 2450 3956 cognatos
2492 3901 2648 3949 meos,
2677 3901 2740 3938 ne
2779 3885 2979 3938 veniant
3016 3886 3066 3938 in
3108 3885 3241 3938 hunc
3286 3887 3452 3940 locum
3482 3886 3627 3956 (Luc.
3661 3887 3786 3954 16};

2211 3977 2459 4046 quoniam
2493 3976 2608 4045 ipse
2637 3976 2785 4030 abire
2811 3991 2915 4029 non
2941 3987 3184 4045 poterat;
3217 3992 3283 4031 ne
3306 3978 3358 4030 in
3388 3977 3476 4032 illa
3507 3978 3616 4047 ipsa
3651 3977 3789 4032 inci-

2213 4068 2359 4122 dant.
2391 4067 2769 4122 Abstineamus
2799 4067 2866 4121 ab
2897 4067 2980 4122 his
3006 4068 3184 4122 verbis
3212 4069 3484 4122 satanicis.

2283 4159 2336 4212 6.
2378 4157 2515 4224 Quid
2561 4173 2711 4227 ergo,
2763 4158 3009 4227 inquies,
3057 4158 3269 4227 quando
3316 4174 3414 4212 nos
3457 4157 3792 4229 interrogant

2213 4250 2389 4306 Graeci
2415 4266 2512 4305 seu
2553 4250 2774 4316 ethnici,
2806 4250 2922 4304 Non
2967 4251 3046 4304 vis
3079 4251 3198 4304 illos
3239 4251 3468 4305 curare?
3518 4250 3622 4305 Sed
3665 4268 3791 4305 cum

2214 4341 2576 4396 Christianum
2623 4342 2874 4410 injeeeris
2905 4342 2957 4395 in
2989 4343 3400 4406 dubitationem,
3439 4344 3657 4397 obtentu
3689 4359 3791 4397 cu-

2217 4433 2367 4488 randi
2401 4432 2595 4498 Graeci,
2624 4433 2704 4487 vis
2732 4433 2924 4501 dogma
2955 4433 3278 4488 confirmare
3308 4433 3622 4488 satanicum.
3657 4433 3791 4488 Nam

2215 4523 2468 4593 quoniam
2498 4525 2612 4591 ipse
2642 4538 2707 4577 ex
2740 4523 2856 4576 solo
2890 4523 3113 4592 loquens
3143 4525 3324 4580 animo
3363 4525 3476 4580 haec
3521 4543 3624 4579 non
3672 4542 3794 4596 per—

2215 4615 2446 4679 suades,
2489 4615 2624 4670 alios
2669 4625 2833 4668 testes
2873 4615 2954 4668 vis
3005 4615 3294 4670 adducere.
3343 4616 3399 4671 Si
3443 4628 3618 4670 autem
3667 4632 3792 4671 eum

2217 4707 2404 4762 Graaco
2431 4717 2641 4776 Oportet
2671 4705 2960 4771 disserere,
2994 4724 3098 4762 non
3154 4707 3280 4763 hinc
3323 4708 3639 4762 sumendum
3687 4711 3792 4763 iui-

2219 4798 2348 4850 tium
2372 4796 2771 4866 disputationis,
2800 4796 2892 4851 sed
2942 4811 3008 4849 an
3039 4796 3281 4852 Christus
3321 4800 3392 4852 sit
3441 4799 3578 4852 Dens
3605 4809 3660 4851 et
3700 4799 3796 4852 Dei

2217 4886 2416 4952 Filius;
2454 4901 2522 4940 an
2561 4885 2832 4941 daemones
2856 4887 2965 4941 sint
2993 4885 3083 4956 qui
3109 4897 3234 4941 sunt
3258 4888 3397 4957 apud
3423 4888 3540 4941 illos
3573 4888 3667 4940 dii.
3698 4887 3796 4942 Sin

2217 4978 2333 5034 hate
2363 4979 2582 5049 probata
2614 4977 2847 5044 fuerint,
2889 4980 2993 5032 alia
3033 4981 3213 5035 omnia
3261 4989 3576 5050 sequuntur.
3609 4980 3799 5034 Prius-

2217 5085 2374 5140 quam
2399 5081 2575 5125 autem
2603 5070 2831 5140 positum
2862 5071 2930 5124 sit
2960 5072 3275 5140 principium
3299 5113 3313 5136 ,
3351 5088 3542 5126 vanum
3571 5082 3658 5126 est
3684 5073 3799 5125 dis—

2217 5177 2397 5216 serere
2427 5161 2493 5216 de
2522 5161 2625 5217 fine
2650 5181 2663 5216 :
2691 5163 2999 5232 priusquam
3027 5164 3197 5232 prima
3226 5164 3491 5219 elementa
3519 5164 3793 5226 didiceris,

2218 5268 2670 5323 supervacaneum
2711 5263 2766 5308 et
2796 5255 2983 5310 inutile
3019 5265 3101 5309 est
3140 5255 3206 5310 ad
3243 5255 3402 5309 finem
3431 5257 3636 5310 venire.
3681 5255 3799 5309 Non

2218 5345 2387 5400 credit
2413 5345 2631 5401 Grmcus
2657 5345 2856 5414 judicio
2876 5387 2891 5405 .
2938 5357 2993 5401 et
3022 5347 3096 5401 illi
3125 5348 3262 5402 idem
3291 5347 3432 5417 quod
3462 5348 3555 5402 tibi
3582 5348 3796 5404 accidit.

2217 5435 2348 5490 Nam
2380 5437 2494 5506 ipse
2519 5452 2731 5506 quoque
2775 5437 2968 5492 multos
3011 5437 3172 5492 habet
3215 5439 3304 5508 qui
3351 5454 3413 5493 ea
3459 5440 3529 5494 dc
3572 5455 3631 5494 re
3677 5451 3804 5493 sunt

2219 5527 2612 5597 philosophati;
2643 5529 2854 5583 etiamsi
2887 5528 2990 5584 hoc
3027 5530 3257 5584 dixerint
3283 5530 3351 5585 de
3377 5546 3606 5599 corpore
3641 5547 3803 5600 sepa-

2218 5627 2333 5673 rato
2359 5619 2425 5673 ab
2453 5620 2650 5682 anima,
2684 5619 2780 5674 sed
2813 5631 2988 5675 tamen
3015 5620 3270 5690 judicium
3298 5623 3713 5678 constituerunt.
3739 5625 3805 5679 Et

2221 5726 2306 5766 res
2335 5721 2417 5767 est
2465 5720 2570 5766 tam
2601 5713 2742 5766 clara
2773 5721 2829 5766 ut
2873 5728 3030 5769 nemo
3061 5711 3173 5769 fere
3217 5711 3318 5768 hoc
3358 5715 3582 5788 ignoret,
3614 5717 3709 5770 sed
3754 5721 3806 5764 et
