4072 6206
388 355 669 414 ,317.

485 466 581 521 καὶ
605 465 862 535 ἀνόνητον
892 461 1018 535 περὶ
1048 462 1107 516 16
1129 462 1279 525 τέλος
1296 461 1569 533 ἔρχεσθαι.
1618 465 1861 518 Ἀπιστεῖ
1879 467 1907 519 ὁ
1933 466 2066 519 ’Ἐλ-

482 549 582 620 λην
614 552 680 620 τῇ
712 548 912 619 κρίσει,
959 548 1052 600 καὶ
1091 547 1253 609 0516;
1290 546 1355 599 16
1382 546 1515 600 0516
1554 565 1636 601 001
1675 549 1912 618 πάσχει·
1937 549 2063 602 ἐπεὶ

482 631 597 701 ἔχει
622 632 719 685 καὶ
745 631 905 694 0516;
935 629 1162 691 πολλοὺς
1190 629 1331 698 ὑπὲρ
1347 628 1550 682 τούτων
1569 629 2060 702 φιλοσοφήσαντας,

482 714 533 765 εί
562 714 654 767 καὶ
680 712 741 766 16
762 713 919 782 σώμα
944 712 1339 781 ἀποσχίσαντες
1356 711 1457 781 τῆς
1483 710 1662 782 ψυχῆς
1684 712 1845 765 τοῦτο
1865 712 2019 766 εἷπον
2044 729 2059 743 ο

482 794 599 848 ἀλλ’
629 795 779 863 ὅμως
827 794 1185 863 δικαστήριον
1217 791 1499 846 ἐκάθισαν.
1531 795 1641 847 Καὶ
1679 794 1917 866 τοσαύτη
1945 796 2063 848 ἐστὶ

481 877 577 932 τοῦ
624 877 946 947 πράγματος
985 879 1019 947 ή
1084 877 1445 948 περιφάνεια,
1498 877 1575 939 ὡς
1615 876 1821 946 μηδένα
1874 877 2062 948 σχεδὸν

482 959 750 1030 ἀγνοῆσαι
778 957 957 1024 τοῦτο,
996 958 1131 1013 ἀλλὰ
1160 960 1253 1012 καὶ
1295 956 1543 1028 ποιητάς,
1569 959 1664 1010 καὶ
1695 959 1904 1022 πάντας
1929 976 2064 1030 συμ-

483 1044 729 1114 φωνῆσαι
753 1044 965 1107 ἑαυτοῖς
996 1044 1241 1114 καὶπερὶ
1268 1040 1619 1111 δικαστηρίου
1650 1041 1746 1094 καὶ
1777 1041 1906 1110 περὶ
1940 1042 2062 1112 κρί-

482 1143 641 1189 σεως.
675 1126 839 1178 Ὥστε
870 1127 1123 1188 κάκεῖνος
1150 1127 1261 1188 τοῖς
1283 1122 1503 1185 οἰκείοις
1530 1123 1630 1175 οὐκ
1662 1124 1899 1185 ἀπιστεῖ,
1935 1121 2062 1177 οὔτε

494 1211 747 1273 Ἰουδαῖος
796 1207 1133 1277 ἀμφισϐητεῖ
1181 1206 1309 1277 περὶ
1333 1204 1557 1269 τούτων,
1609 1204 1732 1259 οῦτε
1759 1223 1843 1268 τις
1872 1205 2061 1269 ἀπλῶς

480 1291 785 1362 ἄνθρωπος.
808 1289 874 1342 Τί
902 1291 1080 1342 τοίνυν
1099 1288 1398 1358 ἀπατῶμεν
1420 1287 1679 1353 ὲαυτούς;
1727 1288 1859 1340 Ἰδοὺ
1887 1287 2061 1342 ταῦτα

479 1375 659 1443 λέγεις
699 1373 833 1444 πρὸς
883 1372 983 1441 έμέ
1008 1388 1029 1411 ’ρ
1053 1371 1107 1424 τί
1140 1371 1275 1441 πρὸς
1309 1371 1400 1423 τὸν
1428 1370 1560 1423 Θεὸν
1604 1371 1749 1441 ἐρεῖς
1779 1371 1873 1422 τὸν
1917 1371 2061 1425 πλά-

481 1474 649 1510 σαντα
681 1456 994 1525 καταμόνας
1033 1454 1133 1517 τάς
1179 1454 1408 1525 καρδίας
1453 1451 1641 1523 ή”μῶν;
1675 1451 1970 1505 τδνοείδότα
1995 1453 2065 1507 τὰ

480 1545 539 1593 ἐν
567 1543 631 1611 τῇ
662 1538 871 1610 διανοίᾳ
909 1537 1085 1591 πάντα
1109 1553 1123 1602 ;
1154 1536 1246 1589 τὸν
1274 1534 1453 1599 ζῶντα
1484 1535 1582 1587 καὶ
1611 1533 1939 1603 ἐνεργοῦντα
1969 1537 2063 1588 καὶ

479 1623 794 1693 τομώτατον
846 1622 987 1693 ὑπὲρ
1037 1621 1221 1673 πᾶσαν
1266 1618 1543 1689 μάχαιραν
1584 1617 1879 1689 δίστομον;
1927 1619 2063 1673 Εἰπὲ

478 1708 589 1777 γάρ
617 1722 708 1776 μοι
734 1705 870 1775 μετά
895 1702 1153 1773 ἀληθείας
1179 1718 1193 1733 ο
1225 1702 1290 1754 σὺ
1316 1701 1377 1753 05
1401 1698 1835 1769 καταγινώσκεις
1859 1700 2062 1755 σαυτοῦ

479 1790 914 1860 ἀμαρτάνοντος;
949 1786 1063 1839 ἐστι
1096 1785 1153 1839 δέ
1178 1803 1261 1850 τις
1282 1784 1391 1838 τῶν
1421 1786 1477 1838 ὲν
1497 1783 1826 1855 ἀνθρώποις,
1855 1784 1914 1847 6;
1933 1788 2060 1839 έαυ-

477 1872 558 1944 τῷ
577 1873 638 1927 05
680 1871 955 1942 μέμφεται
1000 1868 1366 1942 ῥᾳθυμοῦντι;
1404 1867 1511 1921 K01
1557 1869 1677 1929 πῶς
1709 1867 1775 1920 ἂν
1794 1868 1903 1921 ἀπὸ
1931 1869 2059 1921 105-

478 1956 715 2026 τομάτου
764 1957 1001 2023 τοσαύτη
1050 1953 1213 2022 σοφία
1261 1954 1521 2021 γέγονεν,
1557 1951 1700 2004 ὥστε
1751 1951 1914 2005 αὑτὸν
1964 1953 2059 2006 τὸν

482 2039 861 2109 ἁμαρ-εάνοντα
892 2035 1321 2104 καταγινώσκειν
1350 2034 1545 2087 ἑαυτοῦ
1571 2051 1586 2098 ;
1622 2033 1780 2087 τοῦτο
1809 2035 1918 2107 γὰρ
1953 2052 2051 2107 με-

480 2122 652 2191 γάλης
674 2118 822 2192 [3B]
844 2118 1033 2188 σοφίας
1050 2117 1185 2171 ἐστί.
1210 2117 1280 2170 Σὺ
1303 2115 1502 2169 σαυτοῦ
1525 2116 1961 2183 καταγινώσκεις
1983 2134 1996 2146 '
2018 2119 2047 2171 ό

479 2205 536 2258 δὲ
548 2203 646 2274 τὴν
662 2201 913 2272 τοιαύτην
926 2217 1007 2254 σοι
1021 2200 1194 2263 διδοὺς
1208 2199 1445 2253 διάνοιαν
1463 2200 1638 2254 πάντα
1651 2198 1837 2263 ἁπλῶς
1854 2202 2054 2271 ἀφήσει

480 2284 779 2356 φέρεσθαις
847 2283 1040 2336 Κανών
1085 2278 1178 2336 οὖν
1211 2275 1364 2346 0510;
1414 2281 1567 2335 ἔσται
1604 2282 1910 2349 καθολικδς,
1962 2284 2058 2338 καὶ

479 2372 604 2439 ὅρος
629 2384 642 2398 ⁸
677 2367 850 2430 05651;
888 2367 996 2419 τῶν
1027 2368 1084 2419 ὲν
1110 2366 1277 2438 ἀρετῇ
1304 2364 1521 2429 ζώντων
1552 2369 1826 2420 διαπιστεῖ
1852 2365 1930 2436 τῷ
1957 2367 2057 2436 τῆς

480 2450 715 2518 κρίσεως
742 2449 908 2520 λόγῳ,
940 2448 1042 2503 κᾶν
1071 2449 1270 2518 Ἕλλην
1354 2490 1368 2515 ,
1402 2448 1507 2515 κᾶν
1540 2448 1815 2520 αίρετικός
1843 2466 1857 2480 ·
1881 2448 2056 2513 οὐδεὶς

477 2533 589 2587 τῶν
613 2534 671 2585 ὲν
696 2532 863 2603 κακίᾳ
888 2532 1374 2602 ἀναστρεφομένων
1406 2530 1605 2602 πολλῇ,
1649 2531 1789 2603 πλὴν
1823 2531 2048 2601 ὀλίγων,

479 2615 844 2686 παραδέχεται
875 2615 967 2669 τὸν
1008 2614 1107 2685 τῆς
1148 2614 1497 2678 ἀναστάσεως
1529 2614 1707 2683 λόγον.
1754 2616 1859 2669 Καὶ
1892 2617 2051 2670 τοῦτό

480 2699 686 2769 φησινό
705 2698 1038 2769 Ψαλμῳδόςο
1076 2697 1525 2767 Ἀνταναιρεῖται
1555 2698 1627 2753 τὰ
1652 2698 1906 2767 κρίματά
1934 2714 2052 2754 σου

476 2780 603 2838 ἀπὸ
620 2781 943 2852 προσώπου
976 2779 1183 2835 αὐτοῦ.
1215 2782 1315 2834 Διά
1337 2780 1425 2848 τί;
1460 2782 1582 2835 Ὅτι
1612 2780 1967 2852 βεϐηλοῦνται
1995 2783 2052 2835 αί

477 2865 588 2917 ὁδοὶ
614 2865 777 2918 05105
817 2867 875 2919 ὲν
921 2864 1085 2917 παντὶ
1124 2863 1300 2936 καιρῷ
1336 2881 1350 2895 ο
1378 2863 1662 2934 Φάγωμεν
1690 2865 1818 2936 γὰρ,
1865 2866 2052 2935 φησὶν,

477 2947 578 3001 καί
611 2949 874 3017 πίωμεν
923 2948 1136 3017 αὔριον
1192 2948 1302 3017 γὰρ
1346 2947 1830 3017 ἀποθνήσκομεν.
1890 2949 2053 3021 Ὁρᾷς

477 3031 558 3084 ότι
578 3030 848 3084 ταπεινῶν
864 3033 979 3084 ἐστι
995 3030 1168 3085 ταῦτα
1182 3031 1390 3101 λέγειν;
1428 3030 1560 3084 Ἀπὸ
1582 3030 1677 3083 τοῦ
1698 3030 1935 3111 τρώγειν
1958 3031 2053 3084 καὶ

478 3116 655 3167 πίνειν
689 3114 862 3168 ταῦτα
908 3114 978 3169 τά
1032 3116 1255 3187 ῥήματά
1304 3116 1420 3167 ἐστι
1458 3112 1527 3167 τά
1561 3114 1935 3183 ἀνατρεπτικά
1956 3114 2057 3184 τῆς

478 3198 847 3262 ἀναστάσεως.
873 3199 947 3252 O5
976 3198 1128 3269 φέρει
1158 3197 1289 3268 γὰρ,
1321 3198 1381 3251 05
1410 3198 1565 3269 φέρει
1594 3198 1653 3251 τὸ
1676 3199 1782 3251 ἀπὸ
1810 3197 1905 3251 τοῦ
1933 3216 2056 3252 συν-

478 3280 681 3342 ειδότος
710 3283 991 3352 κριτήριον
1043 3283 1076 3352 ή
1106 3281 1251 3351 ψυχή
1276 3298 1292 3315 ο
1342 3281 1435 3334 καὶ
1467 3282 1662 3335 ταύτδν
1693 3281 1921 3349 γίνεται,
1949 3276 2060 3336 οἷον

479 3366 507 3416 ό
537 3363 860 3433 ἀνδροφόνος
905 3364 1168 3434 πρότερον
1201 3363 1421 3427 ὑποθεὶς
1472 3362 1650 3434 ἑαυτῷ
1674 3366 1755 3418 ὅτι
1786 3364 1884 3434 οὐχ
1913 3364 2055 3418 ἀλώ-

482 3462 656 3512 σεται,
683 3444 826 3501 οὕτω
858 3446 1106 3516 φονεύει·
1144 3447 1288 3514 ἐπεὶ,
1311 3446 1404 3502 τοῦ
1441 3448 1739 3511 συνειδότος
1759 3448 1922 3502 αὑτὸν
1940 3447 2059 3518 κρί-

546 3542 579 3555 κ

1166 346 1223 399 S.
1260 344 1547 401 JOANNIS
1585 344 2074 404 CHRYSOSTOMI
2113 347 2435 407 ARCHIEP.
2478 344 3029 404 CONSTANTINOP‘.

3636 350 3756 407 318

2167 485 2374 531 νοντος,
2402 466 2503 520 οὐκ
2540 466 2605 520 ἂν
2635 465 2843 535 ταχέως
2863 459 3026 535 ἦλθεν
3056 463 3149 516 ἐπὶ
3194 462 3254 516 16
3302 462 3580 533 τόλμημα.
3630 466 3753 519 Καὶ

2164 546 2309 603 οἶδεν
2338 545 2453 613 οῦν,
2488 548 2581 600 καὶ
2603 548 2817 615 ἀγνοεῖν
2855 547 3259 616 προσποιεῖται,
3292 546 3381 598 ίνα
3414 542 3492 615 μὴ
3529 544 3760 615 βασανί-

2165 631 2326 702 ζηται
2359 630 2438 701 τῷ
2470 630 2733 683 συνειδότι
2759 630 2853 683 καὶ
2880 628 2959 699 τῷ
2985 629 3136 698 φόϐῳ
3158 645 3172 660 ν
3205 625 3374 700 ἧγάρ
3412 629 3499 693 ἂν,
3534 630 3764 685 ἀσθενέ-

2166 730 2357 784 στερος
2404 713 2592 780 γέγονε
2648 711 2786 781 πρὸς
2837 711 2929 764 16v
2992 711 3172 778 φόνον.
3226 711 3383 764 Οῦτω
3436 710 3501 779 δὴ
3557 714 3653 766 καὶ
3703 716 3767 766 οἱ

2165 796 2569 866 ἁμαρτάνοντες
2620 794 2713 847 καὶ
2780 793 2982 855 ἴσασιν.
3011 795 3093 847 ὅτι
3120 793 3180 846 16
3201 794 3541 864 ἁμαρτάνειν
3563 796 3763 861 κακὸν,

2165 878 2260 931 καὶ
2280 876 2401 930 καθ’
2427 876 2666 945 ἑκάστην
2689 876 2747 928 ὲν
2763 877 2876 937 τοῖς
2899 876 3084 938 αὐτοῖς
3113 878 3302 938 κακοῖς
3328 876 3762 946 κυλινδούμενοι,

2164 961 2225 1014 05
2259 959 2504 1012 θέλουσιν
2530 957 2753 1019 εἰδέναι,
2784 958 2960 1011 καίτοι
2982 956 3077 1010 τοῦ
3105 958 3406 1019 συνειδότος
3426 958 3607 1011 αὐτῶν
3633 963 3763 1014 ἑπι-

2163 1041 2600 1113 λαιΰανομένου.
2647 1040 2808 1093 Ἀλλὰ
2836 1042 2912 1111 μὴ
2941 1041 3170 1104 ἐκείνοις
3189 1041 3575 1111 προσέχωμεν·
3600 1043 3764 1096 ἔσται

2163 1127 2293 1197 γάρ,
2345 1124 2499 1177 ἔσται
2534 1124 2750 1188 πάντως
2801 1125 2983 1195 κρίσις
3026 1126 3122 1178 καὶ
3158 1124 3480 1189 ἀνάστασις,
3529 1127 3624 1179 καὶ
3655 1128 3766 1181 οὐκ

2163 1203 2362 1275 ἀφήσει
2408 1207 2534 1277 είκῆ
2565 1204 2805 1258 τοσαῦτα
2851 1205 2988 1276 ἔργα
3031 1206 3059 1258 ὀ
3092 1205 3243 1269 Θεός.
3285 1205 3397 1269 A16,
3427 1208 3761 1277 παρακαλῶ,

2163 1289 2264 1359 τῆς
2290 1288 2494 1353 κακίας
2536 1290 2924 1359 ἀποσχόμενοι,
2977 1289 3074 1358 τῆς
3115 1288 3317 1358 ἀρετῆς
3349 1288 3623 1359 ἐχώμεθα,
3666 1291 3767 1346 ἵνα

2162 1370 2254 1424 τὸν
2320 1372 2494 1443 ἀληθῆ
2533 1371 2693 1441 λόγον
2730 1369 3165 1443 παραδεξώμεθα
3210 1373 3269 1425 ὲν
3312 1372 3534 1443 Χριστῷ
3575 1375 3758 1446 Ἰησοῦ

2162 1452 2241 1524 τῷ
2264 1454 2454 1525 Κυρίῳ
2477 1454 2659 1525 ἡμῶν.

2234 1536 2427 1589 Καίτοι
2485 1537 2538 1589 τί
2588 1536 2990 1608 εὐκολώτερον,
3067 1537 3159 1591 16v
3218 1538 3348 1608 περὶ
3402 1539 3761 1605 ἀναστάσεως

2164 1621 2417 1689 δέξασθαι
2470 1622 2661 1692 λόγον,
2729 1624 2763 1695 ἢ
2833 1625 2924 1678 τὸν
2981 1625 3111 1696 περὶ
3167 1623 3314 1698 [τῆς]
3372 1627 3757 1697 είμαρμένηςς

2177 1704 2413 1768 Ἐκεῖνος
2466 1706 2683 1770 ἀδικίας
2725 1706 2928 1777 γέμει,
2989 1708 3197 1772 ἐκεῖνος
3244 1708 3488 1776 ἀλογίας,
3545 1710 3761 1772 ἐκεῖνος

2163 1787 2462 1858 ὠμότητος,
2487 1790 2696 1849 ἐκεῖνος
2724 1788 3128 1860 ἀπανθρωπίας
3146 1805 3160 1820 ⁸
3193 1784 3348 1853 οὗτος
3378 1791 3757 1862 δικαιοσύνης,

2162 1870 2253 1924 105
2304 1870 2422 1923 κατ’
2456 1870 2615 1936 ἀξίαν
2654 1871 3097 1941 ἀπονεμητικός’
3151 1874 3249 1926 καὶ
3300 1875 3452 1943 ὅμως
3491 1874 3660 1926 αὑτὸν
3688 1876 3757 1928 οό

2163 1953 2576 2025 παραδέχονται.
2602 1951 2676 2006 Τὸ
2698 1954 2759 2007 δὲ
2785 1953 2958 2008 αἴτιον
2985 1957 3017 2025 ἡ
3043 1956 3213 2026 ἀργία
3232 1972 3247 1985 ·
3276 1957 3400 2010 ἐπεὶ
3426 1957 3605 2021 056:1;
3627 1958 3759 2011 νοῦν

2160 2034 2318 2107 ἔχων,
2347 2038 2551 2090 ἐκεῖνον
2589 2036 2822 2105 δέχεται.
2886 2038 2996 2090 K01
3038 2037 3149 2109 γὰρ
3178 2039 3274 2091 x01
3309 2040 3368 2092 έν
3403 2038 3672 2109 Ἕλλησιν
3695 2041 3750 2092 οἶ

2160 2120 2258 2190 τήν
2290 2119 2482 2189 ἡδονήν
2502 2116 2827 2190 ὁριζόμενοι,
2861 2119 3013 2184 τέλος
3045 2116 3186 2173 εἷναί
3208 2137 3394 2188 φασιν,
3427 2121 3633 2175 ἐκεῖνοι
3656 2124 3756 2175 05-

2159 2200 2252 2254 16v
2280 2201 2526 2262 ἐδέξαντο
2548 2217 2563 2230 θ
2594 2202 2644 2253 οί
2667 2200 2722 2253 δὲ
2749 2202 2850 2273 τήν
2874 2201 3081 2273 ἀρετὴν
3107 2203 3516 2273 ἀγαπήσαντες,
3545 2204 3760 2271 οὐκέτι,

2161 2283 2276 2336 ἀλλ’
2304 2282 2556 2347 ἐξέϐαλον
2592 2283 2669 2346 ὡς
2718 2283 2932 2352 ἄλογον.
2983 2285 3047 2337 Εί
3087 2284 3145 2337 δὲ
3189 2286 3248 2337 ἐν
3293 2285 3526 2358 Ἕλλησι
3569 2287 3753 2352 τοῦτο,

2161 2364 2340 2435 πολλῷ
2382 2366 2583 2436 μᾶλλον
2605 2365 2698 2418 καὶ
2729 2366 2787 2419 έν
2815 2366 2894 2436 τῷ
2934 2368 3063 2437 περὶ
3103 2366 3203 2437 τῆς
3233 2368 3587 2430 ἀναστάσεων,
3612 2368 3760 2439 λόγῳ

2159 2448 2322 2502 οὕτω.
2371 2448 2480 2502 Θέα
2523 2448 2581 2502 δέ
2617 2465 2709 2520 μοι
2745 2449 2863 2514 πῶς
2890 2449 2991 2504 δύο
3028 2450 3256 2505 ἐναντία
3293 2451 3701 2506 κατεσκεύασεν
3723 2456 3763 2507 ὁ

2159 2529 2403 2594 διάϐολος
2424 2549 2436 2560 ·
2471 2531 2559 2584 ἵνα
2584 2530 2699 2602 γάρ
2720 2530 3016 2602 ἀμελῶμεν
3060 2533 3287 2602 ἀρετῆς,
3327 2536 3422 2587 καὶ
3470 2535 3561 2587 ἵνα
3588 2534 3759 2607 θερα-

2161 2613 2415 2683 πεύωμεν
2442 2613 2723 2683 δαίμονας,
2763 2615 2863 2685 τὴν
2910 2616 3156 2687 ἀνάγκην
3201 2619 3513 2687 εἰσήγαγεν,
3552 2619 3645 2672 καὶ
3680 2619 3757 2672 δι’

2160 2695 2435 2766 ἑκατέρων
2458 2707 2484 2735 ιι
2504 2695 2789 2767 ἀμφότερα
2804 2696 3012 2751 ἔπεισε.
3037 2698 3169 2751 Τίνα
3184 2695 3276 2753 οῦν
3292 2701 3579 2771 δυνήσεται
3589 2701 3754 2770 λόγον

2158 2778 2389 2846 δοῦναιρ
2432 2778 2730 2832 διαπιστῶν
2775 2779 3061 2850 πράγματι
3096 2782 3239 2835 οῦτω
3287 2782 3604 2854 θαυμαστῷ,
3654 2786 3757 2838 καὶ

2157 2861 2269 2923 τοῖς
2321 2861 2500 2913 ἐκεῖνα
2544 2858 2769 2931 ληροῦσι
2825 2862 3176 2932 πειθόμενος;
3251 2865 3343 2933 Μὴ
3388 2866 3565 2918 τοίνυν
3612 2865 3763 2935 μηδὲ

2157 2940 2291 3013 αῦτη
2317 2958 2376 2995 σε
2398 2943 2431 3013 ἡ
2454 2942 2770 3011 παραμυθία
2793 2944 3065 3015 τρεφέτω,
3102 2946 3177 3008 ὡς
3207 2946 3371 3018 τεύξῃ
3393 2948 3752 3018 συγγνώμη-τ’

2166 3024 2302 3078 ἀλλά
2335 3025 2733 3094 συστρέψαντες
2767 3028 3018 3090 ἑαυτοὺς.
3059 3028 3417 3100 διεγείρωμεν
3460 3031 3596 3103 πρὸς
3622 3031 3769 3099 619$-

2165 3106 2286 3178 τὴν,
2318 3108 2413 3161 καὶ
2441 3107 2697 3178 ζήσωμεν
2726 3108 2943 3179 ἀληθῶς
2986 3108 3066 3180 τῷ
3099 3109 3241 3181 Θεῷ,
3283 3112 3343 3163 ὲν
3376 3111 3621 3183 Χριστῷ,
3658 3113 3757 3166 καὶ

2158 3190 2228 3244 τὰ
2268 3189 2420 3260 ἑξῆς.

2221 3286 2250 3315 ⁸
2270 3286 2387 3350 Haec
2411 3292 2490 3335 est
2513 3287 2663 3350 liecitin
2685 3286 2955 3350 υιιὶυεεοᾲ.
2977 3290 3029 3335 el
3052 3283 3243 3350 Saviliri.
3259 3286 3545 3350 Legebamr
3561 3287 3758 3350 ἀρετῆς,

2156 3347 2243 3405 τήν
2264 3347 2472 3411 ἀνάγκην
2497 3349 2744 3411 εἰσήγαγεν
2756 3350 2794 3411 Δὁ
2818 3347 3058 3411 διάϐολος,
3089 3348 3171 3411 καὶ
3192 3349 3271 3397 ἵνα
3296 3347 3630 3411 θέραπεύωμεν
3654 3350 3761 3397 δαίν-

2195 3424 2302 3473 010;
2321 3408 2590 3473 προθύμως,
2608 3409 2698 3473 διὰ.
2716 3408 2801 3473 δύο
2836 3408 3060 3456 ἐναντίων
3096 3410 3278 3469 ἔπεισε,
3302 3408 3381 3458 ἵνα
3421 3408 3758 3473 θεραπεύωμιν

2189 3467 2399 3531 αἱμονας,
2420 3467 2502 3517 καὶ
2520 3470 2578 3517 δι’
2601 3470 2734 3518 ἑκατ.
2762 3467 2909 3519 Εοιτ.

1936 3626 2177 3710 om;
2220 3653 2293 3708 r'.

491 3748 641 3820 [545]
681 3750 789 3817 Ὃς
827 3752 996 3806 ἐστιν
1050 3751 1228 3805 εἰκὼν
1272 3752 1376 3806 τοῦ
1414 3750 1561 3806 Θεοῦ
1609 3751 1715 3805 τοῦ
1766 3750 2060 3818 ἀοράτου,

558 3833 932 3899 πρωτότοκος
993 3831 1197 3899 πάσης
1259 3834 1531 3899 κτίσεως.
1593 3832 1721 3885 Ὀτι
1776 3833 1847 3886 ἐν
1906 3831 2066 3896 αὐτῷ

553 3914 800 3981 ἐκτίσθη
840 3914 912 3967 τὰ
952 3914 1171 3982 πάντα,
1219 3916 1291 3970 τὰ
1327 3916 1396 3968 ἐν
1416 3916 1539 3981 τοῖς
1559 3915 1835 3983 οὐρανοῖς
1865 3917 1960 3968 καὶ
1990 3916 2063 3969 τὰ

552 3997 653 4051 ἐπὶ
708 3994 817 4064 τῆς
865 3997 1018 4066 γῆς,
1065 3998 1136 4051 τὰ
1184 3999 1366 4066 ὁρατὰ
1414 3999 1512 4052 καί
1552 3999 1626 4052 τὰ
1652 3999 1895 4066 ἀόρατα,
1943 3999 2064 4052 εἴτε

553 4081 754 4149 θρόνοι
768 4079 824 4134 εἴ
828 4096 887 4133 τε
901 4081 1269 4148 κυριότητες,
1292 4081 1412 4134 εἴτε
1430 4080 1605 4150 ἁρχαὶ
1624 4082 1679 4132 εῖ
1684 4098 1743 4133 τε
1761 4080 2059 4144 ἐξουσίαι·

555 4165 630 4219 τὰ
675 4164 871 4218 πάντα
907 4164 983 4218 δι’
1026 4165 1213 4219 αὑτοῦ
1235 4204 1250 4228 ,
1298 4165 1396 4218 καί
1430 4168 1517 4231 εἰς
1546 4165 1731 4220 αὑτὸν
1769 4166 2059 4221 ἔκτισται.

552 4247 657 4302 Kal
687 4249 869 4314 αὐτός
908 4248 1039 4302 ἐστι
1069 4248 1180 4316 πρὸ
1222 4249 1484 4313 πάντων,
1525 4249 1621 4302 καὶ
1660 4247 1732 4301 τὰ
1761 4249 1960 4302 πάντα
1993 4249 2063 4302 ἐν

552 4330 713 4397 αὐτῷ
756 4331 1121 4399 συνέστηκε.
1154 4331 1261 4385 Καὶ
1305 4332 1490 4397 αὑτός
1531 4332 1704 4385 ἐστιν
1748 4333 1786 4401 ἡ
1821 4332 2058 4401 κεφαλὴ

552 4415 660 4469 τοῦ
686 4414 957 4485 σώματος
979 4414 1091 4483 τῆς
1136 4415 1522 4483 Ἑκκλησίας.

554 4534 622 4590 0'.
658 4535 907 4604 Τήμερον
939 4533 1231 4588 ἀποδοῦναι
1262 4531 1558 4600 ἀναγκαῖον
1586 4531 1647 4585 16
1666 4532 1904 4603 ὄφλημα,
1926 4534 2063 4606 ὅπερ

485 4618 611 4687 χθὲς
635 4616 996 4687 ἀνεϐαλόμην,
1043 4614 1183 4669 ὥστε
1220 4612 1597 4681 ἀκμαζούσαις
1631 4614 1783 4683 ὑμῶν
1813 4615 2061 4686 προσϐα-

486 4700 597 4755 λεῖν
621 4702 739 4764 ταῖς
759 4699 1035 4763 διανοίαις,
1071 4698 1208 4769 Περὶ
1236 4698 1334 4769 τῆς
1366 4697 1460 4751 τοῦ
1484 4697 1614 4750 Υἱοῦ
1636 4698 1789 4765 ἀξίας
1815 4699 2061 4769 διαλεγό-

486 4799 647 4855 μενος
677 4783 935 4847 όΠαῦλος
978 4783 1151 4838 ταῦτά
1192 4799 1377 4853 φησιν,
1418 4781 1609 4852 ὥσπερ
1644 4784 1737 4835 καὶ
1773 4783 2061 4850 ἀπεδείξα-

487 4882 609 4938 μεν·
651 4866 759 4932 Ὅς
773 4866 945 4919 ἐστιν
962 4866 1139 4919 εἰκὼν
1172 4866 1277 4919 τοῦ
1296 4865 1443 4919 Θεοῦ
1466 4864 1572 4932 τοῦ
1594 4865 1871 4932 ἀοράτου.
1900 4866 2058 4929 Τίνος

483 4943 576 5002 οὖν
614 4948 775 5003 αύτδν
804 4947 905 5000 οίει
928 4947 1107 5017 λέγειν
1134 4948 1320 5001 εἰκόνα
1347 4944 1520 5015 εἷναις
1552 4947 1615 4999 Εί
1645 4947 1743 5017 μὲν
1782 4946 1875 5000 τοῦ
1900 4947 2057 5013 Θεοῦ,

428 5019 665 5095 ’ὧιαλῶς
699 5047 713 5061 ο
750 5030 883 5094 Θεὸς
909 5029 1019 5100 γάρ
1048 5031 1141 5084 καὶ
1185 5029 1320 5083 Θεοῦ
1352 5030 1509 5093 Υίός·
1549 5029 1683 5083 Θεοῦ
1721 5030 1778 5083 δὲ
1807 5029 1972 5084 εἰκὼν
1997 5031 2059 5085 16

484 5113 901 5185 ἀπαράλλακτον
923 5111 1191 5165 δείκνυσιν
1212 5128 1228 5144 ·
1257 5113 1449 5165 οὐκοῦν
1477 5112 1894 5183 ἀπαράλλακτος
1919 5114 2063 5167 κατά

485 5196 679 5251 τοῦτο·
715 5199 762 5251 εἰ
804 5197 863 5251 δὲ
925 5195 1236 5269 ἀνθρώπου,
1288 5198 1430 5263 εἰπὲ,
1472 5197 1567 5251 καὶ
1622 5198 1695 5262 ώς
1736 5199 2060 5270 μαινομένου

487 5287 671 5341 λοιπὸν
693 5289 1090 5362 ἀποστήσομαι.
1132 5288 1231 5342 Διά
1255 5288 1309 5342 τί
1335 5288 1395 5341 6.1
1426 5287 1673 5359 μηδαμοῦ
1704 5290 1842 5359 μήτε
1873 5289 2060 5355 είκὼν,

492 5372 630 5443 μήτε
660 5372 792 5436 υίὸς,
826 5372 1055 5441 ἄγγελος
1089 5372 1369 5442 κέκληται,
1415 5372 1530 5425 ἀλλ’
1564 5372 1850 5441 ἄνθρωπος
1882 5373 2063 5443 ἀμφό-

488 5473 657 5528 1390;
699 5456 798 5510 Διά
838 5456 929 5521 τί;
969 5456 1088 5511 Ὅτι
1119 5459 1234 5510 ἐκεῖ
1273 5457 1374 5527 μὲν
1402 5456 1462 5509 τὸ
1502 5457 1599 5526 τῆς
1637 5454 1851 5524 φύσεως
1895 5456 2065 5529 ἀνηρ-

494 5540 653 5613 μένον
685 5541 895 5611 ταχέως
934 5542 1000 5595 ἂν
1036 5543 1162 5604 τοὺς
1210 5541 1437 5605 πολλοὺς
1469 5542 1551 5604 είς
1569 5538 1776 5609 ταύτην
1802 5539 1903 5610 τὴν
1933 5540 2066 5594 ἀσέ-

492 5626 646 5677 ϐειαν
680 5624 960 5679 ἐνέϐαλενο
1006 5624 1243 5680 ἐνταῦθα
1282 5624 1339 5678 δὲ
1374 5623 1436 5677 16
1459 5623 1674 5685 εὐτελὲς
1698 5624 1793 5677 καὶ
1816 5626 2069 5679 ταπεινὸν

494 5705 757 5772 ἐγγυᾶται
786 5708 885 5777 τὴν
915 5707 1233 5777 ἀσφάλειαν,
1265 5706 1358 5761 καὶ
1381 5705 1502 5759 οὐδὲ
1525 5705 1881 5777 βουλομένους
1907 5707 2069 5778 ἀφίη-

498 5804 582 5845 σιν
608 5789 949 5845 ύποπτεῦσαί
976 5807 1029 5845 τι
1060 5790 1320 5861 τοιοῦτον,
1338 5790 1431 5845 καὶ
1449 5794 1781 5861 καταγαγεῖν
1799 5790 1889 5845 τὸν
1916 5792 2071 5861 λόγον

2166 3748 2337 3803 κάτω.
2393 3748 2491 3802 Διά
2554 3747 2712 3801 τοῦτο
2759 3746 2890 3802 ἔνθα
2937 3750 3037 3819 μὲν
3083 3744 3151 3823 ἦν
3186 3748 3359 3820 πολλὴ
3400 3748 3756 3821 ταπεινότης,

2166 3829 2517 3903 θαρρούντως
2544 3830 2577 3901 ἡ
2604 3830 2794 3901 Γραφὴ
2820 3832 3006 3902 τίθησι
3038 3832 3136 3903 τὴν
3163 3832 3330 3902 τιμήν
3353 3847 3368 3861 ·
3402 3830 3531 3883 ἔνθα
3552 3831 3609 3884 δὲ
3645 3832 3766 3902 μεί-

2166 3913 2330 3983 ζωνὴ
2369 3912 2527 3981 φύσις
2551 3952 2565 3978 ,
2601 3912 2806 3966 οὐκέτι.
2881 3913 3045 3979 Ἀλλ’,
3090 3912 3290 3968 Εὶκὼν
3328 3912 3432 3967 τοῦ
3472 3911 3761 3980 ἀοράτου,

2167 3996 2350 4066 φησίν.
2389 3994 2597 4049 Οὐκοῦν
2638 3997 2686 4048 εί
2716 3997 2920 4060 ἐκεῖνος
2949 3997 3200 4067 ἀόρατος,
3252 3995 3349 4050 καὶ
3373 3995 3513 4065 αῦτη
3553 3997 3764 4065 ὁμοίως

2164 4078 2413 4148 ἀόρατος,
2463 4078 2587 4132 ἐπεὶ
2629 4077 2737 4131 056‘
2774 4078 2841 4131 ἂν
2887 4079 3051 4132 είκὼν
3083 4079 3192 4149 εἴη.
3255 4078 3367 4149 Τὴν
3403 4078 3514 4150 γάρ
3547 4079 3764 4145 εἰκόνα⁹

2166 4160 2299 4213 καθό
2329 4162 2477 4214 ἐστιν
2502 4160 2687 4228 είκὼν,
2738 4160 2833 4214 καὶ
2873 4163 3004 4233 παρ’
3042 4164 3178 4233 ἡμῖν
3223 4161 3646 4234 ἀπαράλλακτον
3679 4162 3768 4216 δεῖ

2165 4239 2324 4307 εἶναι,
2353 4237 2466 4297 οἷον
2525 4243 2634 4298 τῶν
2690 4245 3058 4315 χαρακτήρων
3106 4244 3200 4299 καὶ
3262 4244 3366 4313 τῆς
3421 4244 3761 4315 ὁμοιώσεως.

2179 4326 2315 4379 Ἀλλ’
2339 4326 2571 4380 ἐνταῦθα
2590 4326 2693 4398 μὲν
2724 4327 2980 4398 οὐδαμῶς
3003 4327 3161 4381 τοῦτο
3181 4327 3405 4381 δυνατόν
3425 4344 3441 4359 ο
3464 4328 3627 4400 τέχνη
3647 4330 3764 4398 γάρ

2163 4410 2311 4463 ἐστιν
2349 4408 2663 4480 ἀνθρωπίνη
2700 4411 2734 4479 ή
2782 4410 3052 4480 πολλαχοῦ
3103 4410 3507 4475 διαπίπτουσα,
3557 4411 3765 4481 μᾶλλον

2161 4492 2220 4544 δὲ
2249 4491 2548 4562 πανταχοῦ,
2581 4493 2677 4544 ὲάν
2700 4491 2769 4545 τὰ
2794 4492 2897 4561 τῆς
2942 4492 3228 4564 ἀκριϐείας
3257 4492 3429 4563 ζητῇς
3447 4510 3462 4524 ο
3494 4493 3621 4545 ἔνθα
3646 4492 3706 4545 δὲ
3733 4495 3766 4546 ό

2163 4575 2317 4640 Θεὸς,
2362 4574 2603 4645 οὐδαμοῦ
2635 4574 2955 4644 σφάλλεται,
2986 4575 3108 4629 οὐδὲ
3136 4575 3437 4639 διάπτωσίς
3473 4592 3559 4638 τις
3607 4576 3763 4643 γίνεο

2162 4675 2271 4712 ται.
2305 4659 2369 4712 Εἰ
2414 4658 2469 4710 δὲ
2517 4657 2744 4729 κτίσμα,
2780 4659 2897 4722 πῶς
2945 4658 3111 4713 εἰκὼν
3139 4659 3231 4712 τοῦ
3275 4659 3564 4720 κτίσαντος
3590 4675 3605 4723 ;
3636 4660 3765 4712 οὐδὲ

2164 4739 2273 4811 γάρ
2303 4740 2464 4804 ἵππος
2483 4739 2771 4811 ἀνθρώπου
2796 4754 2819 4782 ﬂ
2844 4739 3028 4796 εἰκών.
3067 4743 3130 4795 Εἰ
3158 4741 3231 4812 μὴ
3256 4742 3317 4794 16
3336 4742 3767 4811 ἀπαράλλακτον

2163 4821 2259 4875 τοῦ
2293 4823 2526 4893 ἀοράτου
2555 4823 2707 4893 δηλοῖ
2738 4826 2771 4893 ή
2797 4823 2982 4887 εἰκὼν,
3035 4824 3087 4877 τί
3114 4824 3319 4878 ’κωλύει
3369 4826 3465 4878 καὶ
3494 4824 3765 4891 ἀγγέλους

2166 4904 2349 4958 εἰκόνα
2398 4900 2574 4971 εἷναι;
2615 4906 2709 4959 καὶ
2738 4906 2847 4976 γὰρ
2886 4908 2979 4959 καὶ
3024 4906 3183 4960 05101
3221 4908 3466 4979 ἀόρατοι,
3505 4906 3623 4959 ἀλλ’
3660 4906 3764 4980 οὐχ

2169 4988 2383 5052 ἑαυτοῖς
2408 5004 2423 5020 ο
2465 4988 2559 5041 καὶ
2603 4987 2752 5057 ψυχὴ
2800 4988 3033 5059 ἀόρατος
3055 5005 3069 5020 ·
3110 4990 3227 5044 ἀλλ’
3263 4991 3453 5059 ἐπειδὴ
3504 4989 3759 5059 ἀόρατος,

2169 5070 2356 5134 ἁπλῶς
2403 5069 2495 5123 διὰ
2538 5069 2695 5123 τοῦτο
2724 5069 2909 5135 είκὼν,
2966 5072 3017 5124 εί
3068 5073 3163 5126 καὶ
3205 5072 3279 5143 μὴ
3327 5071 3503 5136 οῦτως
3568 5072 3766 5143 ὥσπερ

2172 5154 2334 5217 αὑτός
2361 5154 2411 5205 ιτ.
2444 5153 2820 5220 Πρωτότοκος
2844 5153 3049 5221 πάσης
3077 5156 3349 5221 κτίσεως.

2244 5237 2305 5305 β’.
2341 5237 2407 5290 Τί
2430 5232 2763 5307 οὖν,φησίν;
2807 5237 2915 5290 ἰδοὺ
2936 5236 3212 5303 έκτισταις
3248 5238 3438 5302 Πόθεν,
3474 5239 3601 5293 εἰπέ
3635 5256 3760 5307 μοις

2183 5318 2424 5389 Ἐπειδὴ,
2462 5322 2859 5388 Πρωτότοκος,
2887 5316 3028 5373 εἷπε.
3061 5321 3171 5375 Καὶ
3196 5321 3301 5392 μὴν
3324 5321 3413 5387 ού,
3453 5322 3763 5394 11901162111-

2171 5420 2316 5467 στος,
2345 5398 2519 5468 εἷπεν,
2547 5403 2704 5467 ἀλλά,
2728 5404 3125 5472 Πρωτότοκος.
3161 5406 3391 5459 Ἔπειτα
3432 5417 3457 5444 ι
3506 5407 3554 5458 εί
3581 5405 3670 5458 διὰ.
3699 5404 3763 5456 16

2228 5493 2378 5568 ’βίᾳ
2414 5491 2565 5568 Λαζιιί
2592 5495 2764 5568 ,ἵππον
2819 5495 2909 5543 οὐκ
2950 5494 3134 5543 ἔκτισεν
3176 5496 3435 5560 ἄνθρωπος·
3485 5495 3618 5545 unde
3642 5500 3761 5544 nata

2165 5559 2642 5689 ωὲὶῧῗὲἷῗῴξὲοὲί
2658 5557 2948 5689 ἒξὲιξιειίξιε.
2982 5613 3056 5689 εξο
3107 5618 3272 5689 Ιοευπι
3294 5618 3551 5689 _exhi_b0nl
3568 5632 3591 5689 ε
3630 5616 3759 5689 ἁλλὶ

2166 5679 2247 5743 καὶ
2270 5679 2397 5743 ψυχὴ
2421 5679 2635 5743 ἀόρατος
2660 5679 2766 5743 ἀλλ’
2789 5679 2948 5743 ἐπειδῂ
2973 5679 3173 5743 ἀόρατος
3188 5681 3368 5743 ἁπλῶς,
3409 5682 3487 5743 δια
3510 5679 3654 5727 τοῦτο
3686 5680 3759 5727 εἰ·

2168 5740 2293 5796 κώνξ
2321 5740 2402 5802 καὶ
2423 5740 2506 5802 μὴ,
2532 5741 2682 5795 οὕτως
2704 5740 3050 5802 ὥσπεραύτὸς,
3076 5742 3157 5788 καὶ
3177 5742 3364 5802 ἄγγελοι
3390 5741 3592 5802 εἰκόνεςς

2236 5804 2258 5831 °
2286 5798 2445 5852 Codei
2472 5801 2593 5864 Reg.
2610 5808 2662 5851 et
2685 5798 3014 5865 margJSavil.
3041 5798 3303 5864 sequctil'ia
3326 5800 3397 5851 sic
3420 5800 3647 5861 exhibet,
3665 5798 3756 5847 τοῦ
