4064 6210
285 401 386 458 317
1188 393 1254 451 ΙΝ
1295 389 1507 450 EPIST.
1553 393 1642 449 AD
1680 383 1922 446 COLOSS

2025 384 2146 442 IAP.
2190 385 2230 441 1.
2275 385 2504 443 1101111..
2549 383 2637 441 111.

288 523 462 586 poeta:
506 520 563 569 et
590 525 780 568 omnes
822 511 962 567 inter
992 525 1052 567 se
1076 512 1413 568 consentiant
1452 518 1507 564 et
1533 509 1600 563 de
1631 505 1881 561 tribunali

283 615 338 661 ct
367 605 437 660 dc
460 603 686 675 judicio.
732 603 916 672 Itaque
945 617 1046 658 nec
1086 601 1306 658 Graecus
1334 601 1448 655 suis
1489 598 1647 653 fidem
1678 604 1838 666 negat
1863 636 1878 661 ,

287 711 388 751 nec
432 695 653 751 Judzeus
696 693 764 750 de
809 693 892 748 his
934 694 1163 760 dttbitat,
1197 708 1296 748 nec
1323 693 1500 763 quivis
1531 691 1709 744 homo.
1740 687 1879 756 Quid

287 803 417 857 ergo
449 801 549 842 nos
579 787 723 856 ipsos
743 785 1081 856 decipimus?
1110 784 1236 838 Ilaec
1264 783 1393 836 mihi
1419 783 1552 837 dicis
1582 800 1594 835 :
1620 781 1743 851 quid
1772 780 1880 835 Deo

285 879 434 932 dices
462 877 552 947 qui
578 877 846 947 sigillatim
892 876 1044 930 finxit
1071 875 1231 930 corda
1261 883 1463 937 nostra,
1492 875 1580 943 qui
1610 887 1728 941 qua:
1756 880 1880 924 sunt

289 971 341 1024 in
374 954 696 1039 Cogitatione
724 968 874 1022 novit
912 967 1114 1031 omnia,
1151 966 1237 1035 qui
1270 965 1397 1018 vivit
1423 975 1477 1018 et
1501 972 1786 1032 operatur;
1821 969 1876 1015 et

290 1061 463 1129 magis
509 1058 693 1114 incidit
732 1073 892 1129 quam
923 1058 1096 1127 quivis
1138 1055 1345 1126 gladius
1373 1070 1569 1124 anceps
1600 1052 1780 1124 (Hebr.
1825 1053 1878 1106 4.

3461 393 3566 450 518

1992 503 2062 556 tia
2105 512 2158 556 et
2186 512 2331 558 metu
2360 521 2372 556 :
2402 505 2636 574 alioquin
2667 504 2811 562 enim
2841 506 3100 561 evasisset
3145 509 3458 564 imbecillior
3497 511 3565 566 ad

1988 593 2210 649 caedem.
2237 593 2310 648 Ita
2340 605 2484 649 certe
2510 605 2562 648 et
2589 595 2677 665 qui
2706 606 2927 664 peccant
2952 598 3126 652 sciunt
3151 611 3422 668 peccatum
3453 617 3564 655 rem

1987 701 2108 740 esse
2138 686 2366 751 malam;
2400 696 2456 741 et
2483 689 2570 756 qui
2599 687 2834 756 quotidie
2871 689 3178 743 volutantur
3206 693 3257 744 in
3287 692 3415 762 ipsis
3449 707 3564 745 ma-

1987 777 2051 829 lis
2074 819 2086 840 ,
2118 778 2304 831 nolunt
2335 779 2472 832 scire
2492 819 2507 843 ,
2537 794 2855 848 quamquam
2882 795 3068 834 eorum
3096 783 3422 836 conscientia
3456 794 3568 837 rem

1986 869 2496 937 comprehendente.
2525 869 2628 924 Sed
2658 885 2724 922 ue
2752 870 2854 924 illis
2884 872 3256 937 attendamus;
3293 875 3394 927 erit
3427 877 3572 929 cnim

1987 965 2206 1016 omnino
2241 964 2498 1033 judicium
2546 974 2598 1018 et
2644 965 2990 1032 resurrectio,
3036 981 3206 1035 neque
3257 977 3361 1020 tam
3408 969 3574 1020 multa

1987 1069 2150 1124 Opera
2181 1055 2374 1110 frustra
2419 1055 2653 1110 dimittet
2694 1056 2854 1111 Deus.
2899 1057 3258 1124 Quamobrem
3296 1072 3463 1126 rogo,
3495 1059 3584 1111 ah-

297 1151 429 1220 12)?
472 1150 630 1215 Nam,
671 1150 760 1205 dic
801 1149 929 1203 mihi
962 1165 1057 1219 per
1089 1151 1390 1215 veritatem,
1422 1163 1527 1201 non
1559 1156 1613 1200 tu
1656 1145 1882 1214 teipsum

299 1249 610 1311 peccantem
640 1239 1014 1295 condemnas?
1052 1254 1118 1294 an
1150 1242 1428 1309 quisquam
1470 1237 1631 1291 homo
1675 1244 1758 1290 est
1796 1236 1887 1305 qtti

301 1333 536 1400 teipsum
564 1331 801 1400 segniter
824 1339 1070 1400 agentem
1101 1346 1207 1384 non
1236 1328 1631 1400 reprehendat?
1661 1328 1728 1382 Et
1755 1342 1890 1397 quo-

299 1421 460 1476 tnodo
512 1435 638 1475 casu
688 1430 803 1474 orta
852 1429 934 1474 est
982 1419 1280 1489 sapientia,
1311 1428 1369 1472 ut
1413 1419 1526 1488 ipse
1567 1418 1655 1488 qui
1707 1426 1892 1486 peccat

298 1514 535 1582 seipsum
586 1511 948 1567 condemnet?
974 1510 1078 1565 hoc
1122 1511 1265 1565 enim
1303 1518 1386 1564 est
1428 1523 1635 1578 magna:
1675 1508 1891 1576 sapien-

304 1607 411 1660 tize.
440 1604 522 1659 Tu
551 1604 781 1675 teipsum
811 1603 1174 1669 condemnas;
1199 1604 1287 1673 qui
1309 1612 1489 1658 autem
1519 1602 1655 1656 hanc
1684 1601 1778 1656 tibi
1806 1601 1896 1658 dat

303 1706 542 1753 mentem
573 1706 628 1752 et
671 1697 1046 1767 cogitationem
1071 1737 1086 1762 ,
1117 1697 1258 1751 sinet
1287 1696 1462 1751 omnia
1495 1695 1897 1751 ferri‘temere?

303 1788 382 1844 Sit
415 1803 548 1858 ergo
579 1789 692 1841 haec
720 1787 903 1856 regula
944 1795 998 1842 et
1042 1786 1288 1842 definitio
1328 1788 1379 1840 itt
1426 1801 1644 1857 genere,
1689 1795 1742 1841 et
1782 1787 1921 1841 uni-.

310 1893 475 1933 verse
511 1896 524 1932 :
558 1878 734 1932 nullus
760 1894 823 1932 ex
852 1878 915 1932 iis
945 1879 1032 1948 qui
1061 1877 1242 1932 vivunt
1268 1879 1320 1932 in
1345 1878 1560 1946 virtute,
1592 1894 1698 1933 non
1729 1879 1903 1936 credit

313 1969 560 2024 sermoni
596 1968 662 2023 de
683 1968 902 2037 judicio,
934 1969 1145 2024 etiamsi
1174 1969 1244 2024 sit
1272 1968 1514 2034 Graccus,
1548 1971 1756 2025 etiamsi
1789 1971 1901 2024 luc—

317 2061 523 2116 reticus
551 2077 566 2115 :
593 2060 769 2116 nullus
803 2076 868 2116 ex
910 2059 976 2114 iis
1011 2061 1101 2129 qui
1135 2061 1186 2114 itt
1217 2061 1386 2115 multo
1414 2069 1696 2116 versantur
1726 2063 1855 2116 vitio
1884 2103 1900 2128 ,

317 2159 518 2220 prteter
545 2165 763 2222 paucos,
795 2151 1030 2206 admittit
1056 2167 1360 2207 sermonem
1389 2153 1817 2207 resurrectionis.
1840 2153 1911 2208 Et

312 2241 419 2297 hoc
454 2252 539 2297 est
576 2243 718 2312 quod
745 2243 874 2297 dicit
899 2242 1344 2312 psalmographus
1380 2261 1394 2296 :
1427 2243 1907 2313 Aufentnlurjudi-

316 2336 397 2389 cia
423 2344 511 2388 tua
541 2351 572 2387 a
600 2336 731 2404 facie
773 2336 882 2404 ejus
927 2333 1112 2404 (Psal.
1146 2333 1201 2388 9.
1233 2335 1301 2387 27
1327 2335 1367 2403 ).
1402 2333 1616 2401 Quare?
1646 2334 1909 2402 Quoniam

321 2429 672 2501 profanantur
706 2430 808 2485 vite
839 2429 955 2499 ejus
993 2429 1044 2483 in
1072 2429 1215 2483 omni
1246 2438 1487 2498 tempore
1525 2445 1537 2480 :
1580 2426 1912 2483 Comedamus

323 2521 465 2575 enim
489 2561 506 2586 ,
539 2520 746 2590 inquit,
778 2530 827 2574 et
856 2520 1119 2583 bibamus;
1149 2537 1263 2574 cras
1293 2521 1425 2573 enim
1455 2521 1718 2574 morimur.
1755 2519 1915 2575 Vides

325 2610 470 2680 quod
493 2611 608 2665 hate
634 2610 817 2666 dicere
845 2609 917 2664 sit
943 2610 1125 2664 vilium
1156 2619 1210 2664 et
1234 2610 1611 2678 abjectorum?
1639 2610 1721 2665 Ah
1743 2625 1836 2664 esu
1864 2621 1918 2666 et

325 2713 453 2772 potu
494 2703 740 2756 oriuntur
769 2703 884 2756 haec
922 2701 1085 2756 verba
1119 2717 1239 2770 qua:
1270 2710 1523 2756 evertunt
1562 2703 1916 2758 resurrectio-

328 2809 472 2848 nem.
503 2793 622 2848 Non
667 2793 770 2848 fert
806 2794 971 2860 enim,
1013 2808 1118 2848 nou
1147 2793 1251 2848 fert
1295 2795 1471 2847 anima
1500 2794 1758 2863 judicium
1786 2809 1919 2848 con-

331 2885 608 2951 scientize;
643 2895 695 2941 et
720 2885 942 2955 perinde
965 2894 1046 2941 est
1071 2895 1231 2956 atque
1261 2887 1305 2940 si
1337 2886 1602 2942 homicida
1625 2903 1745 2942 cum
1774 2889 1922 2957 prius

333 2976 434 3030 sibi
464 2976 796 3046 suggesserit
816 2976 930 3031 fore
956 2985 1013 3030 ut
1033 2991 1138 3030 non
1165 2977 1430 3046 capiatur,
1462 2978 1655 3032 deinde
1677 2980 1753 3034 sic
1781 2981 1923 3034 occi-

336 3065 428 3120 dat
456 3084 470 3120 :
501 3081 624 3120 nam
645 3107 662 3133 ,
705 3081 825 3120 eutn
865 3065 1142 3136 judicante
1181 3067 1505 3122 conscientia
1526 3109 1542 3135 ,
1572 3083 1678 3123 non
1702 3071 1808 3125 cito
1835 3086 1924 3127 ve-

336 3157 510 3214 nisset
535 3158 602 3213 ad
629 3158 931 3214 audendum
959 3159 1235 3229 suscipere
1267 3158 1491 3214 facinus.
1527 3161 1591 3215 Et
1620 3162 1722 3216 scit
1755 3178 1882 3234 ergo
1905 3205 1920 3231 ,

337 3260 395 3306 et
427 3267 536 3322 pra:
562 3267 622 3308 se
653 3252 758 3306 fert
780 3267 839 3306 se
864 3252 1132 3322 ignorare,
1161 3267 1229 3307 ne
1256 3261 1566 3322 torqueatur
1590 3270 1620 3309 a
1643 3257 1927 3311 conscien-

1990 1145 2250 1199 stinentes
2295 1160 2324 1198 a
2369 1145 2522 1209 vitio,
2570 1146 2822 1199 virtutem
2852 1147 3262 1213 amplectamur,
3308 1157 3367 1202 ut
3395 1163 3576 1201 verum

1991 1237 2315 1306 accipiamus
2337 1252 2642 1292 sermonem
2672 1238 2722 1291 in
2742 1237 2956 1292 Christo
2976 1237 3105 1292 Jesu
3127 1238 3352 1292 Domino
3372 1249 3577 1292 nostro.

2065 1327 2115 1381 F
2116 1330 2187 1382 ali
2228 1330 2400 1398 opinio
2441 1330 2688 1398 rejicitur.
2726 1360 2795 1368 —
2823 1330 3153 1398 Quamquam
3183 1330 3308 1398 quid
3339 1340 3422 1384 est
3449 1330 3577 1384 faci-

1994 1421 2096 1476 lius
2121 1462 2134 1485 ,
2176 1420 2530 1476 admitterene
2558 1421 2697 1491 quod
2727 1421 2922 1476 dicitur
2952 1421 3019 1475 de
3047 1421 3444 1476 resurrectione
3464 1463 3479 1487 ,
3513 1437 3580 1475 an

1997 1513 2138 1582 quod
2165 1513 2363 1568 dicitur
2389 1514 2456 1568 de
2490 1513 2634 1568 fato?
2660 1514 2773 1568 Hoc
2805 1515 3018 1583 plenum
3055 1523 3136 1569 est
3166 1514 3445 1584 injustitia,
3472 1515 3585 1583 ple-

2001 1621 2125 1658 num
2149 1605 2453 1674 insipientia
2481 1615 2533 1660 et
2556 1615 2794 1674 egestate
2821 1605 3064 1671 rationis,
3095 1606 3310 1675 plenum
3336 1605 3587 1659 inhuma-

2001 1695 2167 1750 nitate
2197 1711 2212 1760 ;
2243 1694 2375 1748 illud
2405 1703 2486 1749 est
2517 1695 2729 1764 plenum
2751 1696 2978 1764 justitia,
3012 1695 3340 1749 distribuens
3367 1711 3463 1765 pro
3486 1710 3589 1749 meo

2002 1789 2158 1852 ritis;
2191 1797 2245 1842 et
2285 1797 2460 1843 tamen
2504 1789 2675 1856 ipsum
2722 1804 2827 1842 non
2871 1787 3177 1841 admittunt.
3209 1787 3377 1842 Causa
3408 1796 3586 1841 autem

2005 1888 2087 1934 est
2112 1879 2365 1949 segnities
2396 1897 2410 1933 :
2442 1879 2618 1934 nullus
2645 1879 2787 1934 enim
2815 1879 2903 1948 qui
2946 1879 3156 1948 sapiat,
3189 1878 3294 1932 hoc
3333 1877 3587 1931 admittit.

2006 1970 2140 2025 Nam
2186 1979 2240 2025 et
2285 1971 2424 2024 inter
2466 1968 2702 2033 Grmcos,
2751 1969 2839 2039 qui
2884 1969 3209 2037 voluptatem
3256 1967 3591 2030 definientes,

2010 2063 2169 2118 finem
2199 2077 2319 2118 esse
2343 2063 2546 2128 dicunt,
2580 2062 2653 2116 illi
2693 2063 2865 2131 ipsum
2900 2061 3269 2116 admiserunt:
3297 2061 3384 2130 qui
3415 2069 3593 2114 autem

2010 2157 2261 2212 virtutem
2305 2163 2637 2220 amaverunt,
2684 2169 3042 2225 nequaquam,
3096 2151 3191 2207 sed
3235 2153 3593 2222 expulerunt,

2014 2258 2284 2318 tamquam
2312 2246 2455 2318 quod
2477 2255 2656 2301 careat
2679 2245 2904 2299 ratione.
2931 2245 2988 2300 Si
3015 2243 3116 2298 hoc
3135 2252 3314 2298 autem
3343 2244 3413 2296 ita
3438 2241 3602 2296 habet

2015 2340 2156 2394 inter
2180 2339 2400 2394 Graecos
2429 2380 2442 2405 ,
2473 2336 2642 2391 multo
2672 2335 2838 2406 magis
2876 2335 2946 2389 ita
2991 2333 3152 2388 habet
3181 2335 3233 2387 in
3263 2333 3472 2387 ratione
3515 2348 3604 2386 re-

2017 2429 2383 2486 surrectionis.
2433 2428 2726 2483 Considera
2768 2434 2946 2480 autem
2994 2425 3148 2492 mihi,
3181 2424 3451 2496 quomodo
3495 2423 3603 2478 duo

2018 2521 2284 2576 contraria
2322 2518 2678 2574 introduxerit
2707 2517 2953 2572 diabolus
2995 2535 3008 2570 :
3043 2533 3236 2587 nempe
3266 2525 3322 2572 ut
3350 2518 3601 2571 virtutem

2020 2614 2373 2683 negligamus,
2419 2611 2795 2666 necessitatem
2839 2609 3075 2676 induxit;
3105 2619 3160 2665 et
3191 2620 3245 2664 ut
3273 2621 3522 2679 prompto
3552 2619 3607 2663 ct

2023 2706 2183 2760 alacri
2222 2703 2402 2758 animo
2439 2703 2678 2757 colamus
2717 2700 3112 2771 daemones,per
3143 2701 3249 2755 duo
3286 2701 3444 2755 etiam
3473 2715 3606 2754 con-

2025 2797 2183 2850 traria
2207 2793 2487 2865 persuasit.
2512 2794 2807 2860 Quamnam
2831 2807 2959 2861 ergo
2980 2793 3174 2860 poterit
3195 2791 3322 2845 dare
3348 2792 3608 2845 rationem

2026 2888 2117 2959 qui
2147 2903 2252 2942 non
2283 2887 2452 2943 credit
2477 2886 2553 2940 rei
2584 2885 2718 2940 adeo
2750 2884 3070 2951 admirabili,
3111 2893 3167 2938 et
3206 2883 3374 2937 crcdit
3418 2883 3482 2937 iis
3520 2886 3610 2953 qui

2029 2982 2116 3037 illa
2143 2989 2408 3052 nugantur
2429 2979 2451 3031 ?
2476 2978 2554 3033 Ne
2581 2993 2730 3047 ergo,
2763 2993 2828 3032 ne
2849 2976 2966 3032 hmc
2993 2987 3044 3032 te
3065 2977 3360 3031 consolatio
3390 2979 3610 3042 nutriat,

2029 3073 2171 3142 quod
2220 3072 2430 3128 veniam
2481 3070 2828 3138 consequeris
2873 3086 2886 3133 ;
2945 3067 3038 3123 sed
3093 3083 3190 3122 nos
3242 3069 3484 3122 conversi
3547 3068 3614 3121 ad

2031 3165 2283 3219 virtutem
2314 3163 2608 3218 excitemur
2631 3201 2646 3228 ,
2675 3175 2737 3214 ac
2765 3174 2890 3214 vere
2919 3159 3027 3214 Deo
3059 3159 3332 3225 vivamus;
3376 3159 3426 3214 in
3459 3158 3617 3214 Chri-

2037 3266 2142 3324 sto,
2168 3267 2272 3312 etc.
2681 3235 2704 3249 ’

3232 3369 3614 3387 ’ᾗ

1713 3441 2065 3505 HOMILIA
2107 3442 2218 3503 III.

339 3581 476 3640 CAP.
509 3581 561 3635 1.
592 3595 644 3633 v.
673 3579 756 3634 15.
803 3579 902 3646 Qui
944 3587 1034 3634 est;
1055 3579 1219 3650 imago
1261 3578 1355 3633 Dei
1388 3580 1649 3635 invisibilis
1683 3582 1938 3655 primoge—

412 3675 555 3728 nilus
585 3673 746 3727 omnis
771 3682 1018 3726 creatura:
1047 3688 1066 3726 :
1099 3673 1182 3727 16.
1225 3673 1464 3742 quoniam
1493 3675 1546 3726 in
1584 3674 1694 3743 ipso
1735 3676 1940 3730 condita

413 3773 534 3821 sunt
583 3765 845 3829 universa,
913 3765 966 3816 in
1013 3764 1149 3818 aclis
1199 3773 1247 3816 et
1299 3767 1351 3817 in
1397 3773 1564 3829 terra,
1623 3766 1836 3820 visibilia
1893 3777 1939 3821 et

414 3856 713 3922 invisibilia,
741 3856 844 3909 sive
867 3854 1064 3909 Throni
1091 3855 1193 3908 sive
1224 3851 1628 3924 Dominationes,
1657 3857 1758 3911 sive
1783 3856 1940 3911 Prin-

413 3952 619 4021 cipalus
644 3949 748 4004 sive
777 3947 1097 4014 Potestates;
1127 3949 1297 4002 omnia
1325 3965 1414 4015 per
1437 3951 1624 4019 ipsum,
1656 3959 1702 4004 et
1749 3952 1801 4004 in
1831 3951 1942 4019 ipso

414 4051 592 4097 creata
616 4050 751 4095 sunt.
787 4039 976 4096 17..Et
1029 4043 1137 4110 ipse
1165 4050 1237 4094 est
1278 4051 1396 4095 ante
1444 4043 1636 4108 omnia,
1687 4053 1733 4097 et
1773 4045 1943 4096 omnia

415 4133 476 4187 in
525 4133 637 4202 ipso
663 4140 896 4186 constant
930 4147 948 4185 :
978 4131 1063 4187 18.
1092 4141 1138 4184 et
1167 4132 1274 4202 ipse
1303 4141 1376 4186 est
1405 4143 1553 4202 caput
1584 4134 1809 4204 corporis
1837 4132 1941 4186 Ec-

419 4225 618 4278 desire.

416 4318 475 4371 1.
505 4313 585 4368 De
612 4313 738 4367 Filii
766 4313 859 4367 Dei
883 4323 1087 4382 natura,
1111 4323 1155 4369 et
1184 4314 1318 4386 quod
1352 4330 1452 4368 non
1487 4315 1552 4368 sit
1596 4324 1844 4368 creatura.
1873 4345 1945 4357 --

347 4403 531 4461 llodie
553 4419 772 4459 necesse
798 4414 880 4459 est
900 4405 1127 4460 reddere
1149 4405 1405 4470 debitum,
1421 4405 1562 4475 quod
1596 4405 1709 4460 heri
1736 4407 1939 4475 distuli,

349 4507 406 4551 ttt
427 4496 482 4551 id
515 4494 754 4550 discendi
786 4494 992 4564 cupidis
1015 4495 1211 4549 animis
1240 4497 1431 4549 vestris
1460 4505 1514 4550 et
1537 4497 1946 4566 cogitationibus

350 4585 661 4656 subjiciam.
683 4586 760 4640 De
776 4585 890 4639 Filii
909 4585 1163 4656 dignitate
1177 4585 1446 4640 disserens
1461 4586 1653 4640 Paulus
1668 4586 1781 4641 haec
1797 4587 1942 4652 dicit,

353 4682 494 4735 sicut
529 4679 689 4732 etiam
713 4678 1044 4733 ostendimus
1077 4695 1089 4731 :
1118 4677 1218 4742 Qui
1243 4687 1312 4732 est
1351 4680 1517 4750 imago
1550 4679 1643 4732 Dei
1667 4680 1946 4734 invisibilis.

351 4767 526 4837 Cujus
553 4782 682 4836 ergo
713 4769 792 4821 vis
819 4783 940 4822 eum
967 4782 1085 4823 esse
1113 4767 1442 4838 imaginem?
1487 4768 1541 4824 Si
1573 4769 1662 4822 Dei
1709 4767 1944 4839 quidem,

355 4859 624 4928 pulchre;
675 4858 815 4913 Deus
865 4859 1006 4913 cnim
1038 4867 1120 4914 est
1154 4869 1209 4914 et
1261 4859 1353 4914 Dei
1386 4859 1587 4926 Filius;
1641 4861 1733 4914 Dei
1773 4871 1952 4915 antem

359 4951 549 5020 imago
577 4948 859 5019 perfectam
892 4949 1297 5005 similitudinem
1318 4951 1585 5005 ostendit:
1613 4966 1742 5021 ergo
1757 4965 1953 5005 secun-

359 5043 490 5096 dum
526 5042 631 5095 hoc
659 5041 878 5111 arqualis
902 5052 984 5096 est
1013 5061 1026 5096 :
1058 5043 1103 5097 si
1147 5052 1324 5098 autem
1373 5045 1547 5113 imago
1587 5044 1839 5108 hominis,
1868 5043 1955 5098 dic

360 5133 516 5196 mihi,
555 5141 610 5186 et
655 5147 684 5184 a
717 5140 768 5186 te
797 5139 1067 5202 tamquam
1092 5134 1160 5188 ab
1190 5136 1380 5189 insano
1411 5135 1702 5189 discedam.
1729 5133 1838 5189 Cur
1862 5149 1956 5189 au-

361 5233 473 5277 tem
500 5238 762 5293 nusquam
782 5239 956 5292 neque
979 5224 1172 5294 imago,
1188 5240 1360 5294 neque
1388 5225 1528 5278 ﬁlius
1556 5225 1854 5294 appellatus
1875 5232 1957 5279 est

361 5315 624 5384 angelus,
685 5315 777 5370 sed
830 5317 994 5370 homo
1049 5317 1370 5386 utrumque?
1423 5315 1642 5382 Quare?
1695 5317 1956 5382 Quoniam

363 5406 475 5462 illic
505 5406 724 5475 quidem
756 5416 963 5461 natura:
991 5407 1290 5462 sublimitas
1328 5407 1432 5462 cito
1462 5406 1658 5462 multos
1689 5406 1958 5476 injecisset

361 5497 416 5552 in
476 5498 619 5552 hanc
657 5499 1030 5568 impietatem:
1063 5499 1148 5553 hic
1195 5508 1372 5553 autem
1422 5499 1598 5552 vilitas
1635 5507 1688 5552 et
1731 5497 1960 5566 abjectio

364 5590 602 5660 spondet
625 5605 738 5645 rem
770 5590 886 5646 fore
913 5591 964 5646 in
992 5599 1128 5659 tuto,
1158 5599 1212 5645 et
1239 5607 1304 5646 ne
1330 5591 1574 5646 volentes
1590 5589 1803 5659 quidem
1835 5589 1962 5646 sinit

367 5681 480 5735 tale
524 5680 650 5749 quid
703 5682 982 5752 suspicari,
1015 5690 1070 5738 et
1107 5697 1411 5738 sermonem
1466 5682 1786 5751 deprimere.
1830 5681 1961 5735 Pro-

372 5782 563 5843 pterea
593 5772 685 5828 ubi
715 5774 877 5829 multa
910 5773 1123 5845 quidem
1149 5784 1264 5830 erat
1305 5773 1598 5841 humilitas,
1632 5769 1963 5829 confidenter

2043 3559 2314 3657 Scriptura
2349 3583 2496 3654 ponit
2521 3583 2780 3636 honorem
2812 3598 2825 3633 :
2859 3581 2948 3635 ubi
2977 3590 3154 3636 autem
3195 3580 3368 3650 major
3397 3588 3478 3635 est
3529 3595 3624 3634 na-

2045 3688 2179 3744 tura,
2212 3695 2316 3734 non
2344 3679 2493 3732 item.
2513 3674 2618 3730 Sed
2641 3674 2818 3745 Imago
2840 3684 2910 3728 est
2929 3674 3210 3736 invisibilis,
3235 3674 3423 3743 inquit.
3456 3673 3618 3744 Ergo,

2043 3773 2087 3827 si
2121 3772 2207 3826 ille
2238 3781 2321 3826 est
2362 3767 2640 3822 invisibilis
2661 3807 2676 3833 ,
2706 3777 2788 3820 est
2835 3766 2945 3836 ipsa
2977 3780 3186 3835 quoque
3227 3764 3543 3844 invisibilis,
3572 3773 3628 3818 et

2043 3863 2289 3918 similiter
2320 3859 2636 3924 invisibilis;
2673 3858 2908 3928 alioquin
2934 3857 3118 3926 imago
3167 3871 3271 3909 non
3305 3865 3466 3910 esset.
3493 3855 3626 3909 Nam

2045 3956 2352 4024 imaginem,
2384 3962 2645 4024 quatenus
2676 3959 2760 4007 est
2785 3952 2980 4020 imago,
3013 3951 3172 4006 etiam
3195 3948 3334 4020 apud
3355 3963 3451 4002 nos
3472 3963 3630 4016 opor-

2048 4055 2121 4102 tet
2145 4060 2265 4101 csse
2293 4043 2574 4114 aequalem,
2608 4051 2662 4097 ct
2686 4057 2714 4096 a
2759 4041 3157 4096 cltaracteribus
3181 4048 3236 4095 et
3259 4037 3628 4093 similitudine.

2046 4136 2150 4193 Sed
2173 4136 2260 4191 hic
2275 4135 2489 4205 quidem
2509 4134 2612 4190 hoc
2636 4147 2970 4203 nequaquam
2996 4140 3168 4197 potest
3197 4129 3308 4183 fieri
3334 4146 3349 4194 ;
3381 4143 3470 4182 ars
3489 4127 3632 4182 enim

2047 4231 2278 4285 humana
2309 4244 2451 4298 smpe
2484 4243 2587 4281 non
2638 4225 2961 4292 assequitur,
2995 4221 3104 4274 imo
3149 4233 3275 4272 vero
3306 4233 3594 4286 numquam
3615 4258 3631 4283 ,

2048 4322 2093 4376 si
2115 4328 2363 4374 accurate
2387 4317 2698 4372 examines:
2732 4314 2815 4366 tibi
2839 4322 3016 4365 autem
3049 4320 3134 4365 est
3161 4310 3318 4376 Deus,
3343 4321 3633 4378 numquam

2050 4409 2247 4464 excidit
2299 4415 2354 4461 et
2395 4406 2630 4469 aberrat,
2660 4418 2830 4473 neque
2861 4402 2998 4456 ullus
3039 4414 3288 4470 umquam
3316 4408 3399 4454 est
3433 4400 3632 4470 lapsus.

2052 4501 2107 4556 Si
2139 4509 2316 4552 autem
2346 4504 2430 4551 est
2455 4502 2722 4556 creatura,
2764 4492 3033 4562 quomodo
3075 4501 3158 4546 est
3201 4491 3374 4559 imago
3401 4490 3520 4559 ejus
3545 4493 3637 4560 qui

2052 4592 2280 4648 creavit?
2307 4604 2478 4660 neque
2502 4587 2644 4643 enim
2673 4601 2840 4653 equus
2855 4593 2935 4638 est
2959 4585 3132 4652 imago
3164 4581 3414 4636 hominis.
3438 4582 3494 4636 Si
3522 4582 3638 4649 ejus

2055 4683 2143 4754 qui
2171 4691 2252 4738 est
2279 4677 2561 4736 invisibilis
2602 4675 3000 4732 similitudinem
3028 4688 3135 4728 non
3177 4673 3412 4728 ostendit
3438 4675 3637 4741 imago,

2056 4772 2180 4843 quid
2206 4770 2454 4842 prohibet
2474 4769 2635 4823 etiam
2659 4765 2876 4835 angelos
2897 4779 3016 4820 esse
3045 4763 3366 4834 imaginem?
3395 4778 3516 4817 nam
3541 4764 3640 4831 ipsi

2057 4878 2269 4933 quoque
2315 4868 2441 4916 sunt
2489 4856 2804 4922 invisibiles,
2857 4854 2951 4909 sed
3007 4869 3113 4909 non
3171 4853 3428 4923 sibiipsis.
3465 4851 3532 4923 ‘[
3571 4852 3642 4906 At

2058 4955 2235 5009 anima
2262 4961 2345 5009 est
2372 4949 2689 5009 invisibilis;
2735 4945 2829 5000 sed
2857 4960 2919 5000 ex
2949 4960 3015 5000 eo
3045 4942 3185 5014 quod
3213 4953 3296 4998 est
3321 4942 3603 4996 invisibilis
3623 4983 3639 5006 ,

2060 5055 2144 5102 est
2185 5041 2580 5116 quodammodo
2626 5040 2834 5108 imago;
2860 5048 2915 5092 at
2939 5051 3045 5092 non
3073 5037 3212 5091 sicut
3239 5035 3352 5105 ipse
3378 5042 3482 5089 est.
3522 5031 3633 5086 Pri-

2061 5139 2343 5208 mogenilus
2371 5135 2533 5188 omnis
2559 5127 2850 5200 creaturw.]

2133 5229 2188 5282 2.
2207 5226 2342 5295 Quid
2369 5228 2522 5281 vero?
2541 5223 2740 5292 inquit;
2765 5234 2888 5275 ecce
2914 5227 2996 5274 est
3023 5217 3271 5272 creatus?
3295 5214 3446 5270 Unde
3469 5213 3519 5268 id
3544 5213 3647 5268 θοι-

2064 5321 2202 5392 ligis,
2231 5315 2557 5386 dic,qu:eso?
2585 5313 2847 5381 Quoniam
2878 5310 3030 5371 dixit,
3065 5305 3452 5376 Primogenitus.
3487 5299 3654 5373 Atqui

2068 5427 2174 5468 non
2204 5409 2357 5474 dixit,
2389 5405 2801 5467 Primocreatus,
2831 5400 2924 5456 sed
2951 5397 3346 5468 Printogenitus.
3377 5392 3577 5450 Deinde
3603 5392 3651 5446 si

2133 5596 2148 5626 ⁸
2185 5599 2356 5641 Locum
2390 5587 2583 5651 uncinis
2603 5585 2817 5636 clausum
2827 5583 2917 5651 _sic_
2932 5581 3114 5651 habent
3136 5574 3424 5651 Comelin.
3439 5578 3500 5651 et
3517 5570 3647 5651 ἰξςῇ

2070 5632 3069 5714 1θδδ“ἴὲἓᾶἀιῖὶὶνὶὶἶάἶιιόἱιῖἑέᾇὲῐίηι·ίδίυίζέε
3085 5652 3103 5689 ε
3118 5632 3650 5714 saevaesaeuae!

2068 5696 2657 5773 in'iiiiviibitii;'iémiam'
2693 5696 2831 5773 illam
2873 5719 2974 5773 esse
3295 5696 3318 5749 7
3358 5706 3482 5773 [γαίη
3505 5696 3652 5747 etiam

2071 5758 2492 5843 Diiiiiiiihiigriiés
2507 5758 2633 5835 sunt,
2659 5758 2823 5823 eodem
2847 5769 2986 5820 modo
3007 5758 3332 5830 quo'christus
3354 5758 3379 5812 1’
