4064 6210
471 395 576 456 519

473 510 597 582 quia
627 499 1010 578 primogenitus
1024 502 1125 561 est,
1150 492 1296 546 illum
1321 494 1560 543 creatum
1590 477 1814 582 diuinis,
1835 471 2049 582 quid'di-

473 562 565 656 ges
591 562 966 668 qhandoillum
991 582 1224 640 audieris
1247 581 1461 634 fratrem
1483 571 1700 628 vocari?
1719 566 1926 624 Etenim
1953 562 2056 617 fra-

476 659 788 747 trem'illum
809 690 964 738 vocat
984 677 1254 745 Scriptura
1277 668 1572 726 secundum
1595 663 1774 718 omnia
1793 659 1945 715 nobis
1973 671 2057 710 as-

473 782 783 836 similatum.
812 775 1024 844 Ergone
1059 767 1178 823 ideo
1205 764 1352 818 illum
1369 759 1674 815 Creatorem
1694 767 1815 809 esse
1836 747 2056 819 negabi-

477 890 617 940 mus,
646 881 700 928 et
729 884 826 925 nec
851 865 1107 936 dignitate
1134 873 1306 929 neque
1331 855 1435 910 alio
1463 850 1713 922 qtmpiam
1734 845 1884 900 nobis
1907 849 2058 940 ante:

478 980 678 1038 ponere
707 955 1078 1032 dignabimur?
1101 951 1280 1021 ecquis
1302 955 1479 1002 mente
1509 942 1692 997 valens
1713 940 1814 993 hoc
1831 931 2062 990 dixerit?

475 1028 611 1114 i\’am
640 1028 789 1118 illud,
819 1046 1213 1118 Primogenitus,
1236 1055 1339 1095 non
1362 1036 1672 1108 dignitatem
1695 1039 1747 1085 et
1777 1028 2056 1088 honorem,

475 1149 571 1206 scd
591 1115 796 1214 tempus
815 1115 1016 1196 tantum
1039 1130 1366 1206 exprimitSi
1385 1143 1511 1198 ergo
1527 1120 1910 1196 primogenitus
1930 1115 2060 1170 nihil

478 1241 597 1311 plus
620 1206 780 1292 habet
800 1247 956 1304 qnam
986 1242 1082 1284 nos
1103 1247 1118 1292 ;
1148 1235 1305 1293 atque
1323 1222 1421 1275 hac
1446 1218 1652 1272 ratione
1676 1206 2060 1310 primogenitus

477 1299 560 1387 est
586 1330 849 1389 omnium,
881 1316 1349 1378 consubstantialis
1375 1313 1476 1367 erit
1503 1312 1639 1364 Deus
1663 1303 1894 1360 Verbum
1923 1299 2058 1369 lapi-

415 1453 418 1456 λ
479 1423 652 1486 dibus,
683 1417 838 1488 lignis
859 1424 912 1470 et
931 1411 1153 1481 reliquis
1179 1425 1191 1461 :
1225 1423 1346 1460 nam
1371 1405 1465 1468 ait,
1500 1396 1872 1468 I’rimogenitus
1898 1389 2062 1445 omnis

478 1523 739 1568 creaturis.
775 1511 843 1563 At
869 1503 1253 1577 primogenitus
1275 1540 1289 1564 ,
1337 1496 1562 1566 inquies,
1594 1491 1767 1545 dictus
1795 1495 1906 1550 cst;
1933 1497 2062 1552 ergo

480 1615 692 1662 creatus
717 1611 820 1657 est.
851 1600 995 1654 Bene
1033 1593 1274 1666 quidem,
1318 1591 1363 1643 si
1415 1603 1501 1641 res
1546 1585 1614 1637 ita
1647 1596 1704 1636 se
1735 1579 1976 1638 haberet,
2008 1583 2062 1628 et

483 1697 582 1750 nisi
614 1695 714 1748 alia
745 1691 935 1748 similia
964 1687 1220 1749 haberet,
1249 1676 1711 1748 ut,Primogenitus
1741 1687 1803 1725 ea:
1825 1668 2059 1730 mortuis,

479 1799 555 1854 et,
587 1783 962 1854 Primogenitus
987 1780 1038 1832 in
1065 1776 1235 1829 multis
1260 1771 1498 1842 fratribus
1531 1763 1662 1836 (Col.
1691 1765 1738 1818 l.
1776 1760 1874 1854 18.‘
1905 1758 2056 1854 llam.

481 1847 635 1934 8.'9.9
655 1877 700 1946 ).
737 1847 1087 1940 Dic,qu:eso,
1141 1862 1523 1935 primogenitus
1561 1873 1626 1912 ex
1686 1851 1908 1908 mortuis
1936 1847 2062 1918 quid

481 1969 780 2042 significat?
807 1966 920 2020 Non
949 1961 1093 2033 quod
1137 1959 1340 2029 primus
1371 1950 1685 2014 resurrexit,
1723 1947 1868 2000 dices
1913 1963 1924 1996 :
1956 1957 2061 1996 non

481 2031 624 2117 enim
655 2059 788 2114 dixit
818 2053 1132 2124 simpliciter
1155 2043 1505 2118 quorumdam
1537 2049 1891 2098 mortuorum,
1939 2031 2059 2095 sed,

484 2151 876 2222 Primogenitus
896 2161 963 2200 ex
1006 2141 1229 2196 mortuis
1261 2155 1275 2190 :
1307 2149 1477 2204 neque
1502 2131 1634 2186 dixit
1683 2142 1803 2182 eum
1837 2125 2062 2196 primum

481 2259 604 2298 esse
638 2220 926 2300 mortuum,
957 2234 1049 2289 sed
1082 2227 1490 2301 primogenitum
1518 2220 1816 2276 surrexisse
1836 2232 1900 2271 ex
1922 2229 2068 2269 mor-

487 2336 611 2389 tuis.
643 2329 1001 2400 Quamobrem
1061 2322 1192 2378 nihil
1243 2317 1386 2373 aliud
1431 2313 1710 2385 significat,
1753 2323 1910 2379 quam
1939 2322 2064 2362 eum

487 2427 652 2480 fuisse
700 2420 961 2492 primitias
1001 2411 1416 2471 resurrectionis
1441 2423 1473 2462 a
1504 2403 1749 2460 mortuis.
1782 2402 1920 2470 Ergo
1966 2412 2067 2453 nec

488 2517 573 2571 iiie
599 2513 796 2585 aliquid
822 2511 1094 2581 probatur.
1118 2503 1318 2560 Deinde
1339 2499 1641 2571 aggreditur
1663 2497 1834 2565 ipsum
1851 2493 2062 2562 dogma.

487 2610 618 2666 Nam
651 2583 718 2662 ne
748 2605 1116 2659 existimarent
1139 2613 1260 2653 eum
1303 2609 1421 2650 esse
1449 2591 1802 2647 recentiorem
1829 2602 1894 2642 eo
1924 2583 2067 2655 quod

487 2701 616 2755 olim
648 2696 859 2768 quidem
910 2692 1266 2747 adduceretur
1308 2702 1404 2756 per
1428 2683 1667 2754 angelos,
1701 2693 1842 2734 nunc
1889 2685 2068 2731 autem

488 2807 584 2861 per
607 2789 776 2858 ipsum
801 2805 814 2852 ;
843 2783 1076 2839 ostendit
1106 2780 1335 2851 primum
1365 2791 1458 2831 eos
1497 2773 1628 2828 nihil
1663 2771 1898 2841 potuisse
1923 2785 1937 2832 ;
1962 2782 2066 2820 non

487 2881 630 2937 enim
671 2880 785 2949 ipse
827 2875 1100 2931 eduxisset
1138 2887 1169 2926 e
1220 2868 1454 2924 tenebris
1488 2883 1499 2916 :
1531 2862 1818 2919 secundum
1853 2867 2065 2923 autem,

487 2972 630 3042 quod
659 2971 728 3024 sit
753 2979 874 3023 ante
918 2966 1083 3036 ipsos.
1135 2960 1286 3028 Quod
1315 2968 1493 3012 autem
1524 2957 1591 3008 sit
1615 2963 1738 3007 ante
1771 2953 1934 3021 ipsos,
1970 2949 2070 3001 hoc

489 3040 679 3134 probat
724 3067 1056 3131 argumento,
1106 3053 1244 3124 quod
1277 3051 1375 3120 ipsi
1402 3065 1495 3120 per
1539 3062 1660 3102 eum
1714 3046 1822 3098 sint
1865 3040 2067 3096 creati:

492 3158 747 3223 Quoniam
775 3155 825 3208 in
848 3154 978 3224 ipso,
1010 3148 1200 3218 inquit,
1223 3145 1428 3198 condita
1456 3151 1570 3195 sunt
1597 3138 1782 3207 omnia.

566 3247 762 3301 Paulus
781 3236 1376 3303 Samosatenus.-—-Quid
1389 3233 1668 3287 hicdicunt
1688 3228 1904 3283 assecla'.
1923 3225 2071 3281 Pauli

491 3335 866 3394 S.unosateni?
901 3332 1087 3388 Omnia
1116 3331 1167 3384 in
1201 3330 1315 3397 ipso
1345 3327 1476 3381 facta
1507 3338 1628 3379 esse
1656 3339 1670 3374 :
1703 3321 1901 3376 dictum
1931 3318 2072 3373 enim

493 3427 693 3493 fuit,ln
721 3429 828 3497 ipso
855 3424 1058 3479 condita
1083 3430 1198 3476 sunt
1225 3419 1412 3473 omnia.
1438 3415 1542 3470 Sed
1563 3429 1682 3485 quae
1711 3422 1835 3468 sunt
1857 3413 1906 3464 in
1929 3408 2074 3462 caelis

493 3534 546 3578 et
571 3536 688 3592 qua:
715 3529 837 3574 sunt
859 3517 910 3571 in
939 3526 1076 3570 terra
1106 3513 1277 3583 primo
1305 3509 1456 3564 dixit.
1479 3507 1553 3562 De
1582 3520 1685 3576 quo
1712 3513 1824 3557 erat
1851 3501 2074 3570 quaestio

494 3616 596 3667 hoc
623 3610 791 3682 primo
821 3608 988 3677 ponit.
1023 3603 1222 3659 Deinde
1251 3599 1518 3668 subjungit
1537 3639 1552 3662 ,
1583 3596 1809 3650 Visibilia
1838 3603 1882 3648 et
1900 3592 2077 3645 invisi-

492 3705 637 3758 bilia.
671 3701 955 3756 lnvisibilia
987 3697 1221 3750 animam
1251 3693 1401 3758 dicit,
1429 3690 1676 3753 visibilia,
1700 3702 1886 3742 omnes
1908 3683 2078 3739 homi-

495 3809 612 3848 nes.
644 3793 708 3860 Ει
745 3790 886 3860 quod
913 3790 964 3842 in
995 3787 1241 3840 confesso
1269 3793 1375 3849 est,
1407 3779 1692 3849 relinquit;
1727 3777 1875 3847 ponit
1901 3785 2078 3828 autem

495 3883 548 3938 id
573 3880 641 3935 de
669 3895 775 3949 quo
797 3879 1086 3933 dubitatur.
1120 3873 1238 3927 Sive
1278 3871 1491 3934 Throni,
1525 3869 1718 3938 inquit,
1749 3869 1850 3920 sive
1899 3864 2075 3917 Domi-

497 3973 748 4036 nationes,
778 3971 880 4022 sive
911 3965 1261 4034 Principatus,
1305 3963 1408 4015 sive
1435 3960 1737 4014 Potestates.
1771 3956 1922 4019 Illud,
1957 3956 2078 4020 sive,

497 4059 906 4132 comprehendit
935 4056 1265 4110 universum.
1299 4051 1525 4122 Spiritus
1554 4057 1730 4102 autem
1767 4062 1872 4101 non
1895 4060 2082 4100 nume-

497 4163 650 4210 ratur
697 4166 818 4208 cum
877 4146 1258 4210 Potestatibus,
1319 4141 1414 4198 sed
1465 4158 1493 4195 a
1525 4140 1713 4209 majori
1765 4139 1829 4192 ad
1875 4138 2080 4191 minora

493 4243 826 4302 ostendenda
855 4239 1178 4313 proceditur.
1223 4235 1428 4298 Omnia,
1477 4234 1666 4300 inquit,
1702 4247 1790 4301 per
1819 4231 2007 4298 ipsum,
2037 4237 2081 4281 et

494 4341 552 4394 in
577 4340 685 4409 ipso
710 4345 877 4391 creata
897 4341 1032 4386 sunt.
1063 4331 1198 4385 Ecce
1225 4326 1372 4391 illud,
1399 4323 1463 4378 In
1491 4325 1620 4392 ipso,
1641 4330 1723 4375 est
1753 4337 1846 4391 per
1867 4321 2036 4390 ipsum
2067 4337 2081 4374 :

499 4444 626 4484 nam
659 4442 779 4482 cum
807 4424 1050 4485 dixisset,
1078 4419 1144 4473 In
1175 4419 1308 4488 ipso,
1334 4414 1625 4483 Subjunxit,
1659 4411 1759 4466 Per
1798 4413 1984 4480 ipsum.
2016 4409 2085 4462 Il-

502 4518 595 4574 lud
618 4525 819 4582 autem,
843 4513 908 4567 In
939 4514 1068 4584 ipso,
1097 4509 1223 4580 quid
1246 4507 1363 4562 est?
1391 4505 1501 4559 Hoc
1525 4512 1629 4568 est,
1662 4503 1713 4556 in
1738 4502 1908 4570 ipsum
1957 4516 2084 4570 pen-

500 4611 596 4666 det
619 4608 857 4663 oxnnium
883 4602 1202 4659 substantia.
1233 4598 1346 4654 Non
1376 4597 1548 4652 solum
1580 4595 1695 4664 ipse
1736 4608 1799 4648 ea
1825 4608 1888 4646 ex
1919 4592 2086 4647 nihilo

502 4700 577 4756 ad
607 4699 708 4754 hoc
733 4706 789 4753 ut
812 4704 993 4752 essent
1023 4692 1267 4758 deduxit,
1319 4688 1415 4744 sed
1446 4688 1560 4758 ipse
1599 4699 1808 4755 quoque
1837 4698 1899 4738 ea
1948 4697 2090 4737 nunc

505 4794 784 4852 continet:
814 4792 1162 4862 quamobrem
1191 4787 1238 4842 si
1266 4792 1448 4841 essent
1483 4783 1686 4838 divulsa
1709 4783 1776 4836 ab
1819 4780 1934 4850 ejus
1960 4795 2089 4850 pro~

507 4888 765 4952 videntia,
794 4884 1141 4939 interiissent.
1170 4879 1278 4935 Sed
1320 4894 1424 4934 non
1468 4877 1622 4942 dixit,
1649 4874 1918 4936 Continet,
1948 4871 2091 4943 quod

507 4979 901 5041 eratcrassius;
921 4975 1014 5030 sed
1032 4972 1174 5044 quod
1199 4981 1282 5027 est
1310 4970 1575 5036 subtilius,
1594 4967 1648 5021 In
1674 4967 1845 5036 ipsum
1873 4965 2088 5036 pendet.

510 5073 698 5129 Solum
729 5069 795 5126 ad
822 5083 945 5124 eum
986 5079 1224 5120 annuere
1251 5071 1307 5119 et
1349 5061 1615 5126 inclinari,
1647 5059 1844 5114 sufficit
1864 5058 1928 5111 ad
1957 5071 2089 5112 con-

512 5165 789 5223 tinendum
813 5174 868 5220 ct
908 5156 1401 5227 constringendum.
1432 5155 1522 5209 Sic
1550 5153 1731 5219 etiam,
1771 5151 2089 5222 Primogeni-

514 5269 614 5326 tus,
643 5269 911 5328 tamquam
949 5252 1349 5308 fundamentum
1389 5249 1606 5304 dicitur.
1637 5247 1749 5301 Hoc
1777 5256 1955 5301 autem
1987 5259 2092 5299 non

512 5349 777 5420 signiﬁcat
812 5355 1084 5403 creaturas
1128 5358 1250 5399 esse
1287 5341 1527 5412 ejusdem
1582 5339 1851 5405 essentim,
1897 5339 1993 5394 sed
2039 5338 2093 5391 in

515 5447 632 5513 ipso
666 5454 787 5496 esse
812 5440 992 5494 omnia
1015 5479 1030 5505 ,
1085 5445 1140 5493 et
1168 5453 1264 5508 per
1302 5437 1496 5506 ipsum.
1532 5433 1662 5488 Nam
1694 5432 1821 5486 alibi
1849 5446 2093 5502 quoque,

513 5533 726 5605 quando
750 5532 910 5596 dicit,
941 5529 1355 5583 Fundamentum
1383 5527 1528 5598 posui
1571 5525 1656 5595 (i.
1710 5525 1828 5578 Cor.
1870 5524 1925 5578 3.
1958 5521 2058 5593 10)
2079 5563 2093 5589 ,

515 5639 623 5679 non
670 5623 798 5679 dicit
825 5621 894 5678 de
918 5623 1173 5688 essentia,
1209 5619 1305 5675 sed
1354 5619 1421 5673 de
1465 5617 1796 5688 operatione.
1846 5615 1977 5669 Nam
2032 5627 2098 5668 ne

517 5713 790 5768 existimes
815 5711 987 5781 ipsum
1017 5724 1138 5765 esse
1159 5709 1486 5771 ministrum,
1517 5707 1650 5761 dicit
1674 5707 1846 5776 ipsum
1876 5719 1940 5759 ea
1969 5718 2098 5758 con-

519 5802 718 5869 tinere,
756 5801 896 5871 quod
923 5815 1026 5856 non
1053 5809 1136 5856 est
1155 5800 1330 5855 minus
1350 5813 1506 5870 quam
1530 5796 1740 5852 fecisse.
1765 5795 2095 5863 Quamquam

1155 377 1212 433 S.
1253 369 1529 431 JOANNIS
1563 359 2040 424 CHRYSOSTOMI
2079 355 2395 413 ARCHIEP.
2436 358 2970 417 CONSTANTmop;

3645 371 3764 430 ἔξω

2170 469 2222 524 in
2253 469 2406 528 nobis
2434 481 2517 527 est
2546 474 2706 529 etiam
2738 475 2909 545 majus
2942 495 2956 530 :
2985 493 3108 532 nam
3151 478 3282 534 illud
3305 480 3520 550 quidem
3548 497 3635 538 ars
3662 487 3748 540 ln-

2168 563 2350 628 ducit,
2401 563 2502 620 hoc
2542 581 2668 621 vero
2699 582 3066 638 nequaquam;
3113 584 3286 641 neque
3325 573 3468 628 enim
3512 576 3751 634 continet

2169 654 2311 724 quod
2338 657 2540 714 interit.
2573 658 2638 710 Et
2668 659 2777 726 ipse
2801 669 2876 713 est
2901 669 3018 714 ante
3060 677 3253 726 omnes,
3311 665 3498 735 inquit.
3533 665 3646 721 Hoc
3668 679 3753 724 est

2171 745 2280 800 Deo
2329 748 2670 804 conveniens.
2699 749 2798 806 Ubi
2846 760 2930 806 est
2976 751 3170 808 Paulus
3211 752 3635 813 Samosateuus?
3686 759 3750 815 Et

2170 840 2342 892 omnia
2377 840 2429 892 in
2456 841 2566 910 ipso
2592 851 2824 896 constant
2855 859 2874 896 :
2898 843 3000 898 hoc
3030 855 3134 910 est,
3166 845 3220 900 ln
3258 847 3428 916 ipsum
3461 859 3586 904 sunt
3611 865 3743 905 eon-

2169 929 2300 983 dita.
2331 931 2556 986 Assidue
2580 932 2767 988 eadem
2798 944 2992 1002 versat,
3020 937 3305 993 verberum
3326 941 3749 1008 continuatione,

2173 1030 2440 1090 tamquam
2498 1023 2705 1078 crebris
2757 1025 3073 1094 quibusdam
3117 1029 3330 1096 ictibus,
3389 1034 3765 1102 perniciosum.

2170 1113 2362 1183 dogma
2389 1124 2636 1171 evertens
2667 1116 2942 1173 radicitus.
2972 1118 3103 1173 Nam
3133 1121 3177 1174 si
3207 1132 3259 1175 et
3283 1135 3387 1176 tam
3417 1124 3580 1177 multa
3609 1125 3751 1183 dicta

2170 1215 2316 1272 sunt,
2347 1214 2400 1261 et
2443 1215 2564 1275 post
2595 1215 2799 1262 tantum
2827 1217 3036 1279 tempus
3066 1220 3284 1267 exortus
3313 1222 3396 1268 est
3425 1213 3621 1268 Paulus
3651 1216 3751 1270 Sa-

2171 1307 2478 1353 mosatenus
2498 1316 2520 1364 ;.
2563 1311 2762 1369 quanto
2797 1303 2981 1372 magis,
3013 1303 3056 1356 si
3089 1303 3202 1359 haec
3231 1319 3335 1359 non
3367 1304 3589 1361 fuissent
3617 1322 3756 1376 prm-

2169 1388 2352 1443 dicta?
2400 1389 2468 1443 Et
2524 1391 2716 1457 omnia,
2771 1393 2961 1461 inquit,
2991 1393 3044 1446 in
3085 1411 3143 1447 eo
3187 1404 3437 1450 constant.
3473 1395 3756 1463 Quomodo

2171 1491 2417 1536 constant
2448 1483 2500 1536 in
2529 1498 2594 1538 eo
2632 1485 2722 1554 qui
2753 1501 2856 1541 non
2889 1490 3005 1543 est?
3050 1491 3408 1557 Quamobrem
3434 1500 3487 1547 et
3513 1508 3629 1563 quae
3660 1511 3756 1563 per

2172 1572 2393 1642 angelos
2416 1573 2567 1639 fiunt,
2594 1576 2708 1644 ejus
2729 1586 2874 1632 sunt.
2905 1578 2970 1632 Et
2998 1581 3105 1651 ipse
3129 1591 3200 1636 est
3225 1593 3379 1653 caput
3404 1586 3629 1654 corporis
3656 1585 3757 1640 Ec-

2170 1664 2356 1718 clesia’.
2398 1665 2684 1736 Postquam
2711 1669 2919 1726 dixerat
2944 1672 3011 1728 de
3037 1673 3312 1744 dignitate,
3340 1676 3593 1747 deinceps
3621 1679 3755 1735 dicit

2172 1755 2240 1811 de
2272 1755 2596 1826 benignitate
2621 1777 2632 1812 :
2659 1758 2780 1829 Ipse
2807 1771 2896 1830 est,
2927 1764 3115 1834 inquit,
3145 1777 3298 1837 caput
3318 1772 3547 1837 corporis
3572 1768 3754 1825 Eccle-

2171 1848 2279 1900 siw.
2333 1847 2447 1902 Non
2480 1849 2842 1918 dixitautem,
2906 1854 3291 1925 Plenitudinis,
3346 1860 3486 1914 idem
3536 1861 3758 1932 quidem

2172 1937 2500 2006 significans,
2525 1941 2618 1995 sed
2644 1942 2828 1998 volens
2853 1945 3136 2002 ostendere
3162 1963 3282 2002 eum
3315 1951 3466 2005 nobis
3490 1967 3610 2006 esse
3633 1967 3756 2007 con-

2169 2026 2489 2096 junctiurem
2516 2072 2531 2096 ,
2577 2032 2718 2100 quod
2766 2035 2855 2103 qui
2895 2044 2947 2090 et
2975 2037 3055 2092 sic
3093 2048 3175 2092 est
3217 2053 3377 2110 supra
3425 2051 3478 2096 ct
3507 2045 3760 2111 superior

2175 2119 2446 2186 omnibus,
2478 2122 2542 2176 iis
2566 2138 2625 2177 se
2647 2125 2923 2194 conjunxit
2949 2129 3037 2197 qui
3077 2139 3198 2185 sunt
3230 2131 3360 2185 infra
3390 2136 3589 2187 omnia.
3624 2134 3758 2190 Ubi-

2174 2225 2278 2280 que
2327 2213 2467 2266 enim
2515 2215 2719 2282 primus
2774 2226 2856 2272 est
2889 2237 2902 2272 :
2935 2234 3095 2288 supra
3142 2222 3381 2290 primus,
3422 2226 3472 2278 in
3513 2226 3767 2281 Ecclesia-

2176 2301 2412 2370 primus;
2447 2312 2529 2358 est
2571 2307 2711 2359 enim
2749 2317 2941 2376 caput;
2995 2311 3047 2364 in
3091 2317 3484 2370 resurrectione
3524 2318 3768 2387 primus.

2174 2389 2287 2446 Hoc
2308 2393 2446 2446 enim
2477 2393 2577 2459 sibi
2611 2396 2724 2451 vult
2751 2398 2900 2467 illud,
2929 2399 2996 2455 Ut
3028 2404 3092 2456 sit
3122 2404 3229 2473 ipse
3256 2407 3470 2477 primus.

2246 2485 2298 2539 '5.
2331 2486 2686 2552 Quamobrem
2720 2491 2770 2543 in
2807 2494 3150 2560 generatione
3178 2511 3389 2568 quoque
3420 2509 3502 2554 est
3531 2501 3756 2569 primus.

2177 2576 2246 2630 Et
2276 2576 2376 2631 hoc
2415 2580 2667 2649 estquod
2722 2581 2915 2637 Paulus
2963 2585 3192 2641 maxime
3221 2589 3400 2643 studet
3447 2592 3758 2650 ostendere.

2176 2669 2308 2722 Nam
2352 2671 2393 2723 si
2427 2671 2529 2726 hoc
2557 2672 2711 2726 fuerit
2737 2675 3037 2744 probatum,
3067 2679 3206 2748 quod
3247 2691 3389 2736 esset
3419 2692 3542 2738 ante
3570 2699 3760 2742 omnes

2177 2762 2427 2832 angelus;
2458 2764 2590 2819 illud
2618 2782 2830 2836 quoque
2855 2769 3008 2822 simul
3033 2770 3277 2838 infertur,
3311 2789 3430 2843 quae
3454 2785 3608 2831 erant
3641 2777 3763 2832 illo-

2180 2870 2298 2908 rum
2337 2870 2500 2924 opera
2532 2857 2701 2926 ipsum
2745 2859 2936 2916 l‘ecisse
2965 2864 3338 2933 imperantem.
3371 2869 3433 2921 Et
3484 2870 3624 2938 quod
3675 2881 3775 2926 est)

2179 2944 2511 3013 admirabile,
2542 2949 2594 3002 in
2620 2951 2898 3018 posteriori
2923 2956 3270 3023 generatione
3290 2959 3563 3013 contendit
3585 2960 3772 3029 ipsum

2183 3038 2410 3105 primum
2463 3042 2767 3099 ostendere.
2809 3047 3138 3116 Quamquam
3185 3049 3310 3104 alibi
3351 3053 3576 3120 primum
3633 3053 3772 3110 dicit

2182 3127 2372 3230 Adam,
2405 3131 2542 3185 sicut
2580 3141 2661 3186 est
2686 3149 2744 3188 re
2772 3151 2895 3190 vera
2918 3152 2932 3201 ;
2957 3137 3050 3192 sed
3077 3140 3285 3209 accepit
3326 3140 3619 3198 Ecclesium
3665 3161 3774 3215 pro;

2183 3225 2433 3276 universo
2483 3239 2684 3291 genere
2714 3225 3008 3282 hominum.
3057 3230 3151 3285 Est
3197 3233 3337 3286 enim
3368 3233 3623 3290 Ecclesiae
3648 3239 3764 3308 pri-

2181 3328 2334 3380 mus;
2367 3324 2422 3368 et
2471 3315 2744 3372 hominum
2776 3321 2986 3390 quidem
3015 3329 3284 3394 tamquam
3333 3328 3620 3382 creationis
3651 3332 3765 3398 pri-

2181 3421 2300 3462 mus
2325 3418 2408 3462 est
2437 3411 2726 3464 secundum
2759 3428 2973 3468 carnem
3005 3431 3020 3469 :
3051 3425 3102 3470 et
3153 3428 3432 3487 propterea
3482 3419 3569 3474 hic
3617 3424 3772 3490 ponit-

2185 3502 2616 3570 primogenitum.
2667 3502 2802 3568 Quid
2852 3513 2934 3559 est
2961 3505 3048 3560 hic
3077 3508 3496 3577 primogenitns?
3522 3509 3625 3576 Qui
3654 3514 3765 3580 pri-

2183 3607 2302 3648 mus
2323 3601 2405 3649 est
2428 3604 2658 3659 creatus,
2684 3604 2775 3650 aut
2799 3597 2888 3666 qui
2918 3599 3206 3653 resurrexit
3231 3611 3351 3654 ante
3376 3616 3596 3668 omnes;
3630 3603 3780 3659 sicut-

2185 3697 2240 3741 et
2283 3687 2424 3753 illic,
2476 3688 2574 3757 Qui
2614 3698 2698 3743 est
2740 3699 2865 3746 ante
2899 3706 3107 3747 omnes.
3138 3693 3205 3748 Et
3231 3693 3318 3749 hic
3345 3695 3558 3764 quidem
3590 3700 3768 3766 posuit

2186 3779 2468 3850 primitias,
2503 3781 2684 3836 dicens
2712 3784 2727 3814 ⁸
2762 3799 2774 3835 :
2809 3783 2909 3849 Qui
2936 3793 3008 3837 est
3049 3785 3375 3854 principium,
3409 3787 3782 3858 primogenitus-

2187 3889 2249 3926 cx
2274 3874 2505 3936 mortuis,
2539 3886 2592 3927 ut
2631 3875 2695 3929 sit
2725 3876 2777 3928 in
2825 3875 3053 3929 omnibus
3083 3876 3192 3945 ipse
3235 3879 3510 3948 primatum
3558 3887 3770 3944 tenens;

2187 3967 2478 4021 ostendens
2505 3968 2643 4037 quod
2673 3969 2761 4022 alii
2790 3984 3000 4038 quoque
3027 3976 3151 4023 sunt
3198 3969 3458 4039 ejusmodi
3490 3988 3504 4023 :
3540 3971 3646 4026 illic
3675 3987 3772 4025 au-

2191 4069 2293 4114 tem
2320 4075 2424 4114 non
2454 4068 2536 4114 est
2563 4062 2810 4129 primitiae
2838 4071 3116 4115 creaturm.
3149 4060 3217 4115 Et
3269 4061 3377 4115 illic
3416 4061 3628 4133 quidem
3655 4073 3772 4129 est,

2189 4151 2371 4224 Imago
2403 4153 2494 4207 Dei
2521 4155 2804 4219 invisibilis,
2831 4165 2885 4210 et
2911 4163 3056 4220 tunc,
3083 4154 3482 4226 Primogenitns.
3519 4157 3605 4212 19.
3640 4157 3772 4224 Quia

2189 4246 2240 4298 in
2264 4246 2372 4316 ipso
2395 4247 2700 4315 complacuit
2730 4262 2926 4299 onmem
2975 4248 3339 4317 plenitudinem
3381 4248 3630 4315 habitare,
3675 4249 3768 4304 20.

2189 4347 2234 4391 et
2264 4353 2352 4406 per
2378 4354 2488 4391 eum
2527 4339 2854 4392 reconciliare
2890 4339 3058 4390 omnia
3100 4339 3152 4391 in
3205 4340 3349 4408 ipso;
3377 4339 3657 4410 paciﬁcans
3687 4357 3776 4412 per

2191 4432 2488 4499 sanguinem
2519 4432 2680 4484 crucis
2713 4431 2843 4500 rjns,
2871 4431 2972 4484 sive
2990 4447 3101 4501 qua:
3134 4431 3187 4484 in
3222 4433 3387 4496 terris,
3431 4432 3534 4486 sive
3579 4449 3695 4502 qua:
3725 4436 3773 4488 in

2192 4524 2328 4578 oculis
2355 4533 2490 4577 sunt.
2519 4522 2898 4591 Quaecumque,
2926 4522 3113 4592 inquit,
3147 4531 3270 4576 sunt
3295 4523 3496 4590 Patris,
3529 4538 3594 4578 ea
3639 4540 3773 4594 quo-

2193 4632 2298 4686 que
2325 4624 2450 4669 sunt
2501 4613 2642 4679 Filii,
2695 4613 2851 4683 idque
2896 4613 3080 4684 majori
3110 4613 3307 4682 studio,
3339 4615 3479 4682 quod
3518 4624 3573 4669 et
3621 4614 3777 4670 fuerit

2195 4717 2474 4774 mortuus,
2531 4715 2585 4760 et
2631 4705 2785 4760 nobis
2815 4706 3048 4775 seipsum
3097 4705 3456 4774 conjunxerit.
3505 4705 3778 4759 Primitias

2196 4810 2372 4855 autem
2403 4799 2539 4853 dixit
2565 4806 2832 4867 tamquam
2861 4797 2928 4852 de
2975 4797 3146 4852 fructu
3191 4797 3392 4865 aliquo.
3445 4795 3561 4850 Non
3603 4795 3774 4859 dixit,

2196 4891 2573 4955 Resurrectio,
2630 4890 2761 4956 sed,
2819 4889 3107 4953 Primitiaz;
3165 4887 3456 4941 ostendens
3502 4886 3648 4956 quod
3682 4900 3782 4940 nos

2197 5000 2384 5040 omnes
2406 4982 2767 5048 sanctificarit,
2790 4991 2844 5036 et
2871 4990 3139 5050 tamquam
3160 4978 3476 5034 sacriﬁcium
3503 4978 3779 5033 obtulerit.

2199 5064 2588 5135 Plenitudinem
2617 5075 2685 5130 de
2704 5075 2981 5130 divinitate
3008 5074 3160 5137 dixit,
3191 5074 3328 5128 sicut
3357 5072 3570 5127 dicebat
3615 5071 3780 5125 Joan-

2200 5189 2295 5229 nes
2319 5190 2331 5226 :
2360 5172 2439 5226 De
2483 5168 2794 5245 plenitudine
2822 5170 2930 5236 ejus
2951 5183 3042 5220 nos
3066 5180 3236 5221 onmes
3265 5165 3551 5233 accepimus
3590 5162 3607 5232 (
3624 5161 3779 5215 Joan.

2202 5269 2255 5322 1.
2290 5267 2353 5321 l6
2375 5265 2417 5337 ).
2447 5263 2560 5320 lloc
2594 5271 2696 5330 est,
2724 5262 2848 5317 Sive
2876 5260 3042 5316 Filius
3066 5268 3200 5326 erat,
3226 5260 3336 5313 sive
3367 5256 3628 5324 Verbum,
3677 5255 3781 5310 illic

2203 5404 2233 5426 ν

2268 5427 2282 5456 ¹
2311 5424 2401 5473 ilic
2423 5423 2561 5471 locus
2591 5421 2660 5469 sic
2683 5419 2893 5467 habetur
2918 5416 2967 5464 in
2984 5415 3116 5465 Colb.
3142 5411 3566 5472 909,ῐ1υηο7-ίδ...
3615 5420 3782 5473 sectat-

2203 5471 2329 5538 dum
2338 5471 2538 5535 carnem
2567 5495 2584 5531 :
2606 5488 2860 5544 propterea
2883 5483 2926 5527 ct
2942 5477 3052 5544 illic
3072 5483 3117 5525 ct
3145 5475 3223 5544 hic
3242 5471 3394 5524 etiam
3438 5471 3784 5544 priutogenitu:

2203 5531 2500 5599 {balitntes}.
2527 5531 2649 5602 Quid
2673 5531 2740 5592 est
2758 5547 2918 5591 autent
2942 5531 3774 5602 1‘rimogenitus_omnis_creatum?

2205 5594 2389 5660 libita
2410 5594 2515 5668 pro,
2538 5594 2734 5654 Primus
2755 5610 2974 5668 creator;
3001 5594 3409 5658 quemadmodum
3430 5636 3444 5654 ,
3476 5594 3786 5668 Primogeni-

2206 5652 2288 5724 id;
2307 5652 2616 5726 éi'rﬁ'o'riuis,
2640 5671 2708 5728 est
2730 5678 2835 5727 pro,
2853 5663 2943 5722 Qui
2960 5652 3074 5712 ante
3097 5673 3268 5710 omnes
3281 5652 3602 5728 resurrexit;
3626 5652 3672 5705 ei
3693 5652 3788 5728 sic:

2207 5716 2282 5798 ἷιῗ
2299 5716 2564 5798 illicponit
2583 5716 2614 5785 .’
2641 5716 2739 5784 Qui
2759 5716 2834 5777 esi
2859 5716 2974 5776 ante
2997 5735 3169 5776 omnes
3189 5755 3204 5783 ,
3248 5721 3320 5774 sic
3353 5719 3497 5774 etiam
3529 5717 3611 5770 hic
3631 5716 3785 5777 paeni!

2205 5793 2441 5860 primitias
2467 5792 2648 5850 dicens,
2675 5798 2770 5838 etc.
