4072 6206
351 365 454 422 ὃίθ

337 481 688 551 πρωτότοκον
720 481 1000 550 λέγεσθαι,
1046 481 1292 536 ἐκτίσθαι
1320 483 1481 536 αὑτὸν
1509 484 1636 552 φὴς,
1668 481 1721 534 τί
1751 480 1932 550 είπῃς.

338 563 492 640 [344]
519 565 649 618 ὅταν
678 566 909 635 ἀδελφὸν
954 565 1116 620 αὐτὸν
1145 565 1412 638 ἀκούσητε
1451 567 1782 636 λεγόμενον;
1828 565 1936 616 Καὶ

335 649 447 720 γὰρ
475 649 711 717 ἀδελφὸν
741 648 911 702 αὑτὸν
949 648 1161 718 καλεῖὴ
1189 650 1379 720 Γραφὴ
1418 649 1560 702 κατά
1594 648 1770 702 πάντα
1805 648 1935 716 ἡμῖν

332 731 698 802 ὁμοιωθέντα.
734 727 883 801 *Δρα
926 727 1020 784 οῦν
1070 731 1158 784 διὰ
1194 731 1353 785 τοῦτο
1401 733 1496 784 καὶ
1523 731 1584 782 τὸ
1609 725 1748 783 εἶναι
1773 728 1935 781 αὑτὸν

330 813 672 883 δημιουργὸν
718 815 1124 884 ἀφαιρήσομεν,
1173 815 1269 866 καὶ
1314 812 1437 866 οὔτε
1478 811 1776 882 ἀξιώματι,
1810 811 1933 864 οτιτε

331 897 608 967 άλλῳτινὶ
631 896 882 967 προέχειν
902 896 1058 966 ήμῶν
1084 895 1389 966 ἀξιώσομεν
1413 913 1427 960 ;
1458 897 1553 948 καὶ
1569 897 1651 958 τίς
1683 894 1755 947 ἀν
1775 893 1934 946 τοῦτο

330 979 447 1032 τῶν
480 978 604 1032 νοῦν
634 979 868 1049 ἐχόντων
894 979 1073 1043 εἴποις
1118 978 1192 1030 T0
1231 978 1341 1048 7&9
1369 979 1770 1045 Πρωτότοκος,
1813 977 1933 1046 οὐχὶ

331 1062 495 1127 ἀξίας
533 1062 629 1114 καὶ
667 1062 853 1131 τιμῆς,
901 1061 1038 1114 ἀλλά
1072 1061 1265 1130 χρόνου
1323 1061 1482 1129 μόνον
1522 1060 1638 1112 ἐστὶ
1668 1075 1933 1129 σημαντιο

333 1145 452 1198 κόν.
497 1143 598 1197 Ἂν
643 1143 823 1197 τοίνυν
858 1144 1018 1196 πλέον
1059 1143 1220 1214 ἡμῶν
1257 1143 1411 1196 οὐδὲν
1445 1143 1566 1214 ἔχῃ.
1608 1142 1748 1211 τάχα
1789 1139 1932 1194 κατά

333 1227 527 1281 τοῦτον
601 1226 692 1280 τὸν
755 1225 916 1294 λόγον
981 1226 1202 1280 πάντων
1243 1227 1362 1278 ἐστὶ⁵
1417 1224 1760 1296 πρωτότοκος
1783 1265 1797 1288 ,
1840 1223 1932 1275 καὶ

331 1311 624 1382 δμοούσιος
658 1309 810 1362 ἔσται
852 1310 881 1361 0
922 1309 1056 1372 Θεὸς
1096 1309 1270 1376 Λόγος
1311 1308 1409 1361 καὶ
1450 1306 1613 1360 λίθων
1640 1306 1734 1360 καὶ
1762 1305 1932 1370 ξύλων

333 1393 570 1446 καὶτῶν
601 1392 843 1446 λοιπῶνο
886 1393 1265 1460 Πρωτότοκος
1313 1392 1458 1461 γὰρ,
1508 1389 1678 1458 φησὶ,
1727 1386 1932 1454 πάσης

333 1478 612 1543 κτίσεως.
645 1475 808 1528 Ἀλλά
853 1475 1196 1546 πρωτότοκος
1227 1474 1463 1544 εἴρηται,
1508 1472 1670 1542 φησίν
1689 1485 1703 1498 θ
1735 1470 1931 1524 οὐκοῦν

333 1561 610 1614 εκτισται.
649 1557 868 1621 Καλῶς,
908 1558 1002 1610 ἐὰν
1029 1556 1190 1610 τοῦτο
1231 1551 1290 1629 ᾖ,
1329 1555 1421 1608 καὶ
1470 1554 1546 1625 μὴ
1584 1553 1788 1621 ἀδελφά
1812 1571 1933 1606 τινα

334 1643 434 1713 ἔχῃ
458 1644 555 1695 καὶ
573 1641 728 1706 ἄλλα,
765 1634 877 1693 οἷον
901 1640 983 1704 τὸ,
1019 1639 1401 1706 Πρωτότοκος
1417 1637 1485 1690 ἐκ
1505 1636 1752 1704 νεκρῶν,
1776 1650 1930 1703 πρω-

334 1727 586 1789 τότοκος
621 1726 692 1779 ἐν
721 1723 976 1790 πολλοῖς
1004 1723 1310 1792 ἀδελφοῖς.
1357 1721 1451 1786 Τὸ,
1494 1721 1839 1792 πρωτότοκος
1868 1722 1932 1773 ἐκ

332 1807 447 1863 τῶν
478 1807 712 1879 νεκρῶν,
742 1806 886 1869 τίνος
926 1806 1045 1858 ἐστὶ
1064 1805 1384 1876 δηλωτικὸν,
1421 1804 1542 1857 είπέ
1576 1821 1699 1873 μοι;
1732 1803 1805 1855 Οὐ
1825 1803 1930 1874 7&9

333 1891 460 1956 τοῦ,
494 1891 579 1944 ὃτι
608 1890 820 1960 πρῶτος
858 1889 1078 1958 ἀνέστη,
1106 1890 1250 1958 ἐρεῖς
1270 1905 1284 1919 ’
1310 1887 1371 1941 οὐ
1406 1887 1514 1957 γὰρ
1560 1883 1714 1938 εἶπεν
1745 1885 1931 1949 ἁπλῶς

331 1971 578 2044 νεκρῶν,
615 1971 748 2026 ἀλλά
796 1971 1141 2042 πρωτότοκος
1172 1972 1237 2024 ἐκ
1265 1969 1374 2024 τῶν
1412 1968 1622 2040 νεκρῶν
1647 1985 1659 1999 °
1693 1969 1814 2021 ούδέ
1849 1968 1932 2020 ὅτι

331 2054 584 2108 ἀπέθανε
601 2053 842 2124 πρῶτος,
885 2053 1000 2106 ἀλλ’
1031 2053 1114 2106 ὅτι
1141 2051 1484 2123 πρωτότοκος
1511 2053 1574 2104 ἐκ
1598 2051 1704 2103 τῶν
1723 2050 1932 2120 νεκρῶν

331 2137 564 2208 ἀνέστη.
605 2139 772 2190 Ὠστε
811 2137 962 2190 οὐδὲν
1011 2136 1198 2208 ἕτερον
1247 2136 1414 2206 δηλοῖ,
1448 2135 1481 2207 ἢ
1517 2134 1695 2198 τοῦτο,
1727 2135 1808 2186 ὅτι
1832 2134 1932 2203 τῆς

333 2221 692 2282 ἀναστάσεως
721 2219 944 2291 ἀπαρχὴ
985 2221 1226 2288 γέγονεν.
1274 2219 1482 2272 Οὐκοῦν
1518 2219 1639 2272 οὐδὲ
1673 2219 1928 2272 ἐνταῦθα.

335 2301 674 2357 Εἷταλοιπὺν
707 2301 955 2372 ἐμϐαίνει
978 2304 1058 2365 είς
1073 2302 1134 2354 τὸ
1163 2301 1339 2370 δόγμα
1389 2301 1543 2355 αὑτό.
1575 2301 1697 2354 Ἵνα
1720 2300 1830 2371 γὰρ
1857 2300 1930 2371 μὴ

334 2386 606 2453 νομίσωσι
654 2385 921 2456 νεώτερον
949 2385 1111 2438 αὑτὸν
1137 2381 1296 2450 εἶναι,
1337 2385 1425 2438 διὰ
1454 2385 1516 2438 τὺ
1541 2385 1708 2439 πάλαι
1742 2386 1841 2455 μὲν
1864 2384 1930 2438 δι’

333 2469 591 2536 ἀγγέλων
635 2467 1030 2538 προσάγεσθαι,
1083 2467 1178 2522 νῦν
1222 2468 1280 2521 δὲ
1331 2469 1397 2521 δι’
1449 2468 1637 2532 αὑτοῦ,
1692 2469 1931 2521 δείκνυσι

333 2551 594 2624 πρῶτον,
643 2551 726 2604 ὃτι
765 2550 916 2604 οὐδὲν
955 2551 1184 2621 ίσχυσαν
1225 2553 1458 2604 ἐκεῖνοι·
1500 2551 1563 2603 οὐ
1597 2550 1706 2620 709
1737 2550 1802 2603 ἂν
1824 2549 1932 2602 ἀπὸ

334 2635 570 2698 σκότους
605 2629 760 2697 οὗτος
800 2633 976 2702 ἦγαγε
1001 2650 1015 2664 ·
1043 2633 1314 2704 δεύτερον,
1347 2635 1430 2687 ὅτι
1476 2633 1569 2686 καὶ
1603 2632 1711 2702 πρὸ
1751 2631 1931 2686 αὐτῶν

332 2719 480 2771 ἐστι.
515 2717 627 2772 Καὶ
655 2719 881 2787 σημεῖον
913 2719 1145 2770 ποιεῖται
1184 2717 1280 2769 τοῦ
1334 2717 1438 2788 πρὸ
1460 2717 1640 2770 αὐτῶν
1678 2711 1840 2780 εἶναι,
1871 2716 1932 2769 τὸ

331 2802 401 2856 δι’
450 2801 621 2855 αὑτοῦ
647 2800 846 2862 αὐτοὺς
901 2799 1183 2853 ἐκτίσθαι·
1237 2801 1356 2852 Ὅτι
1399 2800 1469 2854 ἐν
1504 2799 1704 2868 αὐτῷ,
1742 2801 1926 2870 φησὶν,

331 2885 592 2951 ἐκτίσθη
617 2882 690 2936 τὰ
714 2882 933 2936 πάντα.

405 2967 478 3020 Τί
495 2967 746 3036 λέγουσιν
767 2965 999 3018 ἐνταῦθα
1030 2966 1078 3018 οἱ
1107 2964 1173 3018 τά
1199 2964 1409 3018 Παύλου
1429 2963 1524 3017 τοῦ
1568 2963 1931 3033 Σαμοσατέως

333 3050 703 3121 φρονοῦντες;
748 3050 873 3103 Ὅτι
904 3049 970 3101 τὰ
991 3049 1170 3102 πάντα
1217 3050 1274 3100 ὲν
1318 3046 1466 3117 αὐτῷ
1507 3047 1752 3115 γέγονεν.
1797 3047 1928 3101 Ἰδοὺ

332 3133 456 3202 γὰρ
482 3132 730 3202 εῐρηται,
785 3131 912 3186 Ὅτι
956 3131 1028 3184 ἐν
1069 3129 1230 3194 αὑτῷ
1288 3130 1534 3196 ἐκτίσθη
1594 3129 1667 3182 τὰ
1709 3127 1926 3182 πάντα.

344 3215 518 3268 Ἀλλά
542 3216 610 3268 τά
633 3217 689 3267 ἐν
709 3217 820 3276 τοῖς
849 3214 1118 3282 οὐρανοῖς,
1151 3213 1246 3265 καὶ⁵
1273 3211 1344 3264 τὰ
1370 3213 1462 3264 ἐπὶ
1489 3214 1588 3281 τῆς
1618 3211 1722 3280 γῆς
1751 3207 1925 3265 εἶπεν.

335 3299 525 3369 Ὅπερ
547 3295 1066 3366 ἀμφισϐητούμενον
1101 3291 1189 3364 ἦν,
1237 3294 1454 3364 πρῶτον
1503 3293 1767 3347 τέθεικεν.
1793 3288 1929 3346 Εἶτα

332 3382 562 3448 ἐπάγει,
595 3379 672 3434 Τὰ
696 3380 879 3448 δρατὰ
895 3378 992 3432 καὶ
1014 3381 1084 3432 τὰ
1114 3379 1362 3445 ἀόρατα,
1396 3377 1606 3448 ἀόρατα
1627 3377 1725 3449 τὴν
1749 3377 1928 3448 ψυχὴν

330 3464 539 3532 λέγων,
581 3462 751 3534 ὁρατά
793 3461 1000 3524 πάντας
1038 3459 1379 3532 ἀνθρώπους.
1427 3460 1538 3513 Καὶ¹
1573 3461 1633 3513 τὸ
1673 3461 1772 3530 μὲν
1797 3463 1927 3528 ὀμο-

331 3546 668 3616 λογούμενον
701 3543 923 3614 ἀφίησι,
968 3543 1029 3596 τὸ
1075 3543 1132 3596 δέ
1167 3541 1644 3613 ἀμφιὸαλλόμενον
1691 3542 1921 3613 τίθησιν.

335 3625 486 3684 Εἶτά
533 3644 727 3699 φησιν,
767 3629 907 3680 Ehe
951 3627 1178 3695 θρόνοι,
1234 3625 1356 3678 εἴτε
1380 3626 1744 3693 κυριότητες,
1804 3627 1926 3680 εἴτε

333 3713 546 3783 ἁρχαὶ,
577 3714 696 3766 εἴτε
723 3711 1020 3776 ἐξουσίαι.
1073 3710 1145 3762 Τὸ
1165 3750 1180 3774 ,
1214 3709 1373 3774 Εἴτε,
1409 3708 1505 3761 τοῦ
1542 3711 1742 3772 παντὸς
1772 3727 1925 3780 περι-

331 3797 605 3866 ληπτικόν
636 3797 772 3848 ἐστι.
815 3794 890 3846 Τὸ
914 3795 971 3846 δέ
1006 3794 1230 3862 Πνεῦμα
1263 3792 1324 3845 ού
1369 3791 1508 3862 μετά
1527 3791 1636 3844 τῶν
1665 3791 1922 3856 ἐξουσιῶν

328 3879 726 3952 ἀριθμοῦντος,
772 3877 908 3931 ἀλλά
931 3876 1039 3930 ἀπὸ
1067 3875 1174 3929 τῶν
1207 3875 1465 3945 μειζόνων
1493 3876 1586 3928 καὶ
1622 3874 1689 3928 τὰ
1718 3875 1921 3930 ἐλάττω

327 3965 646 4027 δεικνύντος
687 3963 826 4016 ἐστί.
890 3960 969 4015 Τὰ
1003 3959 1222 4022 πάντα,
1261 3959 1414 4028 φησὶ,
1469 3958 1543 4012 δι’
1578 3959 1786 4022 αὑτοῦ,
1821 3961 1920 4014 καὶ

328 4051 417 4115 είς
439 4047 633 4101 αὐτὸν
668 4045 959 4099 ἔκτισται.
1039 4043 1170 4096 Ἰδοὺ
1201 4041 1284 4107 τὸ,
1326 4041 1422 4094 Ἐν
1447 4038 1625 4104 αὐτῷ,
1654 4041 1720 4093 δι’
1757 4041 1919 4094 αὑτοῦ

328 4133 505 4184 ἐστιν.
561 4127 748 4182 Εἰπὼν
777 4127 906 4199 γάρ,
938 4128 1034 4180 Ἐν
1062 4126 1242 4191 αὐτῷ,
1290 4125 1556 4194 ἐπήγαγε,
1598 4123 1680 4176 Δι’
1708 4123 1915 4178 αὑτοῦ.

327 4214 402 4267 Τὸ
455 4212 538 4276 δὲ,
587 4213 693 4276 Εἰς
737 4211 944 4274 αὑτὸν,
983 4208 1036 4261 τί
1067 4210 1214 4272 ἐστι;
1283 4206 1587 4271 Τουτέστιν,
1639 4207 1720 4268 είς
1759 4207 1920 4261 αὐτὸν

327 4297 618 4367 κρέμαται
644 4297 678 4365 ἡ
700 4295 914 4347 πάντων
941 4292 1258 4352 ὑπόστασις.
1287 4289 1360 4341 Οὐ
1395 4288 1555 4358 μόνον
1587 4288 1747 4350 αὐτὸς
1783 4289 1920 4342 αὐτὰ

329 4383 394 4434 ἐκ
417 4379 522 4433 τοῦ
556 4378 632 4450 μὴ
672 4377 826 4440 ὄντος
862 4378 942 4439 εἰς
977 4375 1038 4428 τὸ
1087 4369 1228 4428 εἶναι
1270 4373 1614 4441 παρήγαγεν,
1651 4371 1787 4423 ἀλλὰ
1826 4373 1920 4426 καὶ¹

329 4463 498 4525 αὐτὸς
532 4463 672 4514 αύτά
705 4461 1002 4528 συγκρατεῖ
1029 4457 1144 4511 νῦν⁸
1179 4458 1318 4510 ὥστε
1365 4454 1432 4508 ἂν
1463 4453 1790 4526 ἀποσπασθῇ
1820 4455 1920 4524 τῆς

328 4547 506 4600 αὐτοῦ
532 4544 810 4616 προνοίας,
842 4541 1088 4595 ἀπόλωλε
1128 4541 1222 4594 καὶ
1252 4538 1592 4608 διέφθαρται.
1637 4537 1778 4590 Ἀλλ’
1819 4539 1920 4592 οὐκ

327 4625 479 4694 εἷπε,
506 4628 810 4698 διακρατεῖ,
847 4627 984 4696 ὅπερ
1005 4621 1072 4696 ἧν
1105 4623 1429 4694 παχύτερον,
1468 4621 1603 4675 ἀλλά
1639 4621 1698 4674 τὸ
1727 4621 1915 4674 λεπτό-

327 4729 514 4780 τερον,
543 4712 626 4764 ὅτι
666 4711 744 4771 είς
786 4707 950 4760 αὐτὸν
1000 4708 1292 4777 κρέμαται.
1354 4705 1531 4759 Μόνον
1559 4705 1666 4775 709
1691 4705 1752 4758 τὸ
1783 4706 1918 4776 πρὸς

326 4795 497 4847 αὑτὸν
517 4792 712 4856 νεύειν,
740 4791 920 4844 ἱκανὸν
938 4791 1296 4860 διακρατῆσαι
1318 4789 1412 4841 καὶ
1433 4788 1739 4857 συσφίγξαι.
1763 4788 1918 4842 Οὕτω

245 4879 267 4898 ⁸
328 4878 425 4929 καὶ
451 4875 536 4938 τὸ,
571 4877 971 4942 Πρωτότοκος,
1005 4874 1081 4935 ὡς
1111 4872 1358 4941 θεμέλιος
1385 4871 1616 4939 λέγεται.
1665 4871 1834 4924 Τοῦτο
1859 4871 1916 4924 δὲ

326 4958 389 5010 οὗ
423 4955 580 5029 [545]
615 4957 677 5009 τὸ
716 4955 1000 5025 ὁμοούσιον
1047 4953 1160 5006 τῶν
1202 4953 1537 5022 κτισμάτων,
1587 4953 1723 5006 ἀλλὰ
1751 4955 1810 5006 τὸ
1849 4954 1915 5007 δι’

329 5040 500 5094 αὐτοῦ
553 5039 731 5092 πάντα
781 5034 941 5103 εἶναι,
990 5037 1084 5091 καὶ¹
1127 5039 1185 5089 ἐν
1223 5035 1372 5105 αὑτῷ
1413 5036 1583 5105 δηλοῖ.
1617 5035 1778 5090 Οὕτω
1821 5038 1916 5091 καὶ

331 5123 568 5193 ἀλλαχοῦ
597 5125 725 5178 ὅταν
759 5123 916 5194 λέγῃ.
947 5121 1232 5191 Θεμέλιον
1260 5119 1510 5184 τέθεικα,
1550 5122 1611 5173 ού
1657 5120 1788 5192 περὶ
1816 5121 1916 5191 τῆς

327 5207 519 5270 οὐσίας
548 5207 734 5276 φησὶν,
771 5206 906 5258 ἀλλὰ
937 5205 1036 5275 τῆς
1060 5204 1360 5276 ἐνεργείας.
1389 5205 1506 5256 Ἵνα
1534 5204 1641 5275 γάρ
1671 5204 1744 5274 μὴ
1770 5205 1916 5274 νομί-

333 5305 434 5360 σῃς
467 5291 746 5361 ὑπηρέτην
779 5286 918 5342 εἶναι
951 5289 1133 5352 αὐτὴν,
1187 5287 1371 5358 φησὶν,
1409 5286 1572 5340 αὐτὸν
1609 5286 1748 5340 αὑτά
1795 5286 1910 5340 δια-

329 5487 647 5551 Σαμοσατέῳς
668 5488 969 5551 φρονοῦντεςς
1011 5489 1069 5536 τὰ
1093 5489 1139 5537 ἐι
1162 5488 1259 5540 τοῖς
1279 5487 1508 5550 οὐρανοῖς,
1532 5487 1908 5551 ὅπερ-ἀμφισϐη-

328 5547 555 5612 τούμενον
574 5548 651 5607 ἦν,
675 5547 862 5612 πρῶτον
879 5553 1074 5608 τέθεικε,
1106 5551 1187 5612 καὶ
1208 5551 1266 5595 τὰ
1289 5547 1363 5596 ἐπὶ
1383 5556 1468 5612 τῆς
1490 5555 1589 5608 γῆς.
1615 5547 1753 5612 Εἶτα,
1771 5549 1903 5608 φησί,

327 5610 496 5674 καὶτά
531 5611 680 5674 ῥοατά
705 5609 786 5674 καὶ
829 5612 1023 5674 ἀόρατα·
1073 5611 1329 5674 οἱον-ψυχή
1374 5609 1427 5674 ἐν
1449 5611 1658 5674 μούρανῴ
1701 5610 1902 5674 γέγονεν·

331 5671 501 5741 ὁρατὰ,
525 5671 624 5741 οίον
651 5676 694 5719 οἱ
737 5670 990 5741 ἅνθρωποι,
1034 5674 1060 5719 0
1091 5670 1339 5741 Ἠλίας,ξό
1369 5670 1571 5725 Παῦλος.
1598 5671 1708 5717 Εἴτε
1731 5671 1901 5741 θρόνοι,

331 5733 494 5839 Each,
528 5733 621 5779 εἶτε
655 5734 941 5792 κυριότητες.
985 5737 1139 5790 Quam
1184 5733 1448 5782 leuioncm
1498 5737 1698 5781 svculus
1742 5733 1902 5780 fuerat

377 5799 605 5839 cnuanus
630 5793 874 5839 Henetus
896 5793 1159 5839 intermes.

377 5793 605 5842 cntianus
630 5793 874 5842 Hel-Vetus
896 5793 1159 5853 interpres.

1290 366 1355 422 IN
1399 366 1617 424 EPIST.
1653 364 1746 420 AD
1783 361 2072 419 COLOSS.
2104 365 2253 421 CAP.
2287 363 2327 421 1.
2365 365 2600 422 HOMIL.
2642 367 2730 423 111.

3512 374 3623 432 320

2041 483 2286 548 κρατεῖν,
2317 482 2455 552 ὅπερ
2475 483 2572 552 οὐχ
2601 477 2764 553 ἦττον
2787 481 2880 534 τοῦ
2906 483 3126 554 ποιῆσαί
3154 485 3290 537 ἐστι.
3310 485 3500 540 Καίτοι
3530 490 3587 546 ἐς

2037 564 2192 630 ἡμῶν
2224 566 2318 617 καὶ
2359 564 2543 634 μεῖζον
2563 583 2576 596 ⁸
2607 567 2783 619 ἐκεῖνο
2831 565 2932 636 μὲν
2971 564 3078 639 γὰρ
3107 569 3141 637 ἡ
3190 567 3352 638 τέχνη
3384 572 3618 639 εἰσάγει,

2034 645 2192 700 τοῦτο
2217 647 2273 701 δέ
2302 649 2522 702 οὐκέτι·
2557 649 2678 703 ούδέ
2713 651 2823 721 7&9
2857 649 3210 723 φθειρόμενον
3240 653 3478 723 κατέχει.
3507 656 3614 709 Καὶ

2035 732 2217 797 αὐτός
2241 731 2370 786 ἐστι
2394 733 2509 800 πρὸ
2537 731 2798 799 πάντων,
2824 734 2975 804 φησί.
3003 733 3172 789 Τοῦτο
3195 735 3314 805 Θεῷ
3356 736 3615 807 ἁρμόζον.

2037 813 2146 867 Ποῦ
2179 815 2389 879 Παῦλος
2420 816 2449 867 0
2478 818 2861 886 Σαμοσατεύς;
2919 819 3027 872 Καὶ
3052 820 3124 872 τὰ
3151 819 3347 873 πάντα
3371 822 3442 874 ἐν
3460 822 3619 886 αὐτῷ

2037 899 2401 966 συνέστηκε’
2429 902 2726 966 τουτέστιν,
2759 905 2837 966 εἰς
2863 903 3025 958 αὑτὸν
3056 903 3320 958 ἔκτισται.
3372 904 3620 976 Συνεχῶς

2035 981 2176 1035 αύτά
2219 984 2461 1054 στρέφει,
2505 987 2570 1054 τῇ
2610 985 2864 1057 συνεχείᾳ
2897 985 3006 1039 τῶν
3063 989 3325 1056 ῥημάτων
3367 989 3620 1058 καθάπερ

2033 1067 2266 1127 πυκναῖς
2282 1083 2394 1118 τισι
2407 1066 2641 1136 πληγαῖς
2681 1066 2974 1139 πρόρριζον
3006 1069 3264 1122 ἀνασπῶν
3282 1070 3343 1122 τὸ
3363 1070 3538 1140 δόγμα
3559 1072 3620 1124 τὺ
3689 1077 3694 1082 '

2033 1144 2298 1217 ὀλέθριον.
2323 1149 2385 1200 Et
2401 1150 2506 1220 γὰρ
2525 1150 2619 1202 καὶ
2630 1150 2866 1203 τοσαῦτα
2903 1151 3138 1222 εἴρηται,
3159 1153 3251 1204 καὶ
3271 1154 3409 1222 μετά
3427 1154 3619 1206 τοσοῦ-

2033 1245 2125 1281 τον
2143 1230 2332 1300 χρόνον
2355 1232 2524 1300 ἀνέφυ
2550 1231 2762 1295 Παῦλος
2779 1235 2805 1286 0
2831 1235 2903 1286 Σα
2914 1237 3199 1304 μοσατεὺς,
3228 1237 3378 1305 πόσῳ
3397 1237 3616 1305 μᾶλλον,

2034 1314 2082 1364 εί
2105 1313 2178 1382 μὴ
2199 1313 2372 1366 ταῦτα
2388 1315 2680 1386 προείρητο
2697 1333 2711 1381 ;
2733 1319 2835 1370 Καὶ
2855 1319 2926 1371 τὰ
2945 1317 3161 1383 πάντα,
3180 1323 3361 1390 φησὶν,
3375 1321 3444 1374 ἐν
3459 1319 3619 1386 αὐτῷ

2033 1392 2394 1458 συνέστηκε.
2425 1394 2548 1457 Πῶς
2579 1397 2907 1465 συνέστηκεν
2947 1399 3004 1450 ἐν
3035 1399 3114 1468 τῷ
3143 1401 3242 1453 ούκ
3267 1400 3380 1453 δντι
3406 1419 3420 1467 ;
3453 1401 3616 1454 Ὥστε

2033 1473 2128 1526 καὶ
2154 1475 2223 1526 τὰ
2253 1474 2323 1528 δι’
2355 1475 2600 1542 ἀγγέλων
2627 1477 2790 1530 αὑτοῦ
2823 1482 2958 1532 ἐστι.
2999 1480 3109 1533 Καὶ
3148 1483 3330 1547 αὐτός
3373 1485 3548 1536 ἐστιν
3573 1485 3611 1552 ἠ

2032 1556 2266 1625 κεφαλὴ
2289 1557 2397 1610 τοῦ
2419 1558 2692 1627 σώματος
2715 1559 2826 1628 τῆς
2854 1563 3243 1629 Ἐκκλησίας.
3275 1565 3456 1618 Εἰπὼν
3487 1567 3618 1636 ’περὶ⁵

2031 1639 2130 1708 τῆς
2155 1638 2333 1705 ἀξίας,
2363 1639 2511 1708 λέγει
2541 1641 2727 1695 λοιπὸν
2756 1643 2850 1694 καὶ
2885 1645 3014 1712 περὶ
3047 1645 3143 1713 τῆς
3182 1646 3612 1717 φιλανθρωπίας.

2031 1722 2224 1787 Αὐτός
2268 1721 2421 1786 ἐστι,
2470 1724 2654 1792 φησὶν,
2697 1725 2734 1791 ἡ
2781 1727 3016 1794 κεφαλὴ
3054 1727 3159 1780 τοῦ
3207 1727 3481 1797 σώματος
3503 1730 3616 1798 τῆς
3653 1773 3665 1787 .

2046 1805 2424 1872 Ἐκκλησίας.
2457 1807 2569 1860 Οὐκ
2603 1803 2745 1870 εἷπε,
2785 1808 2880 1862 τοῦ
2920 1809 3304 1879 πληρώματος,
3339 1813 3471 1865 αὐτὸ
3516 1814 3615 1883 μὲν

2033 1885 2189 1940 τοῦτο
2233 1889 2329 1942 καὶ
2371 1888 2514 1942 οὕτω
2561 1890 2754 1957 δηλῶν,
2796 1891 2964 1944 θέλων
3001 1892 3059 1945 δὲ
3118 1893 3249 1962 ἡμῖν
3288 1894 3614 1964 οἰκειότερον

2033 1969 2202 2035 δεῖξαι
2231 1971 2414 2038 αὑτὸν,
2450 1974 2584 2026 ὃτιὸ
2604 1973 2779 2037 οὕτως
2803 1975 2914 2028 ἄνω
2946 1975 3038 2028 καὶ
3069 1975 3287 2030 πάντων
3318 1975 3610 2048 ἀνώτερος,

2033 2056 2146 2117 τοῖς
2167 2055 2317 2108 κάτω
2338 2055 2530 2108 ἐαυτὸν
2550 2056 2777 2124 συνῆψε.
2803 2059 3083 2127 Πανταχοῦ
3105 2059 3213 2130 γάρ
3230 2059 3346 2112 ἐστι
3373 2059 3610 2128 πρῶτος⁸

2033 2137 2147 2191 ἄνω
2177 2138 2413 2210 πρῶτος,
2443 2140 2500 2192 ἐν
2531 2143 2596 2210 τῇ
2642 2139 2940 2212 Ἐκκλησία
2987 2141 3204 2213 πρῶτος
3225 2158 3238 2171 ·
3269 2145 3478 2216 κεφαλὴ
3505 2145 3614 2213 γάρ

2033 2222 2213 2274 ἐστιν·
2251 2223 2310 2275 ἐν
2361 2225 2427 2293 τῇ
2475 2223 2770 2277 ἀναστάσει
2822 2226 3058 2294 πρῶτος.
3106 2227 3276 2279 Τοῦτο
3308 2227 3416 2299 γάρ
3442 2229 3610 2296 ἐστιν,

2035 2303 2169 2358 Ἵνα
2197 2303 2442 2373 γένηται
2475 2305 2654 2371 αὐτὸς
2680 2308 3012 2373 πρωτεύων.

2101 2392 2172 2453 γ’.
2209 2387 2368 2439 Ὥστε
2411 2389 2506 2440 καὶ
2543 2390 2599 2441 ἐν
2627 2389 2832 2455 γενέσει
2881 2390 3116 2458 πρῶτος.
3149 2392 3256 2443 Καὶ
3302 2391 3460 2446 τοῦτό
3491 2395 3608 2447 ἐστι

2041 2467 2278 2538 μάλιστα
2310 2470 2370 2522 τὸ
2393 2469 2825 2540 σπουδαζόμενον
2849 2471 2927 2542 τῷ
2949 2473 3144 2543 Παύλῳ
3164 2473 3354 2540 δεῖξαι.
3381 2478 3477 2530 ’Ἂν
3497 2478 3605 2548 7&9

2031 2549 2186 2603 τοῦτο
2211 2551 2648 2622 κατασκευασθῇ,
2677 2553 2759 2604 ὅτι
2787 2553 2896 2626 πρὸ
2925 2555 3140 2608 πάντων
3179 2553 3247 2626 ἦν
3288 2558 3398 2612 τῶν
3431 2560 3604 2628 ἀγγέ-

2032 2632 2159 2694 λων,
2197 2634 2418 2687 κάκεῖνο
2470 2635 2868 2702 συνεισάγεται,
2923 2637 3004 2688 ὅτι
3057 2637 3126 2690 τὰ
3175 2639 3401 2693 ἐκείνων
3450 2643 3612 2705 αὐτὸς

2032 2715 2205 2768 ἐποίει
2263 2715 2585 2770 ἐπιτάττων.
2646 2718 2754 2770 Καὶ
2797 2717 2856 2770 τὸ
2903 2717 2966 2787 δὴ
3023 2717 3370 2788 θαυμαστὸν,
3434 2724 3491 2774 ἐν
3542 2726 3607 2791 τῇ

2033 2799 2236 2868 ὑστέρᾳ
2275 2799 2488 2866 γενέσει
2536 2799 2909 2869 ἐφιλονείκησε
2960 2799 3176 2870 πρῶτον
3209 2801 3369 2854 αὑτὸν
3416 2803 3608 2870 δεῖξαι.

2031 2880 2223 2959 Ιςαίτοι
2254 2898 2318 2947 γε
2363 2881 2595 2950 ἀλλαχοῦ
2627 2881 2844 2951 πρῶτόν
2897 2899 3030 2952 φησι
3060 2883 3153 2935 τὸν
3193 2883 3382 2954 Ἀδὰμ,
3421 2885 3608 2959 ὥσπερ

2030 2957 2123 3014 οὖν
2151 2962 2245 3015 καὶ
2273 2963 2420 3016 ἐστιν
2450 2980 2464 2995 '
2499 2963 2634 3016 ἀλλὰ
2660 2965 2758 3033 τὴν
2802 2965 3130 3035 Ἐκκλησίαν
3152 2965 3342 3018 ἐλαϐεν
3364 2967 3484 3020 ἀντὶ
3512 2957 3606 3021 τοῦ

2032 3044 2234 3107 παντὸς
2275 3044 2579 3114 ἀνθρώπων
2603 3045 2812 3113 γένους.
2835 3046 2948 3115 Τῆς
2969 3047 3078 3117 γὰρ
3112 3046 3433 3118 Ἐκκλησίας
3454 3049 3607 3121 πρῶ-

2029 3126 2120 3190 τός
2148 3129 2285 3190 ἐστι,
2318 3129 2412 3182 καὶ
2436 3129 2546 3182 τῶν
2577 3130 2674 3198 μὲν
2700 3129 3022 3199 ἀνθρώπων,
3047 3143 3072 3172 ο
3095 3131 3343 3204 καθάπερ
3365 3134 3462 3209 τῆς
3490 3136 3607 3188 κτί·

2033 3225 2190 3271 σεως,
2233 3212 2450 3280 πρῶτος
2497 3211 2640 3264 κατὰ
2681 3213 2889 3281 σάρκα·
2927 3213 3019 3264 καὶ
3052 3213 3142 3266 διά
3171 3213 3330 3267 τοῦτο
3371 3216 3606 3271 ἐνταῦθα

2028 3293 2120 3345 τὸν
2151 3295 2499 3363 πρωτότοκον
2542 3294 2745 3362 τίθησι.
2781 3295 2844 3346 Τί
2875 3297 3020 3349 ἐστιν
3063 3297 3299 3352 ἐνταῦθα
3330 3302 3357 3352 0
3390 3304 3604 3372 πρωτό-

2027 3391 2214 3439 τοκος;
2263 3376 2320 3426 ’0
2350 3375 2562 3445 πρῶτος
2589 3376 2852 3441 κτισθεὶς,
2888 3378 2920 3447 ἢ
2955 3378 3060 3448 πρὸ
3094 3380 3311 3433 πάντων
3341 3383 3602 3449 ἀναστάς,

2027 3455 2214 3525 ὥσπερ
2244 3458 2338 3510 καὶ
2377 3459 2509 3522 ἐκεῖ,
2532 3459 2560 3509 0
2591 3459 2698 3528 πρὸ
2727 3460 2945 3513 πάντων
2975 3459 3069 3515 ὢν.
3107 3464 3215 3516 Καὶ
3243 3464 3476 3518 ἐνταῦθα
3502 3467 3604 3536 μὲν

2025 3542 2284 3611 ἀπαρχὴν
2312 3541 2554 3596 τέθεικεν
2587 3543 2756 3596 είπὼν
2781 3560 2794 3575 ·
2827 3545 2934 3611 Ὃς
2953 3547 3126 3600 ἐστιν
3155 3548 3418 3616 ἀπαρχὴ,
3443 3566 3606 3618 πρωη

2025 3628 2271 3690 τότοκος
2319 3625 2389 3678 ἐκ
2431 3625 2548 3679 τῶν
2583 3627 2832 3697 νεκρῶν,
2880 3630 2980 3681 ἵνα
3013 3628 3255 3697 γένηται
3296 3631 3367 3683 ἐν
3410 3631 3603 3688 πᾶσιν

2025 3708 2207 3773 αὐτὸς
2235 3708 2550 3774 πρωτεύων
2574 3725 2587 3738 ο
2614 3709 2828 3774 δεικνὺς
2856 3711 2938 3764 ὃτι
2967 3711 3059 3764 καὶ
3079 3713 3128 3763 οἱ
3151 3712 3302 3765 ἄλλοι
3325 3714 3559 3767 τοιοῦτοι
3583 3731 3598 3746 ·

2025 3792 2142 3844 ἐκεῖ
2189 3789 2246 3842 δὲ
2291 3789 2390 3841 οὐκ
2437 3790 2660 3862 ἀπαρχὴ
2707 3792 2808 3862 τῆς
2853 3793 3102 3856 κτίσεως.
3159 3794 3266 3846 Καὶ
3311 3795 3430 3848 ἐκεῖ
3473 3797 3594 3866 μὲν,

2019 3872 2211 3927 Εικὼν
2228 3872 2332 3926 τοῦ
2369 3873 2517 3926 Θεοῦ
2545 3874 2652 3928 τοῦ
2685 3874 2964 3942 ἀοράτου,
2994 3876 3088 3928 καὶ
3111 3875 3231 3928 τότε
3263 3877 3341 3942 τὺ,
3372 3880 3599 3945 Πρωτό-

2023 3973 2217 4022 τοκος.
2252 3955 2382 4008 Ὅτι
2419 3956 2490 4008 ἐν
2521 3956 2681 4021 αὑτῴ
2713 3957 3021 4024 ηὺδόκησε
3061 3957 3183 4012 πᾶν
3211 3958 3278 4012 τὸ
3307 3960 3625 4029 πλήρωμαο

2023 4036 2398 4104 κατοικῆσαι,
2459 4037 2558 4091 καί
2609 4038 2683 4091 δι’
2730 4040 2917 4094 αὐτοῦ
2972 4040 3470 4107 ἀποκαταλλάξαι
3526 4043 3599 4098 τὰ

2022 4121 2219 4174 πάντα
2251 4123 2338 4186 εἰς
2381 4122 2588 4186 αὐτὸν,
2613 4123 3077 4189 είρηνοποιήσας
3097 4124 3194 4178 διὰ
3221 4125 3329 4178 τοῦ
3349 4127 3597 4196 αἵματος

2021 4202 2126 4256 τοῦ
2150 4203 2416 4269 σταυροῦ
2446 4203 2654 4267 αὐτοῦ,
2687 4204 2806 4257 εἴτε
2843 4206 2914 4257 τὰ
2948 4205 3048 4257 ἐπὶ
3081 4205 3190 4273 τῆς
3218 4205 3350 4273 τῆς,
3375 4209 3490 4260 εἴτε
3523 4210 3598 4264 τὰ

2019 4287 2090 4340 ἐν
2125 4285 2251 4348 τοῖς
2282 4285 2581 4350 οὐρανοῖς.
2619 4286 2758 4339 Ὅσα
2804 4287 2897 4338 τοῦ
2943 4287 3175 4357 Πατρὸς,
3219 4291 3371 4358 φησὶ,
3423 4291 3595 4346 ταῦτα

2021 4369 2114 4421 καὶ
2146 4365 2241 4420 τοῦ
2274 4365 2426 4429 Υίοῦ,
2469 4367 2563 4418 καὶ
2612 4369 2750 4436 μετὰ
2786 4369 3031 4431 πλείονος
3080 4369 3337 4439 σπουδῆς,
3378 4373 3460 4424 ὅτι
3499 4376 3594 4429 καὶ

2019 4451 2212 4521 νεκρὸς
2247 4451 2462 4518 γέγονε,
2502 4450 2594 4502 καὶ
2626 4451 2836 4521 ἥνωσεν
2878 4452 3070 4504 ἐαυτὸν
3114 4454 3263 4520 ἡμῖν.
3315 4454 3594 4528 Ἀπαρχὴν

2019 4537 2075 4589 δὲ
2117 4532 2258 4599 εἷπε,
2311 4532 2563 4603 καθάπερ
2621 4535 2714 4586 ἐπὶ
2764 4535 2977 4604 καρποῦ
3032 4553 3195 4597 τινος.
3258 4536 3371 4589 Ούκ
3418 4534 3592 4605 εἶπεν,

2019 4619 2336 4680 ἀνάστασις,
2369 4615 2525 4677 ἀλλὰ,
2561 4618 2808 4686 ἀπαρχὴ,
2844 4616 2996 4688 [546]
3030 4616 3243 4679 δεικνὺς
3264 4619 3346 4672 ὅτι
3386 4620 3592 4686 πάντας

2020 4703 2167 4773 ἡμᾶς
2205 4699 2423 4770 ἠγίασε,
2467 4700 2561 4752 καὶ
2607 4699 2796 4769 ὥσπερ
2846 4699 3038 4752 θυσίαν
3097 4703 3460 4772 προσήνεγκε.
3520 4706 3593 4758 Τὸ

2021 4787 2298 4854 πλήρωμα
2347 4781 2477 4853 περὶ
2535 4781 2632 4851 τῆς
2693 4781 2948 4852 θεότητος
3003 4784 3228 4854 εἴρηκε,
3289 4787 3593 4858 καθάπερὸ

2032 4868 2285 4938 Ἰωάννης
2332 4865 2517 4933 ἔλεγεν
2544 4882 2558 4896 ο
2627 4865 2720 4918 Ἐκ
2789 4865 2895 4920 τοῦ
2955 4866 3349 4936 πληρώματος
3403 4870 3591 4924 αὐτοῦ

2019 4949 2191 5019 ⁴ἡμεῖς
2212 4950 2435 5015 πάντες
2456 4947 2768 5016 ἐλάϐομεν.
2803 4948 3114 5013 Τουτέστιν,
3143 4951 3254 5002 εἴτε
3287 4947 3355 5021 ἦν
3384 4953 3412 5004 0
3442 4952 3588 5018 Υἱὸς,

2019 5033 2130 5086 εἴτε
2162 5036 2190 5086 0
2217 5032 2409 5099 Λόγος,
2447 5033 2563 5084 ἐκεῖ
2609 5031 2824 5101 ᾤκησεν
2869 5031 2988 5102 οὐχὶ
3036 5031 3286 5103 ἐνέργειά
3335 5050 3438 5093 τις,
3475 5034 3589 5087 ἀλλ’

2017 5117 2199 5171 οὐσία.
2236 5116 2350 5169 Ούκ
2388 5115 2502 5184 ἔχει
2543 5117 2722 5169 αἰτίαν
2761 5118 2937 5168 εἰπεῖν
2987 5115 3274 5184 οὐδεμίαν,
3324 5117 3460 5170 ἀλλὰ
3495 5119 3591 5189 τὴν

2019 5201 2236 5270 θέλησιν
2281 5202 2376 5252 τοῦ
2411 5198 2547 5252 Θεοῦ
2575 5214 2588 5229 °
2624 5198 2783 5252 τοῦτο
2824 5200 2934 5271 γάρ
2964 5200 3130 5265 ἐστιν,
3177 5201 3259 5252 ὅτι
3301 5201 3395 5253 Ἐν
3433 5202 3590 5266 αὐτῴ

2015 5283 2342 5353 ηὐδόκησε,
2400 5284 2500 5338 καί
2552 5285 2628 5337 δι’
2689 5284 2876 5338 αὐτοῦ
2954 5285 3448 5350 ἀποκαταλλάξαι
3521 5288 3592 5340 τὰ

2074 5497 2098 5524 ι
2135 5485 2267 5548 Upus
2288 5485 2393 5534 cod.
2417 5486 2487 5534 sic
2509 5482 2765 5546 sequentia
2793 5485 2956 5548 effert,
2983 5484 3193 5548 καθάπερ
3216 5486 3295 5548 καὶ
3318 5491 3401 5543 τῆς

2010 5549 2087 5596 διὰ
2109 5546 2251 5594 τοῦτο
2275 5549 2353 5594 καὶ
2373 5548 2466 5596 ὧδε
2484 5548 2620 5594 κάκεῖ
2644 5547 2944 5609 πρωτότοκος
2963 5546 3242 5609 εἷρηταιζῘΙί
3261 5548 3312 5594 δὲ
3335 5548 3434 5594 ἐστι
3458 5563 3589 5609 πρω-

2006 5610 2202 5678 τότοκος
2232 5609 2389 5684 πάσῃς
2412 5605 2773 5684 κτίσεωςλάντὶ
2798 5605 3096 5684 τρύπρῶτος
3111 5607 3322 5684 κτίστης,
3531 5609 3588 5656 τὸ

2005 5669 2307 5732 πρωτότοκος
2330 5670 2383 5716 ἐκ
2405 5671 2599 5732 νεκρῶν.
2626 5665 2740 5718 ’ἀντὶ
2763 5665 2849 5716 τοῦ
2877 5671 2903 5717 0
2923 5665 3015 5732 πρὸ
3034 5669 3240 5732 πάντων,
3290 5668 3431 5732 ἐστίν.
3472 5665 3588 5716 ἀνα-

2005 5717 2254 5799 σὲάςξᾼκαὶ
2278 5717 2438 5799 ῶσπερ
2485 5717 2582 5799 ξκεῖ
2603 5732 2782 5788 τίθησιν
2806 5732 2832 5778 ὁ
2874 5717 3174 5792 πρὸπάντων
3207 5717 3290 5787 ὧν,
3338 5731 3464 5777 οὕτω
3505 5733 3582 5778 καί

2006 5791 2200 5841 ἐνταῦθα
2219 5791 2432 5853 ἀπαρχήν
2452 5794 2542 5840 re").
