4072 6206
430 386 528 447 2m

420 503 616 556 πάντα
665 499 752 564 εἰς
795 498 1006 552 αὐτόν.
1047 495 1163 549 Ἵνα
1200 494 1276 565 μὴ
1309 493 1559 565 νομίσῃς,
1603 494 1684 547 ὅτι
1716 489 1986 561 ὑπηρέτου

415 584 569 650 τάξιν
603 580 885 647 ἀνέλαϐεν,
923 581 1011 646 εἰς
1056 577 1296 640 ἑαυτὸν,
1348 577 1501 648 φησί.
1538 576 1646 630 Καὶ
1682 574 1787 645 μὴν
1835 572 1998 625 ἀλλα·

417 666 513 736 χοῦ
550 680 738 733 φησιν,
774 663 856 715 ὅτι
883 660 962 723 τῷ
1002 659 1121 728 Θεῷ
1146 658 1527 723 καταλλάττει,
1562 656 1812 726 καθάπερ
1846 656 1902 707 ἐν
1930 656 1997 725 τῇ

416 751 553 820 πρὸς
585 745 902 817 Κορινθίους
915 743 1200 813 Ἐπιστολῇ
1229 743 1455 812 γράφων
1486 741 1661 809 ἔλεγε.
1688 739 1798 792 Καὶ
1823 738 2000 820 καλῶς

416 818 557 898 εἷπε,
593 832 672 882 Δι’
719 828 909 882 αὐτοῦ
958 826 1478 889 ἀποκαταλλάξαι.
1515 824 1655 894 Ἤδη
1706 823 1815 893 γάρ
1860 818 2000 893 ἦσαν

419 912 875 983 κατηλλαγμένοι,
912 908 1045 963 ἀλλὰ
1071 906 1295 971 τελείως
1330 907 1459 969 ἔδει,
1496 908 1592 960 καὶ
1629 906 1769 959 ῶστε
1805 905 2000 976 μηκέτι

418 995 724 1067 ἐχθραίνειν
748 991 919 1062 αὐτῷ.
950 990 1074 1054 Πῶς
1098 990 1156 1043 δὲ
1177 990 1385 1058 γίνεται
1408 987 1588 1053 τοῦτο,
1610 989 1865 1056 διασαφεῖ
1894 987 1997 1038 λοι-

418 1077 538 1142 πὸν,
571 1078 630 1130 οὐ
664 1076 823 1147 μόνον
850 1075 950 1144 τὴν
980 1071 1349 1142 καταλλαγὴν,
1379 1071 1518 1124 ἀλλά
1549 1073 1644 1125 xal
1683 1071 1776 1123 τὸν
1802 1069 2002 1137 τρόπον
2030 1130 2034 1134 ,

415 1159 516 1229 τῆς
554 1157 904 1226 καταλλαγῆς
948 1153 1299 1221 ἀναγγέλλων
1328 1170 1341 1183 ’
1375 1150 1863 1220 Εἰρηνοποιήσας
1907 1149 2003 1203 διὰ

420 1241 530 1295 τοῦ
595 1240 842 1309 αἳματος
899 1237 1007 1291 τοῦ
1057 1235 1324 1304 σταυροῦ
1371 1234 1578 1289 αὐτοῦ.
1634 1234 1707 1286 Τὸ
1754 1233 1851 1303 μὲν
1904 1232 2002 1302 τὴν

417 1325 618 1395 ἔχθραν
638 1323 878 1377 δείκνυσι
900 1321 961 1373 τὸ
991 1319 1344 1382 καταλλάξαι·
1374 1319 1436 1372 τὸ
1461 1318 1516 1372 δὲ
1535 1317 1626 1370 τδν
1654 1316 1907 1387 πόλεμον,
1941 1314 2002 1367 τὸ

417 1404 925 1473 Εἰρηνοποιήσας.
950 1402 1052 1456 Διὰ
1072 1401 1180 1454 τοῦ
1203 1402 1475 1470 αἵματος,
1506 1399 1659 1470 φησὶ,
1680 1399 1785 1453 τοῦ
1814 1414 2001 1451 σταυ·

408 1487 525 1556 ροῦ
561 1486 746 1541 αὑτοῦ
779 1486 853 1538 δι’
896 1484 1103 1549 αὐτοῦ,
1131 1482 1250 1537 εἴτε
1276 1481 1347 1535 τὰ
1375 1482 1474 1535 ἐπὶ
1501 1481 1609 1549 τῆς
1632 1479 1765 1550 γῆς,
1791 1480 1912 1534 εἴτε
1934 1478 2003 1532 τά

417 1570 489 1623 ἐν
528 1567 654 1634 τοῖς
701 1565 995 1635 οἰορανοῖς.
1042 1565 1201 1633 Μέγα
1243 1564 1342 1635 μὲν
1372 1564 1434 1617 τδ
1464 1562 1821 1626 καταλλάξαι,
1853 1563 1915 1614 τὸ
1945 1561 2003 1614 δὲ

417 1651 515 1705 καὶ
544 1651 610 1704 δι’
641 1651 828 1714 αὐτοῦ,
864 1648 1047 1719 μεῖζον
1074 1665 1088 1679 α
1121 1648 1217 1702 καί⁸
1242 1648 1305 1700 τὸ
1336 1646 1528 1700 τούτου
1568 1645 1774 1714 μεῖζον,
1824 1646 1886 1698 τὸ
1916 1644 2004 1698 διὰ

416 1732 512 1788 τοῦ
543 1734 772 1803 αἵματος
799 1731 964 1785 αὐτοῦ
991 1748 1004 1762 ·
1043 1731 1138 1784 καὶ
1170 1730 1271 1801 οὐχ
1289 1728 1478 1793 ἁπλῶς
1511 1730 1763 1799 αἵματος,
1789 1728 1923 1782 ἀλλά
1943 1729 2002 1782 τὸ

417 1817 610 1870 τούτου
651 1817 854 1886 μεῖζον,
879 1813 968 1867 διὰ
1000 1815 1093 1867 τοῦ
1124 1812 1380 1884 σταυροῦ.
1418 1813 1584 1865 Ὥστε
1610 1813 1771 1865 πέντε
1799 1810 1912 1865 ἐστὶ
1934 1810 2003 1864 τὰ

417 1897 729 1967 θαυμαστὰ,
750 1895 826 1966 τῷ
840 1895 959 1966 Θεῷ
977 1895 1302 1964 κατήλλαξε,
1333 1895 1400 1948 δι’
1424 1895 1610 1960 αὐτοῦ,
1640 1892 1728 1947 διὰ
1749 1892 1998 1958 θανάτου,

415 1979 505 2033 διὰ
530 1980 784 2051 σταυροῦ.
814 1978 1006 2044 Βαὸαἰ,
1039 1978 1156 2041 πῶς
1182 1978 1406 2046 ἀνέμιξε
1434 1976 1594 2031 πάλιν
1618 1995 1632 2043 ;
1654 1976 1771 2029 Ἵνα
1790 1975 1900 2046 γὰρ
1924 1975 2000 2045 μὴ

420 2064 649 2136 νομίσῃς
675 2062 734 2115 ἓν
758 2059 918 2126 εἰναι,
943 2062 1078 2131 μηδὲ
1090 2060 1182 2113 τὸν
1204 2060 1434 2129 σταυρὸν
1448 2055 1587 2112 εἷναί
1612 2076 1665 2111 τι
1683 2059 1803 2111 καθ’
1819 2057 1999 2123 ἑαυτὸ,

414 2144 586 2215 λέγει,
616 2147 694 2198 Δι’
726 2142 967 2198 ἑαυτοῦ.
1006 2142 1128 2205 Πῶς
1152 2137 1260 2194 οἶδε
1296 2142 1438 2211 μέγα
1474 2141 1631 2193 τοῦτο
1668 2142 1758 2207 6v;
1789 2142 1910 2193 Ὀτι
1940 2142 2000 2195 οὐ

419 2229 642 2300 ῥήματα
661 2224 853 2288 εἰπὼν,
882 2224 998 2277 ἀλλ’
1024 2224 1217 2277 ἑαυτὸν
1233 2225 1422 2288 ἐκδοὺς
1448 2224 1585 2295 ὑπὲρ
1610 2224 1709 2294 τῆς
1735 2224 2002 2279 καταλλα-

416 2311 542 2379 γῆς,
592 2306 768 2369 οὕτως
798 2307 1016 2360 ἅπαντα
1068 2308 1381 2376 εἰργάσατο.
1422 2307 1486 2360 Τί
1529 2307 1585 2361 δέ
1639 2310 1776 2372 ἐστι,
1834 2310 1908 2363 Τὰ
1933 2309 2004 2363 ἐν

414 2393 543 2457 τοῖς
573 2389 888 2459 οὐρανοῖς;
920 2389 987 2442 τά
1036 2391 1134 2461 μὲν
1159 2391 1267 2462 γὰρ
1309 2392 1403 2444 ἐπὶ
1444 2391 1545 2460 τῆς
1576 2391 1700 2461 γῆς,
1732 2392 1958 2457 εἰκότως
1983 2409 1997 2425 ο

417 2472 621 2544 ἔχθρας
657 2473 765 2544 γὰρ
800 2472 1176 2543 ἐμπέπληστο,
1204 2474 1297 2527 καὶ
1327 2474 1405 2537 εἰς
1431 2473 1602 2527 πολλά
1629 2474 1883 2546 διῄρητο·
1905 2476 2001 2530 καὶ

419 2558 559 2630 πρὸς
599 2557 791 2610 ἐαυτὸν
837 2556 1069 2619 ἕκαστος
1119 2557 1275 2627 ήμῶν
1315 2555 1680 2625 διεστασίαζε,
1735 2559 1830 2613 καὶ
1864 2559 2001 2630 πρὸς

415 2642 544 2701 τοὺς
576 2638 806 2702 πολλούς
827 2656 842 2671 ·
890 2638 962 2691 τά
1008 2639 1067 2691 δέ
1100 2641 1158 2691 ἐν
1201 2641 1315 2704 τοῖς
1348 2640 1594 2709 οὐρανοῖς
1628 2641 1745 2706 πῶς
1785 2644 1999 2713 εἰρηνο-

416 2722 651 2792 ποίησες
685 2722 779 2775 καὶ¹
813 2723 932 2774 ἐκεῖ
970 2721 1212 2791 πόλεμος
1252 2718 1320 2792 ἦν
1379 2724 1471 2775 καὶ
1530 2724 1712 2793 μάχη;
1749 2726 1843 2777 καὶ
1882 2725 2000 2789 πῶς

413 2805 687 2875 εὐχόμεθα
719 2805 993 2875 λέγοντες,
1019 2804 1345 2872 Γενηθήτω
1384 2805 1449 2858 τὸ
1492 2806 1725 2874 θέλημὰ
1753 2821 1890 2873 σου,
1918 2808 1999 2874 ὡς

413 2888 485 2941 ἐν
504 2885 757 2956 οὐρανῷ,
794 2887 893 2941 καί
931 2887 1029 2940 ἐπὶ
1074 2886 1186 2953 τῆς
1228 2886 1371 2955 Mc;
1413 2886 1465 2939 τί
1499 2885 1592 2940 οὖν
1619 2887 1765 2941 ἐστιν
1793 2891 1995 2955 εἰπεῖνς

427 2972 751 3042 Ἀπέσχιστο
771 2972 803 3040 ὴ
825 2970 897 3040 γῆ
926 2969 1018 3021 τοῦ
1040 2969 1295 3038 οὐρανοῦ,
1322 2970 1841 3040 ἐκπεπολεμωμένοι
1858 2967 1997 3042 ἦσαν

412 3056 465 3108 οἱ
496 3053 719 3122 ἄγγελοι
740 3052 877 3123 πρὸς
896 3053 1022 3113 τοὺς
1048 3048 1390 3119 ἀνθρώπους,
1412 3050 1504 3103 τὸν
1530 3052 1809 3121 Δεσπότην
1828 3053 1999 3124 ὁρῶν-

411 3153 507 3199 τες
561 3136 651 3191 τὸν
700 3133 879 3189 αὐτῶν
934 3133 1313 3204 ὑϐριζόμενον.
1383 3133 1997 3202 Ἀνακεφαλαιὼσασθαί

414 3235 548 3287 φησι
581 3217 653 3270 τὰ
677 3219 853 3271 πάντα
893 3218 952 3269 ἐν
989 3216 1068 3286 τῷ
1102 3215 1345 3286 Χριστῷ,
1381 3215 1449 3269 τά
1482 3217 1539 3268 ἐν
1579 3220 1692 3280 τοῖς
1726 3218 1995 3288 οὐρανοῖς,

415 3302 511 3354 καὶ
548 3301 616 3352 τά
651 3301 742 3353 ἐπὶ
778 3299 878 3368 τῆς
905 3299 1030 3368 γῆς.
1075 3297 1233 3362 Πῶς;
1269 3297 1351 3349 Τά
1379 3297 1478 3368 μὲν
1509 3299 1566 3351 ἐν
1612 3302 1724 3363 τοῖς
1751 3300 1997 3371 οὐρανοῖς

411 3381 589 3435 οὕτω·
627 3382 961 3451 μετέστησεν
993 3382 1109 3434 ἐκεῖ
1133 3379 1223 3433 τὸν
1256 3379 1563 3451 ἄνθρωπον,
1594 3382 1873 3453 ἀνήγαγεν
1902 3382 1994 3435 αὐο

411 3467 527 3528 τοῖς
566 3464 658 3517 τὸν
705 3463 914 3535 ἐχθρὸν,
946 3462 1036 3517 τὸν
1085 3463 1434 3533 μισούμενον,
1467 3464 1542 3516 Οὐ
1599 3464 1756 3535 μόνον
1794 3466 1862 3519 τὰ
1903 3467 1996 3520 ἐπὶ

413 3550 515 3618 τῆς
554 3545 661 3618 γῆς
706 3546 965 3617 ἐποίησεν
996 3545 1321 3616 εἰρηνεύειν,
1365 3546 1480 3599 ἀλλ’
1525 3547 1802 3617 ἀνήγαγεν
1831 3549 1994 3602 αὐτὸν

416 3632 552 3701 πρὸς
581 3632 797 3695 αὐτοὺς,
823 3631 914 3685 τὸν
940 3629 1135 3700 ἐχθρὸν
1169 3632 1262 3684 καὶ
1294 3631 1572 3701 πολέμιον.
1606 3631 1775 3685 Τοῦτο
1804 3634 1992 3706 εἰρήνη

415 3713 624 3784 βαθεῖα.
659 3712 915 3782 ’Ἄγγελοι
957 3713 1118 3767 πάλιν
1164 3712 1257 3764 ἐπὶ
1306 3714 1411 3782 γῆς
1466 3714 1747 3783 ἐφαίνοντο
1787 3715 1990 3779 λοιπὸν,

412 3797 604 3867 ἐπειδὴ
627 3797 722 3849 καὶ
755 3796 1043 3866 ἄνθρωπος
1068 3797 1126 3847 ἐν
1156 3795 1370 3866 οὐρανῷ
1395 3794 1589 3866 ἐφάνη.
1625 3800 1781 3850 Δοκεῖ
1812 3797 1867 3851 δέ
1905 3816 1993 3869 μοι

415 3879 510 3931 καὶ
536 3880 570 3949 ἡ
598 3878 824 3948 ἁρπαγὴ
858 3877 952 3930 τοῦ
983 3876 1199 3929 Παύλου
1233 3878 1424 3931 τούτου
1462 3896 1520 3933 τε
1553 3881 1739 3933 ἕνεκεν
1770 3884 1995 3953 γεγενῆ-

415 3959 564 4025 σθαι,
595 3960 688 4012 καὶ
717 3958 812 4013 τοῦ
835 3959 1008 4025 δεῖξαι
1048 3959 1132 4010 ὅτι
1164 3960 1261 4012 καὶ
1292 3962 1319 4013 6
1362 3960 1488 4024 Υἱὸς
1523 3964 1641 4015 ἐκεῖ
1689 3963 1989 4034 ἀνελήφθη.

427 4040 518 4095 Ἐν
553 4042 651 4112 μὲν
684 4041 793 4113 7&9
831 4042 901 4112 τῇ
939 4043 1011 4111 γῇ
1061 4040 1223 4109 διπλῆ
1271 4045 1304 4112 ἡ
1366 4044 1578 4114 εἰρήνη,
1615 4047 1709 4099 καὶ
1757 4048 1894 4118 πρὸς
1923 4049 1994 4102 τά

414 4124 735 4196 ἐπουράνια,
790 4124 885 4177 καὶ
938 4124 1075 4193 πρὸς
1127 4126 1330 4180 ἑαυτά·
1381 4127 1439 4179 ἐν
1476 4126 1533 4179 δέ
1576 4131 1689 4191 τοῖς
1745 4130 1991 4202 οὐρανοῖς

415 4206 583 4279 ἁπλῆ.
623 4208 688 4261 Εἰ
722 4208 832 4280 γὰρ
859 4207 953 4260 ἐπὶ
1000 4208 1081 4261 ἑνὶ
1125 4209 1437 4281 ἁμαρτωλῷ
1474 4213 1823 4281 μετανοοῦντι
1870 4215 1992 4285 χαί-

416 4309 600 4365 ρουσιν
623 4292 673 4345 οἰ
693 4290 939 4361 ἄγγελοι,
965 4291 1147 4363 πολλῷ
1166 4293 1364 4364 μᾶλλον
1382 4295 1475 4349 ἐπὶ
1491 4296 1784 4360 τοσούτοις,
1805 4298 1990 4354 Ταῦτα

411 4375 592 4429 πάντα
621 4375 654 4446 ή
680 4373 775 4427 τοῦ
819 4372 959 4427 Θεοῦ
1002 4375 1157 4444 ἰσχὺς
1190 4376 1540 4449 κατώρθωσε.
1580 4379 1645 4433 Τί
1688 4376 1780 4433 οὖν
1820 4381 1988 4450 ἀγγέ-

409 4457 525 4522 λοις
554 4457 832 4529 θαρρεῖτε,
866 4458 1005 4528 φησί
1027 4474 1042 4521 ;
1075 4458 1346 4512 Τοσοῦτον
1376 4458 1528 4532 [547]
1557 4462 1665 4533 γὰρ
1692 4464 1989 4534 ἀπέχουσιν

406 4541 606 4593 ἐκεῖνοι
640 4540 942 4611 προσάγειν
993 4540 1160 4613 ὑμᾶς,
1201 4542 1287 4595 ὅτι
1337 4543 1432 4595 καὶ
1467 4544 1988 4616 ἐκπεπολεμωμένοι

407 4617 553 4694 ἦσαν
586 4622 738 4687 ποτὲ,
780 4622 895 4687 καὶ,
932 4624 981 4677 εἰ
1028 4624 1103 4695 μὴ
1136 4626 1165 4678 6
1192 4623 1323 4688 Θεὸς
1366 4624 1531 4688 αὐτὸς
1581 4627 1727 4696 ὑμᾶς
1758 4629 1984 4695 ἐκείνοις

409 4703 771 4775 κατήλλαξεν,
798 4706 898 4759 οὐκ
930 4707 997 4761 ἀν
1031 4706 1410 4778 εἰρηνεύσατε.
1453 4707 1518 4760 Τί
1547 4708 1728 4763 τοίνυν
1757 4711 1986 4778 ἐκείνοις

409 4786 808 4859 προστρέχετες
840 4788 1032 4842 Βούλει
1066 4791 1258 4861 μαθεῖν
1290 4792 1397 4846 τῶν
1430 4791 1677 4860 ἀγγέλων
1719 4794 1781 4847 τὸ
1829 4798 1986 4865 μῖσος

406 4872 532 4924 ὅσον
563 4865 709 4939 εἶχον
744 4870 880 4941 πρὸς
915 4873 1085 4941 ἡμᾶς,
1132 4874 1226 4927 καὶ
1254 4873 1372 4936 πῶς
1421 4875 1822 4946 ἀπεστρέφοντο
1861 4879 1981 4946 ἀεί;

406 4951 500 5016 Εἰς
530 4951 804 5023 τιμωρίαν
844 4954 1158 5023 ἐπέμποντο
1205 4956 1300 5008 ἐπὶ
1333 4958 1443 5011 τῶν
1495 4958 1865 5029 Ἰσραηλιτῶν,
1893 4964 1984 5017 ἐπὶ

405 5034 500 5088 τοῦ
530 5035 713 5096 Δαυὶδ,
744 5035 839 5087 ἐπὶ
864 5034 974 5088 τῶν
1002 5037 1335 5108 Σοδομιτῶν.
1367 5041 1462 5094 ἐπὶ
1486 5041 1588 5109 τῆς
1618 5043 1861 5108 κοιλάδος
1887 5046 1981 5099 τοῦ

407 5116 789 5199 κλαυθμῶνος.
825 5116 968 5170 Ἀλλ’
996 5118 1058 5172 οὐ
1080 5119 1174 5172 νῦν
1195 5134 1210 5150 ⁶
1234 5120 1349 5173 ἀλλ’
1376 5122 1436 5187 ἐξ
1465 5124 1732 5191 ἐναντίας,
1764 5128 1858 5180 ἐπὶ
1879 5129 1983 5199 γῆς

403 5196 532 5272 ᾖδον
571 5201 776 5271 σφόδρα
802 5201 1086 5272 χαίροντες
1111 5218 1126 5234 ο
1167 5203 1261 5255 καὶ
1282 5204 1506 5269 τούτους
1532 5209 1813 5280 κατήγαγε
1844 5196 1981 5281 πρός

401 5282 622 5346 αὐτοὺς,
654 5283 750 5337 καὶ
778 5284 906 5347 τοὺς
938 5283 1260 5355 ἀνθρώπους
1284 5286 1558 5357 ἀνήγαγεν
1593 5291 1728 5343 ἐκεῖ.

354 5383 381 5408 κο
473 5366 536 5421 δ’.
573 5365 682 5419 Kal
725 5366 823 5421 θέα
864 5385 956 5439 μοι
996 5368 1058 5421 τὸ
1088 5368 1411 5440 παράδοξον.
1452 5371 1686 5435 Τούτους
1727 5371 1978 5443 πρώτους

404 5450 717 5519 κατήγαγεν
747 5443 869 5514 ὧδε,
898 5452 992 5506 καὶ
1012 5452 1130 5505 τότε
1160 5452 1250 5506 τὸν
1270 5452 1553 5523 ἄνθρωπον
1575 5457 1817 5526 ἀνήγαγε
1840 5460 1976 5530 πρὸς

404 5530 634 5612 αὐτούς·
669 5532 895 5604 οὐρανὸς
935 5535 968 5604 ὴ
1003 5535 1074 5603 γῆ
1119 5536 1366 5603 γέγονεν,
1407 5537 1593 5609 ἐπειδὴ
1628 5540 1697 5592 τά
1740 5540 1839 5610 τῆς
1870 5541 1975 5612 γῆς

406 5611 630 5681 ἔμελλεν
655 5614 885 5685 οὐρανὸς
912 5614 1180 5685 δέχεσθαι.
1211 5618 1310 5672 Διά
1340 5619 1498 5673 τοῦτο
1522 5620 1975 5691 εὐχαριστοῦντες

402 5691 666 5765 λέγομεν,
714 5697 870 5761 Δόξα
923 5698 992 5751 ἑν
1041 5701 1327 5768 ὑψίστοις
1360 5701 1512 5768 Θεῷ.
1568 5704 1662 5757 καὶ
1719 5703 1817 5757 ἐπὶ
1864 5704 1976 5775 γῆς

401 5776 628 5846 anim,
681 5780 750 5832 ἐν
785 5779 1116 5848 ἀνθρώποις
1170 5784 1435 5841 εὐδοκία.
1485 5787 1631 5854 Ἰδοὺ,
1687 5788 1840 5857 φησί,
1880 5789 1973 5843 καὶ

1151 377 1209 435 s.
1252 373 1543 433 101mm
1581 367 2076 431 cnnvsosxrom
2120 365 2442 425 ABCIlIEP.
2481 359 3039 426 coxvsnmnxop.
3076 332 3109 410 τ’

3574 339 3718 414 521’

2109 486 2386 557 ἄνθρωποι
2413 487 2692 557 ἐφάνησαν
2725 480 3144 556 εὐαρεστοῦντες
3176 473 3395 557 λοιπόν(
3416 472 3490 557 Τί
3511 475 3675 557 ἐστινι

2110 555 2376 636 Εὐδοκία;
2446 555 2809 637 Καταλλαγή·
2833 555 2840 556 ί
2864 563 3048 618 οὐκέτι
3115 555 3430 630 μεσότοιχόν
3457 555 3685 637 ’ἐστινδ

2104 633 2370 723 οὐρανός(
2407 652 2480 705 Τὸ
2526 633 2743 722 πρῶτον
2763 633 2923 703 ⁷κατείι
2973 643 3206 717 ἀριθμὸν
3238 640 3431 723 ἐθνῶν,
3454 633 3597 723 ἦσαν
3633 636 3687 723 εἰ

2107 735 2329 805 ἄγγελοι
2351 754 2364 767 ⁸
2402 736 2497 790 νῦν
2535 736 2590 789 δὲ
2618 736 2679 789 οὐ
2712 734 2852 787 κατά
2887 729 3120 800 ἀριθμὸν
3158 726 3348 788 ἐθνῶν,
3385 722 3526 775 ἀλλά
3546 722 3691 805 κατά

2108 802 2341 890 ἀριθμὸν
2386 820 2612 874 πιστῶν.
2654 817 2826 871 Πόθεν
2853 816 3045 885 δῆλον;
3079 813 3279 864 Ἀκονε
3314 806 3407 860 τοῦ
3445 802 3689 890 Χριστοῦ

2109 885 2397 972 λέγοντος·
2460 904 2667 972 Ὁρᾶτε
2709 902 2793 971 μὴ
2850 897 3345 966 καταφρονήσητε
3395 890 3537 954 ἐνὸς
3570 885 3692 941 τῶν

2103 987 2333 1056 μικρῶν
2361 989 2604 1041 τούτων.
2642 989 2704 1039 Οἱ
2731 985 2840 1054 γὰρ
2865 983 3107 1051 ἄγγελοι
3130 976 3330 1032 αὐτῶν
3356 972 3692 1056 διαπαντός

2103 1052 2410 1133 ,ϐλέπουσι
2442 1069 2506 1122 τὸ
2541 1052 2869 1135 πρόσωπον
2908 1064 3019 1117 τοῦ
3046 1061 3275 1127 Πατρός
3309 1074 3423 1124 μου
3463 1052 3572 1107 τοῦ
3618 1052 3692 1106 ἐν

2109 1150 2234 1216 τοῖς
2259 1152 2555 1218 οὐρανοῖς.
2587 1150 2857 1210 Ἕκαστος
2897 1145 3006 1216 7&9
3049 1143 3237 1205 πιστὸς
3278 1140 3511 1208 ἄγγελον
3550 1136 3693 1206 ἔχει.

2111 1233 2237 1286 ἐπεὶ
2267 1234 2361 1284 καὶ
2390 1233 2450 1297 ἐξ
2471 1233 2645 1302 ἀρχῆς
2673 1231 2904 1292 ἕκαστος
2930 1230 3068 1298 ἀνὴρ
3099 1226 3208 1279 τῶν
3251 1222 3557 1291 εὐδοκίμων
3588 1220 3695 1288 ἄγ-

2111 1314 2266 1382 γελον
2299 1312 2409 1385 εἶχε
2438 1329 2448 1341 ⁸
2488 1313 2673 1377 καθώς
2717 1329 2881 1383 φησιν
2906 1313 2933 1365 6
2974 1307 3194 1373 Ἰακώϐ,
3268 1307 3329 1359 '0
3364 1305 3625 1373 ἄγγελος
3659 1304 3697 1355 ό

2107 1395 2342 1465 τρέφων
2360 1413 2457 1465 με,
2504 1395 2604 1450 καί
2644 1398 2676 1448 ό
2699 1394 2998 1463 ρυόμενός
3034 1410 3107 1464 με
3134 1393 3204 1445 ἐκ
3233 1388 3523 1454 νεότητός
3546 1402 3693 1454 μου.

2110 1480 2177 1531 Εἰ
2205 1479 2384 1532 τοίνυν
2407 1478 2671 1547 ἀγγέλους
2704 1478 2920 1546 ἔχομεν,
2950 1476 3232 1546 νήφωμεν,
3275 1469 3532 1539 καθάπερ
3562 1484 3699 1519 παι-

2106 1560 2371 1629 δαγωγῶν
2420 1578 2585 1614 τινων
2643 1561 2775 1630 ἡμῖν
2822 1558 3138 1629 παρόντωνο
3176 1558 3407 1625 πάρεστι
3441 1550 3551 1620 γὰρ
3597 1549 3698 1601 καῖ

2109 1645 2339 1714 δαίμων.
2375 1644 2474 1697 Διά
2503 1642 2658 1696 τοῦτο
2696 1641 2990 1713 εὐχόμεθα,
3029 1641 3122 1693 καὶ
3152 1636 3383 1708 λέγομεν
3408 1633 3697 1693 αἰτοῦντες

2107 1727 2201 1778 τὸν
2232 1725 2464 1794 ἄγγελον
2488 1726 2587 1795 τῆς
2631 1726 2877 1796 εἰρήνης,
2911 1724 3005 1775 xal
3041 1717 3317 1790 πανταχοῦ
3345 1717 3565 1786 εἰρήνην
3601 1715 3697 1766 αἰ-

2108 1808 2333 1878 τοῦμεν.
2370 1808 2538 1862 Οὐδὲν
2568 1807 2679 1879 γὰρ
2714 1808 2916 1878 ταύτης
2946 1807 3059 1859 ἴσον
3079 1823 3093 1837 ·
3126 1807 3183 1857 ἐν
3213 1806 3332 1865 ταῖς
3370 1798 3698 1870 ἐκκλησίαις

2109 1892 2361 1963 εἰρήνην,
2391 1893 2450 1945 ἐν
2473 1894 2592 1954 ταῖς
2618 1892 2826 1961 εὐχαῖς,
2859 1891 2917 1943 ἐν
2938 1890 3059 1952 ταῖς
3077 1888 3276 1953 λιταῖς,
3300 1886 3357 1939 ἐν
3377 1886 3501 1947 ταῖς
3523 1896 3697 1951 προσ-

2113 1977 2336 2047 ρήσεσι·
2370 1975 2466 2029 καὶ
2494 1974 2660 2041 ἅπαξ,
2702 1975 2799 2029 καί⁸
2829 1974 2931 2039 δὶς,
2979 1974 3075 2026 καὶ
3111 1973 3256 2041 τρὶς,
3297 1968 3394 2023 καὶ
3424 1965 3697 2028 πολλάκις

2111 2056 2284 2128 αὐτὴν
2311 2058 2525 2111 δίδωσιν
2559 2060 2587 2111 6
2613 2061 2714 2128 τῆς
2758 2056 3086 2127 Ἐκκλησίας
3107 2052 3428 2126 ⁹προεστὼς.
3459 2048 3694 2117 Εἰρήνη

2109 2139 2274 2208 ὑμῖν,
2314 2139 2607 2210 ἐπιλέγων.
2642 2139 2740 2193 Διά
2780 2140 2836 2193 τί
2850 2157 2863 2206 ;
2905 2138 3031 2193 Ὀτι
3068 2138 3206 2206 αὕτη
3238 2138 3418 2208 μήτηρ
3470 2131 3701 2185 πάντων

2108 2223 2219 2276 τῶν
2250 2223 2471 2293 ἀγαθῶν
2520 2224 2689 2288 ἐστιν,
2734 2222 2875 2291 αὐτη
2904 2223 3002 2292 τῆς
3053 2222 3229 2293 χαρᾶς
3280 2218 3557 2278 ὑπόθεσις.
3592 2213 3698 2266 Διά

2108 2308 2269 2362 τοῦτο
2304 2310 2398 2363 καὶ
2435 2311 2463 2363 6
2505 2309 2741 2381 Χριστὸς
2784 2308 3043 2362 εἰσιοῦσιν
3082 2308 3163 2368 εἰς
3216 2305 3313 2368 τὰς
3358 2302 3538 2363 οἰκίας
3574 2301 3694 2362 70?;

2109 2391 2428 2455 ἀποστόλοις
2449 2393 2608 2445 τοῦτο
2635 2390 2815 2458 λέγειν
2833 2388 3166 2461 προσέταξεν
3192 2386 3414 2449 εὐθέως,
3432 2382 3695 2452 καθάπερ

2107 2491 2161 2528 τι
2194 2475 2464 2546 σύμϐολον
2494 2473 2602 2528 τῶν
2640 2473 2861 2544 ἀγαθῶν
2886 2491 2901 2507 ·
2933 2472 3363 2541 Εἰσερχόμενοι
3396 2469 3527 2538 γὰρ.
3576 2483 3692 2535 φη-

2109 2558 2216 2621 σὶν,
2247 2561 2334 2625 εἰς
2362 2558 2470 2625 τὰς
2494 2559 2708 2626 οἰκίας,
2734 2557 2962 2626 λέγετε,
3007 2555 3241 2624 Εἰρήνη
3266 2552 3429 2623 ὑμῖν.
3467 2548 3693 2617 Ταύτης

2107 2640 2216 2712 7&9
2256 2642 2355 2695 οὐκ
2397 2639 2584 2713 οὐσης,
2615 2641 2794 2695 πάντα
2838 2639 3090 2716 περιτξά.
3117 2638 3230 2691 Καὶ
3258 2635 3420 2691 πάλιν
3444 2635 3557 2695 τοῖς
3585 2648 3696 2716 μα-

2108 2724 2298 2794 θηταῖς
2327 2723 2534 2792 ἔλεγεν,
2566 2722 2834 2792 Εἰρήνην
2863 2713 3073 2792 ἀφίημι
3103 2720 3266 2791 ὑμῖν,
3296 2719 3546 2788 εἰρήνην
3573 2713 3694 2780 τὴν

2104 2805 2261 2874 ἐμὴν
2297 2805 2505 2875 δίδωμι
2551 2805 2716 2875 ὑμῖν.
2767 2804 2915 2877 Αὕτη
2960 2807 3026 2875 τῇ
3074 2804 3265 2875 ἀγάπῃ
3314 2799 3679 2872 προοδοποιεῖ.

2104 2890 2214 2943 Καὶ
2228 2890 2288 2942 οὐ
2315 2888 2460 2957 λέγει
2474 2891 2502 2942 6
2521 2888 2620 2959 τῆς
2635 2889 2961 2960 Ἐκκλησίας
2984 2887 3284 2960 προεστὼς,
3308 2885 3511 2956 Εἰρήνη
3532 2883 3665 2951 ὑμῖν

2106 2973 2313 3038 ἁπλῶς,
2339 2973 2477 3037 ἀλλ’,
2518 2973 2743 3041 Εἰρήνη
2771 2973 2940 3027 πᾶσι.
2971 2971 3036 3025 Τί
3068 2970 3177 3042 7&9
3204 2970 3414 3039 ὀφελος,
3448 2966 3514 3020 ἂν
3545 2964 3691 3033 μετά

2103 3056 2258 3110 τοῦδε
2290 3055 2388 3126 μὲν
2433 3056 2658 3128 εἰρήνην
2706 3055 2940 3126 ἔχωμεν,
2981 3053 3097 3125 μεθ’
3133 3054 3322 3124 ἑτέρου
3352 3050 3411 3104 δὲ
3451 3048 3691 3120 πόλεμον

2104 3140 2199 3192 καὶ
2235 3138 2446 3209 μάχην;
2486 3138 2540 3190 τί
2572 3139 2633 3191 τὸ
2668 3138 2891 3208 κέρδος;
2921 3138 3054 3190 Οὐδὲ
3083 3137 3189 3209 7&9
3226 3138 3286 3189 ἐν
3318 3133 3396 3204 τῷ
3441 3134 3689 3202 σώματι,

2104 3221 2172 3275 ἀν
2216 3220 2284 3272 τὰ
2326 3219 2424 3290 μὲν
2457 3220 2702 3291 ἡσυχάζῃ
2746 3220 2854 3274 τῶν
2900 3221 3200 3290 στοιχείων,
3245 3220 3313 3272 τά
3355 3218 3411 3271 δὲ
3455 3216 3681 3269 διασταο

2105 3301 2300 3374 σιάζῃ,
2336 3302 2560 3355 δυνατὸν
2607 3303 2816 3370 ὑγίειαν
2848 3303 3167 3356 συνεστάναι
3216 3302 3366 3364 ποτὲ,
3395 3299 3530 3353 ἀλλά
3584 3299 3674 3352 διὲι

2101 3384 2199 3455 τῆς
2235 3384 2489 3439 ἀπάντων
2518 3385 2773 3449 εὐταξίας
2804 3387 2897 3439 καὶ
2932 3387 3253 3456 συμφωνίας
3276 3385 3371 3437 καὶ
3408 3383 3637 3454 εἰρήνης
3662 3399 3677 3414 ο

2103 3468 2205 3523 κάν
2257 3467 2333 3538 μὴ
2365 3468 2542 3521 πάντα
2574 3469 2847 3541 ἡσυχάζῃ,
2887 3468 2981 3522 καὶ
3021 3468 3250 3523 ἐπὶτῶν
3283 3465 3499 3520 οἰκείων
3540 3467 3689 3538 ὅρων

2105 3551 2265 3623 μένῃ,
2297 3550 2476 3604 πάντα
2509 3551 2976 3621 ἀνατραπήσεται.
3014 3551 3125 3606 Kal
3163 3551 3220 3603 ἐν
3266 3552 3332 3620 τῇ
3381 3547 3595 3621 διανοίᾳ
3626 3550 3689 3602 δέ

2100 3637 2167 3706 τῇ
2198 3634 2467 3705 ἡμετέρᾳ,
2497 3633 2592 3687 ἐὰν
2624 3635 2699 3704 μὴ
2726 3634 2929 3698 πάντες
2958 3633 3298 3704 ήσυχάζωσιν
3327 3633 3376 3686 οἰ
3404 3633 3685 3702 λογισμοὶ,

2101 3718 2290 3788 εἰρήνη
2323 3718 2425 3770 οὐκ
2465 3716 2640 3772 ἔσται.
2677 3716 2944 3771 Τοσοῦτόν
2972 3719 3119 3770 ἐστιν
3155 3716 3417 3785 ἀγαθὸνή
3460 3716 3683 3786 εἰρήνη,

2098 3799 2174 3862 ὡς
2196 3800 2346 3862 υἱοὺς
2384 3799 2520 3852 Θεοῦ
2565 3798 2848 3853 καλεῖσθαι
2887 3801 3016 3863 τοὺς
3057 3798 3227 3870 αὐτῆς
3262 3798 3488 3869 ποιητὰς
3527 3796 3697 3870 [368}

2100 3883 2196 3936 καὶ
2239 3882 2607 3953 δημιουργούς
2636 3898 2651 3913 ο
2701 3882 2959 3946 εἰκότως
3017 3881 3141 3935 ἐπεὶ
3181 3882 3275 3935 καὶ
3321 3883 3349 3934 ὁ
3407 3880 3527 3944 Υἱὸς
3582 3881 3685 3934 τοῦ

2100 3966 2237 4019 Θεοῦ
2292 3967 2385 4019 ἐπὶ
2426 3966 2602 4038 τούτῳ
2637 3962 2802 4037 ἦλθεν
2851 3967 2932 4030 εἰς
2958 3966 3056 4037 τὴν
3088 3969 3212 4036 γῆν,
3248 3965 3685 4036 εἰρηνοποιήσων

2097 4051 2165 4103 τὰ
2201 4050 2259 4101 ἐν
2286 4051 2351 4119 τῇ
2387 4052 2482 4121 γῇ,
2517 4050 2612 4104 καὶ
2641 4049 2709 4103 τὰ
2738 4052 2795 4104 ἐν
2824 4053 2937 4113 τοῖς
2958 4049 3227 4122 οὐρανοῖς,
3265 4049 3329 4102 Εἰ
3355 4048 3411 4101 δὲ
3441 4050 3490 4100 οἰ
3519 4049 3682 4119 εἰρηο

2098 4131 2305 4186 νοποιο“ι
2326 4134 2431 4184 υἱοὶ
2466 4132 2559 4185 τοῦ
2587 4132 2745 4196 Θεοῦ,
2772 4134 2821 4186 οἱ
2861 4133 3242 4202 νεωτεροποιοὶ
3272 4134 3377 4185 υἰοὶ
3400 4131 3675 4186 διαὸόλου.

2100 4214 2165 4266 Τί
2186 4214 2399 4282 λέγεις;
2430 4214 2576 4287 ἕρεις
2616 4216 2710 4270 καὶ
2739 4217 2920 4286 μάχας
2956 4215 3280 4287 ἐμὸἀλλειςς
3315 4215 3425 4268 Kal
3459 4215 3543 4278 τίς
3581 4217 3681 4269 οῦ-

2096 4315 2205 4360 τως
2240 4297 2443 4361 ἄθλιος,
2483 4298 2681 4369 φησίν;
2724 4299 2849 4353 Εἰσὶ
2874 4297 2984 4368 7&9
3030 4298 3216 4351 πολλοὶ
3258 4297 3541 4370 χαίροντες
3581 4300 3682 4353 ἐπὶ

2094 4384 2208 4443 τοῖς
2239 4385 2448 4448 κακοῖς,
2484 4383 2581 4435 καὶ
2619 4382 2680 4436 τὸ
2717 4382 2877 4452 σῶμα
2913 4381 3006 4436 τοῦ
3054 4381 3290 4452 Χριστοῦ
3339 4380 3681 4445 διασπῶντες

2101 4464 2324 4534 μᾶλλον,
2357 4465 2389 4536 ἢ
2431 4465 2480 4519 οἱ
2529 4464 2856 4533 στρατιῶται
2906 4467 2973 4536 τῇ
3023 4463 3191 4535 λόγχῃ
3228 4462 3524 4534 διέτεμνον,
3559 4463 3595 4535 ἢ
3627 4465 3682 4518 οἱ

2116 4547 2356 4602 Ἰουδαῖοι
2383 4550 2496 4611 τοῖς
2518 4548 2669 4619 ’ήλοις
2697 4546 2976 4618 διέκοψαν.
3012 4548 3221 4601 Ἐκεῖνο
3240 4546 3429 4600 τούτου
3453 4546 3680 4599 ἔλαττον

2092 4632 2154 4685 τὸ
2174 4632 2345 4685 κακόν
2370 4648 2383 4663 °
2418 4633 2602 4685 ἐκεῖνα
2636 4631 3009 4702 διατμηθέντα
3039 4631 3105 4685 τά
3152 4629 3286 4702 μέλη
3318 4628 3478 4684 πάλιν
3515 4630 3686 4702 συνή-

2093 4713 2239 4782 φθη·
2284 4712 2457 4767 ταῦτα
2488 4713 2544 4768 δὲ
2576 4713 3018 4779 ἀποσπασθέντα,
3067 4713 3133 4767 ἂν
3181 4711 3369 4765 ἐνθάδε
3414 4710 3490 4782 μὴ
3542 4728 3677 4765 συν-

2093 4797 2263 4870 αφθῇ,
2287 4798 2471 4851 οὐκέτι
2506 4795 2930 4868 συναφθήσεται,
2964 4796 3100 4850 ἀλλά
3135 4796 3285 4866 μένει
3315 4795 3410 4848 τοῦ
3449 4796 3677 4865 πληρῶ-

2094 4898 2263 4953 ματος
2290 4880 2416 4947 ἔξω.
2459 4882 2631 4935 Ὅταν
2671 4881 2833 4952 βούλῃ
2858 4881 2938 4951 τῷ
2974 4879 3189 4950 ἀδελφῷ
3219 4879 3546 4949 πολεμῆσαι,
3577 4881 3672 4933 ἐν·
3728 4910 3763 4930 ο

2090 4963 2281 5032 νόησον
2319 4964 2403 5018 ὅτι
2435 4966 2549 5027 τοῖς
2592 4964 2779 5034 μέλεσι
2820 4962 2912 5017 τοῦ
2960 4963 3197 5033 Χριστοῦ
3253 4962 3528 5031 πολεμεῖς.
3572 4964 3674 5015 καὶ

2090 5046 2297 5100 παῦσαι
2320 5047 2418 5116 τῆς
2453 5046 2670 5118 μανίας.
2699 5047 2763 5100 Τί
2789 5046 2918 5118 γὰρ,
2959 5048 3007 5099 εἰ
3046 5047 3454 5118 ἀπερῤιμμένος
3494 5046 3670 5111 ἐστὶν,

2088 5131 2136 5183 εἰ
2170 5129 2433 5201 εὐτελής;
2469 5130 2520 5183 τί
2544 5131 2674 5201 γὰρ,
2704 5133 2751 5184 εἰ
2781 5131 3287 5201 εὐκαταφρόνητος;
3327 5129 3528 5195 Οὕτως
3553 5132 3672 5184 οὐκ

2085 5212 2218 5266 ἐστι
2246 5209 2496 5279 θέλημα,
2534 5214 2721 5284 φησὶν,
2751 5213 3095 5282 ἔμπροσθεν
3129 5212 3236 5267 τοῦ
3265 5212 3497 5279 Πατρός
3520 5230 3667 5279 μου,

2085 5295 2187 5347 ἵνα
2222 5294 2525 5361 ἀπόληται
2552 5292 2643 5360 εἷς
2665 5294 2786 5348 τῶν
2806 5295 3037 5365 μικρῶν
3062 5297 3288 5349 τούτων
3306 5311 3320 5326 ο
3347 5296 3446 5348 καὶ
3474 5295 3662 5347 πάλινο

2081 5378 2146 5429 οι
2174 5375 2415 5446 ἄγγελοι
2449 5375 2653 5433 αὐτῶν
2687 5377 3018 5445 διαπαντὸς
3038 5377 3349 5443 βλέπουσι
3373 5380 3441 5432 τὸ
3470 5381 3665 5446 πρόσ-

2084 5471 2248 5512 ωπον
2286 5458 2392 5513 τοῦ
2436 5459 2666 5527 Πατρός
2703 5477 2822 5528 μου
2855 5460 2962 5514 τοῦ
3001 5461 3073 5515 ὲν
3099 5462 3223 5528 τοῖς
3249 5460 3551 5530 οὐρανοῖς.
3605 5462 3666 5515 '0

2086 5542 2217 5605 Θεὸς
2254 5542 2322 5595 δι’
2356 5541 2519 5597 αὐτὸν
2557 5544 2653 5597 καὶ
2682 5543 2867 5608 δοῦλος
2899 5545 3137 5613 ἐγένετο,
3175 5547 3271 5600 καὶ
3303 5546 3516 5616 ἐσφάγη
3546 5560 3561 5574 ·
3596 5547 3664 5600 σὺ

2082 5625 2139 5678 δὲ
2167 5624 2319 5678 οὐδὲν
2344 5625 2506 5678 αὐτὸν
2535 5621 2674 5681 εἶναι
2695 5628 2970 5697 νομίζεις;
2995 5629 3205 5683 Οὐκοῦν
3230 5629 3376 5701 μάχῃ
3401 5630 3497 5682 καί⁵
3518 5629 3665 5683 κατά

2082 5706 2241 5761 τοῦτο
2267 5707 2346 5779 τῷ
2383 5708 2524 5779 Θεῷ,
2567 5710 2958 5789 τάςθέναντίας
3000 5712 3152 5783 αὐτῷ
3192 5714 3374 5782 φέρων
3419 5711 3661 5781 ψήφους.

2086 5790 2256 5846 Ὅταν
2284 5791 2499 5864 εἰσέλθῃ
2538 5792 2567 5846 6
2598 5792 2696 5863 τῆς
2749 5793 3072 5865 Ἐκκλησίας
3108 5793 3407 5866 προεστὼς,
3443 5793 3654 5858 εὐθέως
