4064 6210
314 266 420 324 ﬁl

312 377 606 443 habitavit,
649 391 756 434 non
810 376 1054 448 operatio
1101 376 1299 448 aliqua,
1346 376 1441 432 sed
1486 374 1739 433 essentia.
1792 370 1908 426 Non

312 478 499 539 potest
525 468 684 523 ullam
712 467 891 524 dicere
915 482 1155 532 causam,
1179 468 1278 523 nisi
1310 468 1403 523 Dei
1420 468 1747 523 voluntatem
1773 482 1785 518 :
1811 463 1914 518 hoc

323 564 462 616 enim
492 571 596 625 est,
630 559 656 612 l
663 578 697 613 tt
718 561 829 628 ipso
853 560 1183 630 complacuit,
1212 569 1259 613 et
1281 576 1370 627 per
1397 575 1510 613 eum
1538 557 1709 612 omnia
1737 570 1913 609 recon—

318 651 497 705 ciliare
524 651 578 703 in
608 651 740 720 ipso.
772 648 849 703 Ne
876 649 1153 706 existimes
1180 648 1321 719 quod
1343 649 1482 703 servi
1514 656 1692 716 partes
1728 658 1913 700 susce-

322 742 482 812 perit,
513 739 580 794 In
630 742 816 811 seipso,
851 742 1039 810 inquit.
1073 741 1233 811 Atqui
1279 739 1405 794 alibi
1450 738 1581 794 dicit
1608 737 1750 808 quod
1800 737 1910 790 Deo

315 831 658 895 reconciliet,
692 833 828 886 sicut
855 832 906 885 in
935 830 1173 901 Epistula
1201 831 1266 886 ad
1309 830 1614 886 Corinthios
1643 827 1904 895 scribens,

321 924 554 980 dicebat.
618 924 783 978 Recte
832 933 1010 978 autem
1054 923 1222 989 dixit,
1286 923 1386 979 Per
1435 940 1547 979 eum
1583 923 1910 978 reconciliare

322 1017 340 1083 (
365 1015 420 1069 Ξ.
449 1015 571 1071 Cor.
603 1016 671 1071 15
692 1018 729 1084 ).
758 1015 875 1070 lam
903 1015 1046 1069 enim
1071 1025 1223 1070 erant
1251 1015 1602 1082 reconciliati,
1645 1014 1738 1069 sed
1789 1029 1910 1082 per-

324 1106 463 1161 fecte
512 1105 815 1176 oportebat,
861 1113 919 1159 ut
946 1121 1051 1159 non
1095 1115 1277 1160 essent
1317 1105 1548 1175 amplius
1592 1104 1642 1161 ei
1686 1104 1905 1159 inimici.

324 1195 603 1265 Quomodo
633 1195 684 1250 id
715 1195 826 1259 tiat,
859 1194 1096 1251 declarat
1120 1203 1326 1265 postea.
1355 1194 1467 1249 Non
1503 1196 1645 1250 enim
1677 1193 1797 1248 data
1827 1200 1908 1247 est

323 1287 497 1342 solum
528 1287 923 1354 reconciliatio,
974 1287 1067 1341 sed
1096 1287 1257 1343 etiam
1289 1287 1480 1342 modus
1506 1286 1907 1348 reconciliatio-

322 1377 425 1431 nis.
460 1375 754 1447 Paci/icans
793 1394 884 1446 per
928 1378 1225 1448 sanguinem
1250 1379 1415 1432 crucis
1442 1380 1569 1447 ejus.
1600 1376 1907 1434 Inimicitias

321 1468 538 1538 quidem
590 1467 827 1523 ostendit
871 1468 1021 1533 illud,
1073 1466 1454 1533 Reconciliare;
1499 1468 1699 1524 bellum
1727 1478 1907 1525 autem

318 1560 452 1615 illud
471 1602 487 1626 ,
520 1558 834 1629 Paciﬁcans.
868 1557 972 1613 Per
999 1559 1295 1631 sanguinem
1316 1599 1334 1626 ,
1367 1560 1555 1629 inquit,
1604 1560 1768 1615 crucis
1797 1560 1907 1629 ejus

319 1650 371 1703 in
399 1651 531 1719 ipso,
561 1651 664 1704 sive
684 1665 799 1718 qua:
823 1650 875 1702 in
901 1650 1067 1713 terris,
1095 1651 1199 1703 sive
1223 1665 1337 1719 qua:
1356 1650 1408 1703 in
1441 1650 1580 1704 caelis
1627 1659 1760 1705 sunt.
1795 1648 1904 1703 Mtt-

319 1757 486 1811 guum
516 1740 729 1812 quidem
757 1748 841 1794 est
886 1739 1271 1804 reconciliare;
1328 1754 1424 1809 per
1474 1740 1646 1808 ipsum
1688 1747 1900 1805 autem,

320 1831 528 1900 majus;
553 1841 606 1886 et
633 1846 698 1887 eo
720 1830 894 1900 majus
919 1839 1021 1897 est,
1044 1845 1140 1899 per
1166 1831 1479 1900 sanguinem
1526 1829 1659 1900 ejus.
1688 1828 1758 1885 Et
1798 1845 1904 1884 non

323 1923 504 1976 solum
534 1938 628 1993 per
663 1925 993 1993 sanguinem,
1043 1922 1137 1978 sed
1170 1922 1312 1992 quod
1341 1932 1421 1978 est
1457 1936 1522 1977 eo
1550 1922 1721 1992 majus
1744 1963 1759 1988 ,
1810 1937 1906 1992 per

328 2030 567 2069 erucem.
596 2014 949 2082 Quamobrem
993 2015 1228 2085 quinque
1255 2023 1382 2069 sunt
1405 2014 1761 2080 admirabilia,
1795 2015 1904 2069 Dco

325 2106 701 2171 reconciliavit,
734 2121 828 2175 per
856 2106 1113 2174 seipsum,
1140 2121 1234 2175 per
1256 2114 1504 2171 mortem,
1535 2120 1632 2174 per
1661 2119 1898 2159 erucem.

318 2198 513 2269 Papae!
539 2198 809 2269 quomodo
834 2212 1018 2253 rursus
1043 2197 1296 2253 miscuit?
1320 2197 1454 2254 Nam
1479 2212 1544 2253 ne
1571 2196 1905 2254 existimares

316 2305 482 2343 unum
510 2303 650 2353 esse,
694 2305 870 2359 neque
895 2303 1111 2345 erucem
1138 2303 1257 2343 esse
1281 2288 1479 2359 aliquid
1512 2304 1606 2358 per
1643 2303 1723 2351 se,
1751 2289 1900 2356 dicit,

315 2379 425 2433 Per
452 2380 697 2449 seipsum.
723 2377 1004 2444 Quomodo
1033 2379 1180 2433 novit
1206 2378 1307 2433 hoc
1327 2393 1445 2433 esse
1463 2380 1748 2448 magnum?
1768 2378 1902 2434 Cum

315 2489 423 2529 non
446 2474 645 2541 verbis,
672 2475 770 2530 sed
815 2475 995 2544 seipse
1018 2474 1142 2530 dato
1182 2490 1279 2545 pro
1323 2476 1776 2542 reconciliatione,
1826 2475 1904 2530 sic

313 2567 496 2622 omnia
546 2568 742 2624 eﬂ'ecit.
793 2568 933 2634 Quid
986 2577 1069 2623 est
1108 2578 1285 2623 autem
1312 2568 1462 2635 illud,
1490 2568 1689 2636 Quaein
1725 2568 1904 2623 ctelis?

312 2676 437 2715 mm
467 2676 588 2731 qua:
617 2661 670 2715 in
697 2669 841 2717 terra
871 2660 1083 2730 quidem
1107 2670 1246 2727 sunt,
1286 2661 1510 2729 merito;
1533 2662 1733 2731 repleta
1758 2662 1899 2716 enim

312 2761 429 2807 erat
455 2752 771 2819 inimicitiis,
803 2761 858 2807 et
883 2750 1050 2807 divisa
1085 2760 1198 2807 erat
1226 2752 1277 2805 in
1308 2751 1499 2822 multa,
1533 2761 1587 2807 et
1615 2752 1900 2823 unusquis-

312 2860 416 2916 que
439 2854 685 2899 nostrum
727 2858 910 2899 secum
960 2842 1254 2897 dissidebat
1295 2851 1346 2897 et
1372 2858 1492 2897 cum
1524 2842 1707 2896 multis
1739 2858 1751 2894 :
1781 2857 1901 2911 quae

310 2946 496 2988 autem
525 2945 651 2988 sunt
679 2933 732 2987 in
782 2932 932 2987 etelis
960 2931 1231 3001 quomodo
1260 2931 1595 3001 paciﬁcavit?
1634 2931 1740 2986 illic
1767 2946 1900 3002 quo-

310 3043 421 3097 que
451 3035 571 3081 erat
594 3025 797 3080 bellum
842 3034 896 3080 et
925 3026 1140 3094 pugna?
1172 3032 1226 3079 et
1276 3022 1546 3093 quomodo
1572 3037 1787 3078 oramus
1815 3023 1900 3077 di-

310 3127 537 3179 centes,
570 3114 691 3169 Fiat
733 3115 965 3169 uoluntas
1006 3124 1095 3167 tua
1135 3114 1262 3167 sicut
1305 3115 1356 3167 in
1395 3114 1519 3167 cwlo
1571 3122 1618 3166 et
1670 3113 1722 3166 in
1768 3124 1901 3168 terra

310 3206 547 3278 (Matth.
571 3204 623 3260 6.
648 3204 752 3276 10)
776 3205 799 3257 ?
821 3203 946 3274 quid
973 3218 1103 3272 ergo
1130 3203 1247 3257 est?
1276 3202 1525 3257 Abscissa
1550 3212 1663 3256 erat
1703 3211 1838 3257 terra
1869 3216 1900 3257 a

308 3300 452 3355 cado
480 3339 494 3363 ,
525 3298 722 3352 bellum
746 3296 1005 3368 gerebant
1033 3294 1204 3364 angeli
1231 3293 1484 3349 adversus
1510 3292 1753 3349 homines
1779 3334 1794 3360 ,
1823 3294 1901 3348 vi-

307 3394 508 3449 dentes
533 3407 686 3446 suum
714 3390 994 3446 Dominum
1014 3391 1210 3459 probro
1229 3396 1283 3442 et
1301 3387 1617 3442 contumelia
1631 3386 1898 3442 allectum.

308 3487 454 3542 Dicit
477 3485 656 3539 omnia
674 3483 953 3538 instaurari
972 3483 1025 3536 in
1046 3482 1276 3546 Christo,
1295 3496 1414 3550 quae
1443 3490 1565 3536 sunt
1585 3480 1635 3535 in
1664 3482 1825 3545 caelis,
1847 3489 1901 3536 et

194 3622 209 3636 .
304 3594 431 3648 quae
450 3575 651 3630 suntin
680 3583 819 3630 terra
841 3572 1069 3645 (Ephes.
1096 3574 1145 3628 l.
1175 3569 1304 3643 l0).
1330 3570 1647 3637 Quomodo?
1676 3571 1751 3626 Ea
1781 3585 1900 3640 quae

303 3678 440 3723 sunt
473 3668 525 3720 in
565 3665 695 3720 caelo
743 3664 821 3719 sic
859 3684 874 3719 :
928 3662 1195 3718 transtulit
1236 3662 1363 3715 illuc
1390 3660 1683 3726 hominem,
1725 3660 1901 3715 inimi-

302 3777 434 3817 cum
458 3760 552 3830 qui
570 3758 694 3812 odio
711 3756 1007 3812 habebatur
1030 3755 1135 3809 illis
1160 3753 1413 3809 reddidit.
1444 3752 1561 3808 Non
1585 3751 1757 3807 solum
1780 3766 1901 3822 quae

300 3861 435 3908 sunt
461 3851 516 3905 in
549 3860 686 3904 terra
712 3848 837 3903 fecit
867 3861 1052 3917 pacem
1081 3860 1259 3915 agere,
1285 3844 1380 3900 sed
1408 3843 1475 3899 ad
1511 3844 1658 3915 ipsos
1685 3842 1900 3899 sustulit

300 3947 526 4002 hostem
555 3950 610 3997 et
630 3941 924 3996 inimicum.
957 3938 1068 3994 Hoc
1114 3953 1215 4008 pax
1246 3936 1529 4007 profunda.
1560 3935 1747 4006 Angeli
1773 3951 1899 4018 rur-

297 4054 393 4094 sus
423 4042 725 4090 cernuntur
751 4033 803 4086 in
837 4041 996 4096 terra,
1021 4030 1270 4100 quoniam
1310 4028 1472 4083 homo
1495 4042 1710 4099 quoque
1731 4042 1897 4098 appa-

297 4130 411 4183 ruit
441 4128 499 4180 in
532 4123 686 4178 erelo.
714 4121 842 4177 Mihi
869 4129 1046 4175 autem
1072 4119 1283 4174 videtur
1326 4133 1390 4174 ea
1433 4117 1503 4174 de
1529 4132 1688 4173 causa
1735 4116 1899 4173 fuisse

297 4228 498 4288 raptus
539 4212 759 4278 Paulus,
789 4220 845 4267 et
897 4220 953 4266 ut
981 4209 1295 4265 ostenderet
1323 4208 1467 4279 quod
1495 4207 1663 4264 Filius
1686 4222 1898 4279 quoque

296 4312 429 4365 illuc
464 4310 541 4362 sit
569 4316 895 4375 assumptus.
927 4303 1057 4358 Nam
1086 4305 1142 4358 in
1170 4312 1314 4358 terra
1338 4317 1443 4372 pax
1483 4311 1566 4357 est
1595 4300 1817 4370 duplex,
1847 4310 1899 4358 et

292 4418 425 4457 cum
457 4398 789 4461 caelestibus,
820 4405 875 4452 et
895 4397 1034 4452 inter
1056 4409 1153 4461 se;
1184 4396 1235 4449 in
1268 4394 1415 4451 caelis
1442 4402 1618 4450 autem
1647 4393 1894 4464 simplex.

292 4492 437 4547 Nam
472 4491 522 4544 si
555 4498 776 4559 propter
800 4504 960 4542 unum
983 4495 1321 4556 peccatorem
1344 4486 1712 4555 paenitentiam
1738 4500 1899 4555 agen-

292 4593 406 4638 tctn
434 4582 696 4634 laetantur
711 4578 906 4648 angeli,
924 4578 1095 4632 multo
1120 4578 1291 4647 magis
1306 4585 1523 4646 prepter
1545 4584 1651 4630 tam
1679 4577 1895 4630 multos.

289 4673 424 4727 llaec
455 4671 644 4725 omnia
674 4667 848 4723 eﬂ‘eeit
879 4667 969 4723 Dei
999 4667 1187 4723 virtus.
1218 4668 1324 4723 Cur
1350 4682 1499 4737 ergo,
1525 4666 1714 4736 inquit,
1740 4680 1899 4736 ange-

288 4762 354 4816 its
386 4757 677 4815 conﬁditis
692 4756 714 4810 ?
732 4756 959 4811 Tantum
981 4757 1124 4813 enim
1146 4756 1317 4823 abest,
1341 4765 1400 4812 ut
1425 4756 1498 4812 illi
1521 4771 1614 4812 vos
1632 4756 1900 4811 adducant

286 4862 344 4905 et
375 4863 673 4905 accessum
705 4848 996 4916 praebeant,
1030 4857 1090 4902 ut
1113 4848 1273 4903 etiam
1298 4847 1500 4903 bellum
1526 4848 1810 4919 gesserint,
1844 4857 1899 4903 et

288 4941 396 4994 nisi
460 4952 567 4990 vos
619 4937 755 4993 Deus
803 4938 915 5008 ipse
962 4938 1067 4992 illis
1114 4938 1532 5005 reconciliasset,
1570 4954 1753 5009 pacem
1791 4953 1896 4994 non

290 5028 544 5083 habituri
563 5028 743 5082 eratis.
768 5027 904 5095 Quid
931 5044 1058 5099 ergo
1084 5030 1150 5082 ad
1176 5029 1299 5085 illos
1319 5030 1635 5084 aceurritis?
1656 5030 1745 5085 Vis
1761 5032 1898 5086 scire

288 5132 570 5190 quantum
597 5119 907 5189 angelorum
934 5129 1077 5175 esset
1102 5121 1154 5175 in
1183 5135 1281 5175 nos
1319 5120 1517 5184 odium,
1549 5132 1603 5175 ct
1629 5121 1896 5190 quomodo

288 5225 398 5265 nos
442 5224 667 5279 semper
703 5208 1125 5264 aversabantur?
1149 5210 1429 5264 Mittuntur
1468 5209 1535 5264 ad
1577 5211 1893 5281 supplicium

285 5300 567 5356 adversus
590 5297 884 5366 Israelitas,
915 5299 1171 5355 adversus
1203 5299 1390 5366 David,
1439 5300 1694 5357 adversus
1724 5302 1897 5357 Sodo-

284 5395 483 5455 initas,
523 5390 575 5445 in
607 5392 748 5446 valle
776 5392 972 5447 luctus.
1003 5392 1107 5449 Sed
1154 5409 1260 5448 non
1307 5409 1482 5459 nunc;
1530 5395 1638 5450 imo
1666 5406 1849 5450 contra
1875 5438 1891 5463 ,

283 5488 340 5541 in
375 5497 536 5540 terra
564 5484 836 5539 canebant
856 5484 1015 5539 valde
1052 5484 1331 5552 laetantes;
1367 5496 1422 5542 et
1451 5485 1549 5541 hos
1577 5485 1798 5542 deduxit
1825 5485 1894 5541 ad

279 5577 470 5649 ipsos,
507 5586 563 5631 et
590 5575 841 5633 homines
870 5578 995 5633 illuc
1014 5580 1253 5634 sustulit.

353 5670 416 5724 4.
468 5667 538 5721 In
587 5666 805 5723 decursu
850 5670 1000 5740 hujus
1039 5674 1238 5726 numeri
1263 5672 1448 5728 mentio
1472 5672 1563 5743 ﬁet
1598 5673 1661 5728 de
1684 5672 1891 5744 Angelis

1248 263 1317 321 1N
1354 261 1569 320 EPIST.
1611 259 1701 316 AD
1739 251 2007 315 COLOSS.
2054 255 2207 313 CAP.
2253 260 2293 315 Ι.
2325 261 2558 322 HOMIL.
2621 264 2711 321 lli.

3493 277 3599 332 322

2021 373 2313 430 custodibus
2332 393 2350 440 ,-
2375 393 2479 445 patr
2498 387 2545 432 et
2568 378 2841 434 concordia
2864 383 3349 440 contntendalmntur
3365 427 3380 452 ,
3422 391 3603 445 redar-

2019 471 2234 530 guentur
2260 464 2371 519 lites
2396 475 2443 520 et
2469 468 2700 523 dissidia.
2737 498 2808 512 —-
2834 470 2903 526 Et
2928 472 3056 528 mihi
3087 477 3451 547 contemplare
3481 495 3595 536 rem

2020 553 2339 612 mirandam.
2391 558 2503 614 Hos
2534 561 2735 630 primos
2762 564 2866 619 huc
2890 564 3141 633 deduxit;
3175 577 3229 624 et
3264 579 3393 625 tune
3415 570 3592 628 homi-

2019 658 2141 699 nem
2172 646 2240 702 ad
2262 662 2356 703 eos
2385 653 2640 711 sustulit:
2671 655 2859 710 etelum
2889 656 3022 714 facta
3045 669 3129 714 est
3160 668 3323 725 terra,
3346 666 3596 732 quoniam

2017 750 2136 803 qua:
2155 746 2311 792 erant
2332 746 2511 806 terrae,
2541 745 2730 799 etclam
2760 756 2875 801 erat
2899 758 3291 818 suscepturum.
3310 753 3594 823 Propterea

2016 826 2213 895 gratias
2239 839 2458 898 agentes
2483 833 2709 889 dicimus
2735 850 2751 889 :
2790 835 2968 892 Gloria
2992 839 3044 892 in
3071 842 3280 894 excelsis
3311 842 3438 902 Deo,
3471 854 3518 898 et
3542 845 3596 897 in

2018 924 2150 969 terra
2167 934 2290 987 pax,
2321 919 2602 977 hominibus
2624 924 2769 979 bona:
2784 926 3282 996 voluntatis(Luc.2.
3303 929 3408 1000 14).
3428 933 3587 997 Ecce,
3609 982 3613 986 .

2018 1006 2223 1076 inquit,
2272 1024 2637 1081 apparuerunt
2664 1015 2824 1069 etiam
2861 1001 3109 1074 homines
3131 1019 3198 1074 de
3228 1031 3422 1078 caetero
3455 1023 3592 1080 bene

2016 1097 2311 1167 placentes.
2368 1102 2503 1170 Quid
2540 1114 2625 1159 est
2647 1106 2784 1161 bene
2820 1108 3115 1176 placitum?
3156 1111 3541 1169 Rceonciliatio
3571 1132 3585 1169 :

2014 1203 2121 1243 non
2152 1198 2233 1245 est
2253 1193 2479 1261 amplius
2500 1194 2686 1249 caelum
2710 1198 2884 1266 paries
2909 1199 3276 1258 intermedius.
3299 1204 3479 1261 Primo
3500 1220 3591 1261 se-

2010 1277 2245 1333 eundum
2274 1296 2554 1337 numerum
2583 1288 2816 1352 gentium
2847 1298 3003 1344 erant
3045 1293 3222 1359 angeli
3272 1293 3446 1363 (Deut.
3497 1295 3588 1352 32.

2013 1368 2065 1424 8.
2091 1371 2145 1424 in
2172 1370 2411 1442 Crteco);
2470 1390 2612 1432 nunc
2635 1386 2811 1433 autem
2844 1394 2949 1434 non
2983 1382 3273 1437 secundum
3307 1402 3586 1442 numerum

2012 1461 2273 1530 gentium,
2299 1463 2393 1518 sed
2411 1466 2703 1521 secundum
2728 1484 3006 1525 numerum
3026 1470 3285 1529 ﬁdelium.
3311 1475 3465 1532 Unde
3485 1478 3588 1534 hoe

2014 1563 2224 1609 constat
2264 1555 2286 1609 ?
2312 1556 2451 1611 Audi
2480 1558 2749 1614 Christum
2780 1561 3045 1618 dicentem
3079 1583 3093 1620 :
3142 1565 3314 1622 Videte
3340 1585 3402 1622 ne
3424 1571 3593 1638 despi-

2011 1645 2155 1700 ciatis
2183 1663 2337 1701 unum
2361 1663 2423 1702 ea:
2460 1648 2569 1703 istis
2597 1651 2820 1720 pusillis.
2846 1654 3025 1723 Angeli
3051 1657 3182 1710 enim
3209 1674 3382 1712 eorum
3415 1677 3591 1730 perpe-

2014 1744 2100 1788 tuo
2120 1736 2285 1790 vident
2316 1737 2496 1807 faciem
2515 1737 2690 1793 Patris
2711 1741 2913 1810 mei,qui
2939 1744 3076 1798 estin
3102 1747 3237 1801 (telis
3260 1747 3470 1817 (Matth.
3499 1751 3588 1806 18.

2013 1826 2129 1897 10).
2159 1828 2535 1900 Unusquisque
2577 1832 2722 1886 enim
2751 1832 2923 1889 ﬁdelis
2956 1834 3112 1891 habet
3143 1839 3388 1909 angelum
3421 1858 3434 1895 :
3466 1858 3587 1897 nam

2010 1918 2167 1972 etiam
2181 1920 2248 1975 ab
2262 1920 2409 1976 initio
2419 1924 2777 1994 unusquisque
2786 1925 2865 1980 vir
2874 1927 3069 1996 probus
3083 1927 3588 2001 habebatangelum,

2015 2010 2158 2065 sicut
2184 2011 2313 2066 dicit
2334 2012 2523 2070 Jacob:
2550 2015 2772 2085 Angelus
2792 2019 2878 2087 qui
2898 2020 3059 2089 pascit
3084 2036 3163 2074 nte
3178 2031 3221 2075 et
3240 2022 3417 2077 liberat
3446 2040 3524 2077 me
3553 2042 3587 2079 a

2000 2102 2264 2171 juventute
2278 2122 2387 2160 mea
2409 2105 2562 2177 (Gen.
2581 2109 2801 2180 48.16).
2822 2110 2876 2165 Si
2904 2126 3032 2182 ergo
3062 2112 3316 2171 habemus
3339 2118 3582 2188 angelos,

2008 2193 2252 2251 modeste
2279 2212 2378 2253 nos
2405 2213 2652 2268 geramus
2684 2208 2952 2272 tamquam
2987 2203 3141 2259 nobis
3168 2205 3347 2262 adsint
3371 2209 3585 2279 quidam

2010 2286 2315 2359 ptedagogi:
2347 2305 2469 2344 nam
2509 2291 2662 2347 adest
2688 2294 2848 2348 etiam
2875 2294 3107 2351 daemon.
3132 2297 3424 2369 Pr0pterea
3455 2317 3583 2357 ora-

2008 2393 2148 2443 mus,
2176 2387 2231 2433 et
2285 2379 2514 2435 dicimus
2540 2390 2782 2450 petentes
2820 2387 3068 2455 angelum
3113 2390 3281 2457 pacis,
3312 2401 3367 2445 et
3393 2392 3586 2462 ubique

2008 2484 2193 2540 pacem
2224 2472 2475 2542 petimus.
2527 2474 2667 2529 Nihil
2693 2477 2834 2531 enim
2866 2488 3043 2547 potest
3068 2480 3116 2536 ei
3138 2483 3453 2552 acquiparari
3486 2502 3500 2539 :
3531 2485 3584 2540 in

2010 2561 2264 2617 Ecclesiis
2293 2572 2500 2632 pacem,
2534 2564 2588 2619 in
2619 2566 3122 2636 supplicationibus,
3156 2570 3209 2625 in
3240 2573 3582 2629 salutationi-

2007 2649 2140 2717 bus;
2187 2662 2240 2707 et
2283 2654 2448 2707 semel
2482 2662 2537 2708 et
2562 2654 2643 2710 bis
2676 2666 2731 2711 et
2762 2665 2874 2723 ter,
2906 2667 2960 2713 et
2988 2674 3132 2729 saepe
3158 2676 3274 2715 eam
3302 2662 3395 2717 dat
3420 2663 3465 2719 is
3493 2680 3582 2735 qut

2007 2751 2203 2811 prmest
2222 2742 2497 2810 Ecclesiae,
2521 2744 2707 2801 dicens
2731 2763 2745 2798 ε
2777 2745 2894 2801 Patr
2909 2749 3061 2804 vobis.
3087 2750 3300 2817 Quare?
3320 2752 3582 2821 Quoniam

2007 2835 2122 2904 ipsa
2148 2843 2231 2890 est
2252 2844 2423 2891 mater
2446 2836 2684 2891 omnium
2712 2838 2999 2908 bonorum,
3031 2841 3142 2911 ipsa
3163 2851 3245 2897 est
3269 2845 3447 2915 gaudii
3470 2861 3585 2900 ma-

2009 2926 2139 2981 teria
2182 2935 2238 2981 et
2283 2937 2678 2998 argumentum.
2733 2929 3023 3000 Propterea
3078 2932 3325 2989 Christus
3365 2952 3580 3008 quoque

2006 3016 2284 3086 apostolos
2304 3017 2495 3073 domos
2525 3018 2885 3088 ingredientes
2913 3021 3014 3077 hoc
3029 3022 3188 3093 jussit
3213 3026 3390 3080 statim
3408 3027 3585 3086 dicere

2007 3116 2274 3178 tamquam
2325 3108 2538 3179 aliquod
2590 3109 2849 3167 bonorum
2902 3115 3203 3184 symbolum
3250 3135 3263 3171 :
3325 3118 3585 3176 lntrantes

2006 3198 2170 3264 enim,
2191 3197 2380 3268 inquit,
2407 3199 2602 3267 domos,
2619 3200 2769 3256 dicite
2787 3218 2807 3256 :
2827 3201 2943 3258 Pax
2967 3205 3101 3260 vobis
3124 3206 3335 3277 (Matth.
3355 3210 3440 3266 l0.
3470 3211 3582 3282 12).

2003 3285 2135 3340 Nam
2156 3288 2199 3341 si
2226 3302 2289 3342 ea
2308 3302 2410 3341 non
2434 3289 2523 3355 sit,
2542 3290 2716 3344 omnia
2735 3301 2859 3345 sunt
2878 3308 3294 3363 supervacanea.
3315 3298 3382 3354 Et
3397 3294 3593 3358 rursus

2005 3378 2216 3434 dicebat
2234 3379 2541 3450 discipulis:
2575 3380 2761 3436 Pacem
2790 3385 3016 3455 relinquo
3038 3389 3191 3455 vobis,
3222 3409 3395 3461 pacem
3418 3411 3582 3449 nteant

2006 3470 2072 3524 do
2101 3471 2238 3526 vobis
2256 3471 2436 3541 (Joan.
2456 3474 2543 3528 Η.
2569 3474 2805 3545 27).]psa
2832 3478 2969 3531 viam
3001 3481 3173 3535 munit
3194 3482 3259 3536 ad
3283 3485 3580 3542 caritatem.

2005 3559 2075 3615 Et
2103 3575 2207 3615 non
2235 3560 2364 3615 dicit
2386 3562 2475 3631 qui
2507 3571 2702 3632 praeest
2732 3564 3007 3634 Ecclesiae,
3042 3568 3149 3623 Pax
3181 3571 3351 3638 vobis,
3380 3576 3584 3631 solum-

2004 3650 2200 3717 modo,
2233 3650 2326 3706 sed
2351 3693 2366 3718 ,
2412 3650 2531 3707 Pax
2578 3653 2826 3710 omnibus.
2857 3641 2992 3724 Quid
3043 3659 3208 3727 enim,
3261 3663 3306 3717 si
3335 3679 3453 3719 eum
3482 3665 3585 3722 hoe

2005 3742 2218 3812 quidem
2248 3757 2431 3813 pacem
2454 3743 2778 3813 habeamus,
2808 3762 2927 3802 cum
2956 3749 3048 3804 illo
3077 3761 3254 3807 autem
3286 3756 3486 3812 bellum
3525 3769 3581 3814 et

2004 3846 2258 3903 pugnam,
2304 3833 2432 3903 quid
2476 3834 2612 3890 lucri
2640 3836 2978 3893 referemus?
3012 3839 3194 3912 Neque
3215 3845 3357 3900 enim
3381 3847 3433 3901 in
3460 3864 3579 3905 coro

2005 3939 2170 3994 pore,
2223 3925 2269 3980 si
2297 3941 2362 3981 ex
2391 3926 2674 3984 elementis
2717 3929 2817 3984 alia
2860 3932 3074 4001 quidem
3106 3935 3424 4007 quiescant,
3477 3942 3579 3998 alia

2003 4032 2135 4072 vero
2161 4018 2479 4075 seditionem
2504 4022 2730 4092 agitent,
2752 4024 2862 4079 fieri
2893 4036 3068 4095 potest
3095 4039 3150 4085 ut
3181 4045 3430 4103 umquam
3459 4051 3589 4091 con-

2003 4109 2155 4164 sistat
2206 4111 2440 4179 sanitas,
2495 4113 2589 4168 sed
2635 4129 2732 4185 per
2761 4115 2957 4171 bonum
2989 4121 3225 4175 omnium
3257 4124 3500 4180 ordinem
3531 4132 3586 4182 et

2003 4214 2326 4257 consensum
2358 4212 2411 4258 et
2435 4219 2622 4274 pacem
2648 4225 2660 4259 :
2707 4215 2761 4260 et
2790 4208 2833 4261 si
2864 4224 2970 4262 non
2997 4212 3173 4265 omnia
3204 4213 3497 4283 quiescant,
3529 4227 3585 4273 et

2003 4291 2057 4347 itt
2088 4293 2199 4348 suis
2228 4294 2458 4363 propriis
2488 4304 2740 4349 maneant
2768 4298 3031 4360 terminis.
3057 4302 3232 4354 omnia
3251 4314 3580 4362 erertentur.

2004 4382 2060 4438 In
2091 4392 2269 4438 nostra
2291 4398 2504 4453 quoque
2534 4393 2712 4439 mente
2740 4387 2839 4440 nisi
2865 4402 3052 4442 omnes
3077 4391 3356 4459 quiescant
3383 4395 3584 4465 cogita-

2004 4476 2200 4541 tiones,
2228 4489 2328 4544 pax
2357 4489 2462 4527 non
2508 4474 2629 4529 erit.
2664 4474 2893 4530 Tantum
2922 4478 3119 4533 bonum
3144 4491 3227 4536 est
3255 4498 3377 4553 pax,
3410 4496 3467 4540 ut
3489 4487 3582 4543 lilii

2004 4568 2100 4623 Dei
2123 4576 2380 4623 vocentur
2406 4566 2524 4638 ejus
2544 4568 2828 4624 eli‘eetores
2868 4580 2916 4625 et
2959 4573 3332 4632 conciliaturas
3361 4577 3577 4648 (Matth.

2002 4660 2056 4716 5.
2087 4659 2182 4727 45)
2213 4675 2227 4712 :
2257 4668 2311 4715 et
2333 4660 2544 4714 merito.
2572 4659 2705 4714 Nam
2740 4660 2831 4716 Dei
2858 4660 3025 4717 Filius
3052 4663 3173 4719 ideo
3192 4681 3407 4737 quoque
3433 4671 3579 4726 venit

2003 4749 2057 4804 in
2077 4757 2272 4805 terram
2291 4749 2659 4819 paciﬁcaturus
2680 4766 2799 4813 quae
2827 4751 2878 4805 in
2910 4761 3074 4819 terra,
3107 4764 3162 4809 et
3190 4771 3308 4825 qua:
3338 4758 3392 4814 in
3411 4762 3575 4815 etclis.

2003 4839 2061 4896 Si
2084 4851 2260 4896 autem
2289 4840 2494 4911 pacifici
2525 4850 2650 4894 sunt
2679 4839 2775 4895 lilii
2807 4842 2929 4909 Dei,
2986 4843 3075 4914 qui
3101 4860 3187 4900 res
3211 4862 3376 4903 novas
3403 4851 3577 4905 moliri

2003 4931 2218 4986 student
2249 4939 2373 4985 sunt
2400 4931 2493 4985 lilii
2519 4930 2739 4986 diaboli.
2766 4932 2902 5000 Quid
2932 4933 3105 4990 dicis?
3147 4935 3268 4993 lites
3294 4949 3348 4994 et
3375 4954 3576 5011 pugnas

2002 5023 2283 5078 immittis?
2314 5022 2380 5076 Et
2405 5022 2523 5092 quis
2550 5031 2667 5088 est,
2721 5023 2928 5094 inquies
2950 5066 2965 5089 ,
2994 5026 3129 5083 adeo
3165 5028 3390 5085 infelix?
3435 5032 3573 5087 Sunt

2000 5117 2145 5171 enim
2174 5114 2325 5170 multi
2364 5114 2606 5170 laetantes
2635 5117 2787 5171 malis
2807 5157 2822 5181 ,
2864 5128 2918 5173 et
2956 5118 3151 5174 Christi
3184 5136 3381 5191 corpus
3408 5124 3575 5194 magis

2003 5207 2396 5277 diseerpentes,
2426 5221 2583 5277 quam
2612 5209 2809 5264 milites
2837 5209 2887 5263 id
2914 5209 3097 5265 lancea
3127 5210 3488 5280 disseeabant,
3520 5227 3576 5271 et

1999 5300 2167 5356 Judaei
2210 5299 2375 5354 clavis
2417 5299 2801 5355 dissolvebant.
2857 5301 2988 5356 Illud
3021 5300 3124 5357 hoc
3145 5303 3321 5359 minus
3347 5316 3431 5362 est
3458 5322 3575 5361 ma-

2001 5392 2147 5447 lum:
2198 5391 2286 5446 illa
2331 5391 2570 5446 membra
2601 5392 2828 5448 disseeta
2868 5407 3056 5448 rursus
3081 5393 3429 5465 coaluerunt;
3460 5398 3577 5453 iure

2001 5494 2178 5539 autem
2205 5482 2411 5548 avulsa,
2444 5483 2544 5537 nisi
2577 5482 2665 5538 hic
2694 5497 2879 5539 rursus
2906 5483 3104 5539 iuerint
3132 5487 3439 5557 conjuncta,
3469 5505 3575 5544 non

2001 5578 2392 5646 eonjungentur
2419 5575 2679 5645 amplius,
2732 5575 2827 5631 sed
2871 5587 3091 5632 manent.
3125 5591 3276 5634 extra
3325 5581 3577 5637 Ecclesiae

2004 5670 2408 5742 plenitudinem.
2451 5667 2676 5736 Quando
2722 5668 2868 5724 voles
2910 5684 3032 5726 eum
3063 5670 3227 5729 fratre
3255 5672 3452 5729 bellum
3477 5688 3572 5747 ge-
