  <div class='ocr_page' id='page_1' title='image "/cluster/home/n/w/nwhite01/storage/ocr_20150623/62/hvd.32044054086319/327.png"; bbox 0 0 4064 6210; ppageno 0'>
   <div class='ocr_carea' id='block_1_1' title="bbox 498 245 604 302">
    <p class='ocr_par' dir='ltr' id='par_1_1' title="bbox 498 245 604 302">
     <span class='ocr_line' id='line_1_1' title="bbox 498 245 604 302; baseline 0 -1"><span class='ocrx_word' id='word_1_1' title='bbox 498 245 604 302; x_wconf 72' lang='grc'><strong>325</strong></span> 
     </span>
    </p>
   </div>
   <div class='ocr_carea' id='block_1_2' title="bbox 511 343 2078 428">
    <p class='ocr_par' dir='ltr' id='par_1_2' title="bbox 511 343 2078 428">
     <span class='ocr_line' id='line_1_2' title="bbox 511 343 2078 428; baseline -0.011 -13"><span class='ocrx_word' id='word_1_2' title='bbox 511 374 652 425; x_wconf 89' lang='lat' dir='ltr'><strong>rere,</strong></span> <span class='ocrx_word' id='word_1_3' title='bbox 680 357 853 428; x_wconf 69' lang='lat' dir='ltr'><strong>cogita</strong></span> <span class='ocrx_word' id='word_1_4' title='bbox 879 363 929 412; x_wconf 88' lang='lat' dir='ltr'><strong>te</strong></span> <span class='ocrx_word' id='word_1_5' title='bbox 959 349 1158 410; x_wconf 90' lang='lat' dir='ltr'><strong>bellum</strong></span> <span class='ocrx_word' id='word_1_6' title='bbox 1194 366 1384 423; x_wconf 77' lang='lat' dir='ltr'><strong>gerere</strong></span> <span class='ocrx_word' id='word_1_7' title='bbox 1409 364 1528 404; x_wconf 93' lang='lat' dir='ltr'><strong>cum</strong></span> <span class='ocrx_word' id='word_1_8' title='bbox 1565 345 1821 402; x_wconf 85' lang='lat' dir='ltr'><strong>membris</strong></span> <span class='ocrx_word' id='word_1_9' title='bbox 1847 343 2078 406; x_wconf 84' lang='lat' dir='ltr'><strong>Christi,</strong></span> 
     </span>
    </p>
   </div>
   <div class='ocr_carea' id='block_1_3' title="bbox 503 435 2078 514">
    <p class='ocr_par' dir='ltr' id='par_1_3' title="bbox 503 435 2078 514">
     <span class='ocr_line' id='line_1_3' title="bbox 503 435 2078 514; baseline -0.014 -4"><span class='ocrx_word' id='word_1_10' title='bbox 503 464 556 510; x_wconf 87' lang='lat' dir='ltr'><strong>et</strong></span> <span class='ocrx_word' id='word_1_11' title='bbox 590 451 775 508; x_wconf 81' lang='lat' dir='ltr'><strong>desine</strong></span> <span class='ocrx_word' id='word_1_12' title='bbox 803 448 1002 503; x_wconf 89' lang='lat' dir='ltr'><strong>furere.</strong></span> <span class='ocrx_word' id='word_1_13' title='bbox 1029 445 1169 514; x_wconf 86' lang='lat' dir='ltr'><strong>Quid</strong></span> <span class='ocrx_word' id='word_1_14' title='bbox 1195 443 1362 507; x_wconf 89' lang='lat' dir='ltr'><strong>enim,</strong></span> <span class='ocrx_word' id='word_1_15' title='bbox 1391 441 1433 497; x_wconf 89' lang='lat' dir='ltr'><strong>si</strong></span> <span class='ocrx_word' id='word_1_16' title='bbox 1459 441 1502 494; x_wconf 89' lang='lat' dir='ltr'><strong>is</strong></span> <span class='ocrx_word' id='word_1_17' title='bbox 1531 447 1614 494; x_wconf 88' lang='lat' dir='ltr'><strong>est</strong></span> <span class='ocrx_word' id='word_1_18' title='bbox 1634 437 1894 507; x_wconf 87' lang='lat' dir='ltr'><strong>abjectus,</strong></span> <span class='ocrx_word' id='word_1_19' title='bbox 1925 435 1969 489; x_wconf 88' lang='lat' dir='ltr'><strong>si</strong></span> <span class='ocrx_word' id='word_1_20' title='bbox 1998 436 2078 490; x_wconf 83' lang='lat' dir='ltr'><strong>vi-</strong></span> 
     </span>
    </p>
   </div>
   <div class='ocr_carea' id='block_1_4' title="bbox 500 529 2083 607">
    <p class='ocr_par' dir='ltr' id='par_1_4' title="bbox 500 529 2083 607">
     <span class='ocr_line' id='line_1_4' title="bbox 500 529 2083 607; baseline -0.013 -9"><span class='ocrx_word' id='word_1_21' title='bbox 500 544 590 607; x_wconf 88' lang='lat' dir='ltr'><strong>lis,</strong></span> <span class='ocrx_word' id='word_1_22' title='bbox 623 541 666 596; x_wconf 86' lang='lat' dir='ltr'><strong>si</strong></span> <span class='ocrx_word' id='word_1_23' title='bbox 693 539 1140 595; x_wconf 87' lang='lat' dir='ltr'><strong>contemnendus?</strong></span> <span class='ocrx_word' id='word_1_24' title='bbox 1169 534 1290 590; x_wconf 89' lang='lat' dir='ltr'><strong>Non</strong></span> <span class='ocrx_word' id='word_1_25' title='bbox 1313 541 1404 598; x_wconf 83' lang='lat' dir='ltr'><strong>est,</strong></span> <span class='ocrx_word' id='word_1_26' title='bbox 1439 531 1629 602; x_wconf 88' lang='lat' dir='ltr'><strong>inquit,</strong></span> <span class='ocrx_word' id='word_1_27' title='bbox 1654 529 1888 583; x_wconf 74' lang='lat' dir='ltr'><strong>voluntas</strong></span> <span class='ocrx_word' id='word_1_28' title='bbox 1911 542 2083 580; x_wconf 88' lang='lat' dir='ltr'><strong>coram</strong></span> 
     </span>
    </p>
   </div>
   <div class='ocr_carea' id='block_1_5' title="bbox 503 621 2079 702">
    <p class='ocr_par' dir='ltr' id='par_1_5' title="bbox 503 621 2079 702">
     <span class='ocr_line' id='line_1_5' title="bbox 503 621 2079 702; baseline -0.007 -15"><span class='ocrx_word' id='word_1_29' title='bbox 503 635 662 689; x_wconf 84' lang='lat' dir='ltr'><strong>Patre</strong></span> <span class='ocrx_word' id='word_1_30' title='bbox 691 651 797 688; x_wconf 87' lang='lat' dir='ltr'><strong>meo</strong></span> <span class='ocrx_word' id='word_1_31' title='bbox 822 675 836 700; x_wconf 93' lang='lat'><strong>,</strong></span> <span class='ocrx_word' id='word_1_32' title='bbox 869 642 923 686; x_wconf 87' lang='lat' dir='ltr'><strong>ut</strong></span> <span class='ocrx_word' id='word_1_33' title='bbox 954 640 1125 702; x_wconf 75' lang='lat' dir='ltr'><strong>pereat</strong></span> <span class='ocrx_word' id='word_1_34' title='bbox 1163 646 1294 683; x_wconf 86' lang='lat' dir='ltr'><strong>unus</strong></span> <span class='ocrx_word' id='word_1_35' title='bbox 1319 645 1381 682; x_wconf 78' lang='lat' dir='ltr'><strong>ca:</strong></span> <span class='ocrx_word' id='word_1_36' title='bbox 1410 628 1488 681; x_wconf 78' lang='lat' dir='ltr'><strong>liis</strong></span> <span class='ocrx_word' id='word_1_37' title='bbox 1517 625 1718 696; x_wconf 76' lang='lat' dir='ltr'><strong>pusillis</strong></span> <span class='ocrx_word' id='word_1_38' title='bbox 1743 622 1956 692; x_wconf 80' lang='lat' dir='ltr'><strong>(Matth.</strong></span> <span class='ocrx_word' id='word_1_39' title='bbox 1995 621 2079 676; x_wconf 86' lang='lat' dir='ltr'><strong>l8.</strong></span> 
     </span>
    </p>
   </div>
   <div class='ocr_carea' id='block_1_6' title="bbox 507 715 2080 795">
    <p class='ocr_par' dir='ltr' id='par_1_6' title="bbox 507 715 2080 795">
     <span class='ocr_line' id='line_1_6' title="bbox 507 715 2080 795; baseline -0.011 -12"><span class='ocrx_word' id='word_1_40' title='bbox 507 730 592 795; x_wconf 75' lang='lat' dir='ltr'><strong>M)</strong></span> <span class='ocrx_word' id='word_1_41' title='bbox 617 745 632 792; x_wconf 87' lang='lat'><strong>;</strong></span> <span class='ocrx_word' id='word_1_42' title='bbox 665 736 717 781; x_wconf 88' lang='lat' dir='ltr'><strong>et</strong></span> <span class='ocrx_word' id='word_1_43' title='bbox 756 741 937 780; x_wconf 88' lang='lat' dir='ltr'><strong>rursus</strong></span> <span class='ocrx_word' id='word_1_44' title='bbox 963 766 977 790; x_wconf 94' lang='lat'><strong>,</strong></span> <span class='ocrx_word' id='word_1_45' title='bbox 1035 723 1214 793; x_wconf 74' lang='lat' dir='ltr'><strong>Angeli</strong></span> <span class='ocrx_word' id='word_1_46' title='bbox 1240 737 1410 774; x_wconf 85' lang='lat' dir='ltr'><strong>corum</strong></span> <span class='ocrx_word' id='word_1_47' title='bbox 1439 731 1681 789; x_wconf 80' lang='lat' dir='ltr'><strong>perpetuo</strong></span> <span class='ocrx_word' id='word_1_48' title='bbox 1710 716 1876 770; x_wconf 83' lang='lat' dir='ltr'><strong>vident</strong></span> <span class='ocrx_word' id='word_1_49' title='bbox 1905 715 2080 785; x_wconf 78' lang='lat' dir='ltr'><strong>{aciem</strong></span> 
     </span>
    </p>
   </div>
   <div class='ocr_carea' id='block_1_7' title="bbox 508 810 2081 886">
    <p class='ocr_par' dir='ltr' id='par_1_7' title="bbox 508 810 2081 886">
     <span class='ocr_line' id='line_1_7' title="bbox 508 810 2081 886; baseline -0.007 -15"><span class='ocrx_word' id='word_1_50' title='bbox 508 818 681 871; x_wconf 78' lang='lat' dir='ltr'><strong>Patris</strong></span> <span class='ocrx_word' id='word_1_51' title='bbox 707 820 832 883; x_wconf 88' lang='lat' dir='ltr'><strong>mei,</strong></span> <span class='ocrx_word' id='word_1_52' title='bbox 865 818 950 886; x_wconf 86' lang='lat' dir='ltr'><strong>qui</strong></span> <span class='ocrx_word' id='word_1_53' title='bbox 987 817 1039 868; x_wconf 92' lang='lat' dir='ltr'><strong>in</strong></span> <span class='ocrx_word' id='word_1_54' title='bbox 1063 815 1202 870; x_wconf 80' lang='lat' dir='ltr'><strong>ctelis</strong></span> <span class='ocrx_word' id='word_1_55' title='bbox 1229 824 1300 868; x_wconf 87' lang='lat' dir='ltr'><strong>est</strong></span> <span class='ocrx_word' id='word_1_56' title='bbox 1324 813 1432 881; x_wconf 88' lang='lat' dir='ltr'><strong>(Ib.</strong></span> <span class='ocrx_word' id='word_1_57' title='bbox 1465 829 1511 866; x_wconf 92' lang='lat' dir='ltr'><strong>v.</strong></span> <span class='ocrx_word' id='word_1_58' title='bbox 1539 810 1650 880; x_wconf 85' lang='grc'><strong>10).</strong></span> <span class='ocrx_word' id='word_1_59' title='bbox 1701 811 1840 864; x_wconf 89' lang='lat' dir='ltr'><strong>Deus</strong></span> <span class='ocrx_word' id='word_1_60' title='bbox 1865 818 2081 878; x_wconf 83' lang='lat' dir='ltr'><strong>propter</strong></span> 
     </span>
    </p>
   </div>
   <div class='ocr_carea' id='block_1_8' title="bbox 503 905 2078 978">
    <p class='ocr_par' dir='ltr' id='par_1_8' title="bbox 503 905 2078 978">
     <span class='ocr_line' id='line_1_8' title="bbox 503 905 2078 978; baseline -0.008 -14"><span class='ocrx_word' id='word_1_61' title='bbox 503 912 675 978; x_wconf 89' lang='lat' dir='ltr'><strong>ipsum</strong></span> <span class='ocrx_word' id='word_1_62' title='bbox 709 918 762 964; x_wconf 89' lang='lat' dir='ltr'><strong>et</strong></span> <span class='ocrx_word' id='word_1_63' title='bbox 799 923 986 963; x_wconf 89' lang='lat' dir='ltr'><strong>servus</strong></span> <span class='ocrx_word' id='word_1_64' title='bbox 1017 908 1188 961; x_wconf 87' lang='lat' dir='ltr'><strong>factus</strong></span> <span class='ocrx_word' id='word_1_65' title='bbox 1211 949 1227 969; x_wconf 88' lang='lat'><strong>,</strong></span> <span class='ocrx_word' id='word_1_66' title='bbox 1282 915 1336 960; x_wconf 91' lang='lat' dir='ltr'><strong>et</strong></span> <span class='ocrx_word' id='word_1_67' title='bbox 1373 905 1580 958; x_wconf 88' lang='lat' dir='ltr'><strong>occisus</strong></span> <span class='ocrx_word' id='word_1_68' title='bbox 1625 910 1745 956; x_wconf 89' lang='lat' dir='ltr'><strong>est:</strong></span> <span class='ocrx_word' id='word_1_69' title='bbox 1808 910 1860 954; x_wconf 91' lang='lat' dir='ltr'><strong>tu</strong></span> <span class='ocrx_word' id='word_1_70' title='bbox 1900 911 2078 954; x_wconf 83' lang='lat' dir='ltr'><strong>autem</strong></span> 
     </span>
    </p>
   </div>
   <div class='ocr_carea' id='block_1_9' title="bbox 500 993 2077 1065">
    <p class='ocr_par' dir='ltr' id='par_1_9' title="bbox 500 993 2077 1065">
     <span class='ocr_line' id='line_1_9' title="bbox 500 993 2077 1065; baseline -0.006 -11"><span class='ocrx_word' id='word_1_71' title='bbox 500 1017 621 1055; x_wconf 85' lang='lat' dir='ltr'><strong>eum</strong></span> <span class='ocrx_word' id='word_1_72' title='bbox 667 1001 798 1055; x_wconf 85' lang='lat' dir='ltr'><strong>nihil</strong></span> <span class='ocrx_word' id='word_1_73' title='bbox 829 1015 948 1054; x_wconf 81' lang='lat' dir='ltr'><strong>esse</strong></span> <span class='ocrx_word' id='word_1_74' title='bbox 980 999 1294 1054; x_wconf 83' lang='lat' dir='ltr'><strong>existimas?</strong></span> <span class='ocrx_word' id='word_1_75' title='bbox 1328 997 1468 1065; x_wconf 87' lang='lat' dir='ltr'><strong>Ergo</strong></span> <span class='ocrx_word' id='word_1_76' title='bbox 1496 996 1548 1048; x_wconf 90' lang='lat' dir='ltr'><strong>in</strong></span> <span class='ocrx_word' id='word_1_77' title='bbox 1576 993 1678 1048; x_wconf 89' lang='lat' dir='ltr'><strong>hoc</strong></span> <span class='ocrx_word' id='word_1_78' title='bbox 1711 1007 1922 1063; x_wconf 89' lang='lat' dir='ltr'><strong>quoque</strong></span> <span class='ocrx_word' id='word_1_79' title='bbox 1955 1005 2077 1044; x_wconf 93' lang='lat' dir='ltr'><strong>enm</strong></span> 
     </span>
    </p>
   </div>
   <div class='ocr_carea' id='block_1_10' title="bbox 497 1084 2073 1162">
    <p class='ocr_par' dir='ltr' id='par_1_10' title="bbox 497 1084 2073 1162">
     <span class='ocr_line' id='line_1_10' title="bbox 497 1084 2073 1162; baseline -0.006 -16"><span class='ocrx_word' id='word_1_80' title='bbox 497 1094 609 1147; x_wconf 81' lang='lat' dir='ltr'><strong>Deo</strong></span> <span class='ocrx_word' id='word_1_81' title='bbox 638 1108 859 1162; x_wconf 87' lang='lat' dir='ltr'><strong>pugnas,</strong></span> <span class='ocrx_word' id='word_1_82' title='bbox 891 1093 1212 1147; x_wconf 77' lang='lat' dir='ltr'><strong>contrariam</strong></span> <span class='ocrx_word' id='word_1_83' title='bbox 1242 1089 1290 1144; x_wconf 91' lang='lat' dir='ltr'><strong>ei</strong></span> <span class='ocrx_word' id='word_1_84' title='bbox 1329 1090 1505 1143; x_wconf 87' lang='lat' dir='ltr'><strong>ferens</strong></span> <span class='ocrx_word' id='word_1_85' title='bbox 1549 1086 1892 1141; x_wconf 86' lang='lat' dir='ltr'><strong>sententiam.</strong></span> <span class='ocrx_word' id='word_1_86' title='bbox 1941 1084 2073 1138; x_wconf 88' lang='lat' dir='ltr'><strong>Cum</strong></span> 
     </span>
    </p>
   </div>
   <div class='ocr_carea' id='block_1_11' title="bbox 498 1176 2075 1258">
    <p class='ocr_par' dir='ltr' id='par_1_11' title="bbox 498 1176 2075 1258">
     <span class='ocr_line' id='line_1_11' title="bbox 498 1176 2075 1258; baseline -0.008 -16"><span class='ocrx_word' id='word_1_87' title='bbox 498 1189 770 1258; x_wconf 78' lang='lat' dir='ltr'><strong>ingressus</strong></span> <span class='ocrx_word' id='word_1_88' title='bbox 799 1187 958 1241; x_wconf 86' lang='lat' dir='ltr'><strong>fuerit</strong></span> <span class='ocrx_word' id='word_1_89' title='bbox 988 1185 1031 1240; x_wconf 90' lang='lat' dir='ltr'><strong>is</strong></span> <span class='ocrx_word' id='word_1_90' title='bbox 1064 1185 1150 1254; x_wconf 90' lang='lat' dir='ltr'><strong>qui</strong></span> <span class='ocrx_word' id='word_1_91' title='bbox 1178 1191 1373 1253; x_wconf 73' lang='lat' dir='ltr'><strong>prmest</strong></span> <span class='ocrx_word' id='word_1_92' title='bbox 1400 1181 1672 1246; x_wconf 60' lang='lat' dir='ltr'><strong>Ecclesia&#39;,</strong></span> <span class='ocrx_word' id='word_1_93' title='bbox 1705 1178 1882 1233; x_wconf 90' lang='lat' dir='ltr'><strong>statim</strong></span> <span class='ocrx_word' id='word_1_94' title='bbox 1910 1176 2075 1241; x_wconf 87' lang='lat' dir='ltr'><strong>dicit,</strong></span> 
     </span>
    </p>
   </div>
   <div class='ocr_carea' id='block_1_12' title="bbox 497 1270 2075 1346">
    <p class='ocr_par' dir='ltr' id='par_1_12' title="bbox 497 1270 2075 1346">
     <span class='ocr_line' id='line_1_12' title="bbox 497 1270 2075 1346; baseline -0.008 -12"><span class='ocrx_word' id='word_1_95' title='bbox 497 1279 617 1334; x_wconf 74' lang='lat' dir='ltr'><strong>Pas:</strong></span> <span class='ocrx_word' id='word_1_96' title='bbox 641 1279 908 1341; x_wconf 83' lang='lat' dir='ltr'><strong>omnibus;</strong></span> <span class='ocrx_word' id='word_1_97' title='bbox 967 1276 1178 1346; x_wconf 82' lang='lat' dir='ltr'><strong>quando</strong></span> <span class='ocrx_word' id='word_1_98' title='bbox 1205 1289 1512 1329; x_wconf 87' lang='lat' dir='ltr'><strong>sermonem</strong></span> <span class='ocrx_word' id='word_1_99' title='bbox 1539 1271 1667 1326; x_wconf 78' lang='lat' dir='ltr'><strong>facit</strong></span> <span class='ocrx_word' id='word_1_100' title='bbox 1693 1285 1755 1325; x_wconf 90' lang='lat' dir='ltr'><strong>ac</strong></span> <span class='ocrx_word' id='word_1_101' title='bbox 1782 1270 2075 1324; x_wconf 85' lang='lat' dir='ltr'><strong>conciona-</strong></span> 
     </span>
    </p>
   </div>
   <div class='ocr_carea' id='block_1_13' title="bbox 497 1361 2073 1436">
    <p class='ocr_par' dir='ltr' id='par_1_13' title="bbox 497 1361 2073 1436">
     <span class='ocr_line' id='line_1_13' title="bbox 497 1361 2073 1436; baseline -0.007 -14"><span class='ocrx_word' id='word_1_102' title='bbox 497 1378 600 1431; x_wconf 88' lang='lat' dir='ltr'><strong>tnr,</strong></span> <span class='ocrx_word' id='word_1_103' title='bbox 637 1369 753 1423; x_wconf 74' lang='lat' dir='ltr'><strong>Pax</strong></span> <span class='ocrx_word' id='word_1_104' title='bbox 777 1367 1044 1430; x_wconf 85' lang='lat' dir='ltr'><strong>omnibus;</strong></span> <span class='ocrx_word' id='word_1_105' title='bbox 1074 1365 1284 1436; x_wconf 84' lang='lat' dir='ltr'><strong>quando</strong></span> <span class='ocrx_word' id='word_1_106' title='bbox 1327 1363 1612 1428; x_wconf 88' lang='lat' dir='ltr'><strong>benedicit,</strong></span> <span class='ocrx_word' id='word_1_107' title='bbox 1664 1361 1780 1416; x_wconf 76' lang='lat' dir='ltr'><strong>Pax</strong></span> <span class='ocrx_word' id='word_1_108' title='bbox 1804 1361 2073 1423; x_wconf 79' lang='lat' dir='ltr'><strong>euntibus;</strong></span> 
     </span>
    </p>
   </div>
   <div class='ocr_carea' id='block_1_14' title="bbox 494 1453 2073 1530">
    <p class='ocr_par' dir='ltr' id='par_1_14' title="bbox 494 1453 2073 1530">
     <span class='ocr_line' id='line_1_14' title="bbox 494 1453 2073 1530; baseline -0.005 -16"><span class='ocrx_word' id='word_1_109' title='bbox 494 1461 707 1529; x_wconf 84' lang='lat' dir='ltr'><strong>quando</strong></span> <span class='ocrx_word' id='word_1_110' title='bbox 745 1461 892 1530; x_wconf 87' lang='lat' dir='ltr'><strong>jubet</strong></span> <span class='ocrx_word' id='word_1_111' title='bbox 932 1460 1184 1521; x_wconf 88' lang='lat' dir='ltr'><strong>salutare,</strong></span> <span class='ocrx_word' id='word_1_112' title='bbox 1234 1458 1349 1512; x_wconf 73' lang='lat' dir='ltr'><strong>Pax</strong></span> <span class='ocrx_word' id='word_1_113' title='bbox 1395 1456 1667 1520; x_wconf 84' lang='lat' dir='ltr'><strong>omnibus;</strong></span> <span class='ocrx_word' id='word_1_114' title='bbox 1697 1453 1908 1524; x_wconf 88' lang='lat' dir='ltr'><strong>quando</strong></span> <span class='ocrx_word' id='word_1_115' title='bbox 1937 1455 2073 1523; x_wconf 82' lang='lat' dir='ltr'><strong>&#39;per-</strong></span> 
     </span>
    </p>
   </div>
   <div class='ocr_carea' id='block_1_15' title="bbox 493 1546 2072 1616">
    <p class='ocr_par' dir='ltr' id='par_1_15' title="bbox 493 1546 2072 1616">
     <span class='ocr_line' id='line_1_15' title="bbox 493 1546 2072 1616; baseline -0.004 -9"><span class='ocrx_word' id='word_1_116' title='bbox 493 1564 669 1607; x_wconf 88' lang='lat' dir='ltr'><strong>actum</strong></span> <span class='ocrx_word' id='word_1_117' title='bbox 703 1553 861 1607; x_wconf 87' lang='lat' dir='ltr'><strong>fuerit</strong></span> <span class='ocrx_word' id='word_1_118' title='bbox 890 1552 1206 1606; x_wconf 83' lang='lat' dir='ltr'><strong>sacrificium</strong></span> <span class='ocrx_word' id='word_1_119' title='bbox 1228 1591 1243 1616; x_wconf 88' lang='lat'><strong>,</strong></span> <span class='ocrx_word' id='word_1_120' title='bbox 1279 1549 1394 1603; x_wconf 75' lang='lat' dir='ltr'><strong>Pax</strong></span> <span class='ocrx_word' id='word_1_121' title='bbox 1419 1549 1690 1610; x_wconf 85' lang='lat' dir='ltr'><strong>omnibus;</strong></span> <span class='ocrx_word' id='word_1_122' title='bbox 1717 1555 1772 1601; x_wconf 90' lang='lat' dir='ltr'><strong>et</strong></span> <span class='ocrx_word' id='word_1_123' title='bbox 1809 1559 1994 1600; x_wconf 86' lang='lat' dir='ltr'><strong>rursus</strong></span> <span class='ocrx_word' id='word_1_124' title='bbox 2021 1546 2072 1600; x_wconf 90' lang='lat' dir='ltr'><strong>in</strong></span> 
     </span>
    </p>
   </div>
   <div class='ocr_carea' id='block_1_16' title="bbox 493 1636 2074 1712">
    <p class='ocr_par' dir='ltr' id='par_1_16' title="bbox 493 1636 2074 1712">
     <span class='ocr_line' id='line_1_16' title="bbox 493 1636 2074 1712; baseline -0.006 -14"><span class='ocrx_word' id='word_1_125' title='bbox 493 1645 684 1710; x_wconf 82' lang='lat' dir='ltr'><strong>medio,</strong></span> <span class='ocrx_word' id='word_1_126' title='bbox 723 1644 899 1698; x_wconf 79' lang='lat' dir='ltr'><strong>Gratia</strong></span> <span class='ocrx_word' id='word_1_127' title='bbox 923 1643 1055 1696; x_wconf 82' lang='lat' dir='ltr'><strong>vobis</strong></span> <span class='ocrx_word' id='word_1_128' title='bbox 1086 1651 1131 1697; x_wconf 85' lang='lat' dir='ltr'><strong>et</strong></span> <span class='ocrx_word' id='word_1_129' title='bbox 1161 1657 1281 1712; x_wconf 76' lang='lat' dir='ltr'><strong>pax.</strong></span> <span class='ocrx_word' id='word_1_130' title='bbox 1307 1639 1584 1706; x_wconf 84' lang='lat' dir='ltr'><strong>Quomodo</strong></span> <span class='ocrx_word' id='word_1_131' title='bbox 1600 1653 1726 1707; x_wconf 90' lang='lat' dir='ltr'><strong>ergo</strong></span> <span class='ocrx_word' id='word_1_132' title='bbox 1752 1652 1858 1690; x_wconf 92' lang='lat' dir='ltr'><strong>non</strong></span> <span class='ocrx_word' id='word_1_133' title='bbox 1885 1636 2074 1691; x_wconf 80' lang='lat' dir='ltr'><strong>absur-</strong></span> 
     </span>
    </p>
   </div>
   <div class='ocr_carea' id='block_1_17' title="bbox 491 1731 2070 1800">
    <p class='ocr_par' dir='ltr' id='par_1_17' title="bbox 491 1731 2070 1800">
     <span class='ocr_line' id='line_1_17' title="bbox 491 1731 2070 1800; baseline -0.001 -16"><span class='ocrx_word' id='word_1_134' title='bbox 491 1737 639 1799; x_wconf 87' lang='lat' dir='ltr'><strong>dum,</strong></span> <span class='ocrx_word' id='word_1_135' title='bbox 673 1737 714 1789; x_wconf 90' lang='lat' dir='ltr'><strong>si</strong></span> <span class='ocrx_word' id='word_1_136' title='bbox 739 1736 895 1788; x_wconf 82' lang='lat' dir='ltr'><strong>toties</strong></span> <span class='ocrx_word' id='word_1_137' title='bbox 924 1735 1202 1789; x_wconf 88' lang='lat' dir='ltr'><strong>audientes</strong></span> <span class='ocrx_word' id='word_1_138' title='bbox 1231 1747 1328 1787; x_wconf 91' lang='lat' dir='ltr'><strong>nos</strong></span> <span class='ocrx_word' id='word_1_139' title='bbox 1349 1733 1545 1787; x_wconf 91' lang='lat' dir='ltr'><strong>habere</strong></span> <span class='ocrx_word' id='word_1_140' title='bbox 1574 1746 1781 1800; x_wconf 88' lang='lat' dir='ltr'><strong>pacem,</strong></span> <span class='ocrx_word' id='word_1_141' title='bbox 1813 1731 1953 1785; x_wconf 90' lang='lat' dir='ltr'><strong>inter</strong></span> <span class='ocrx_word' id='word_1_142' title='bbox 1972 1743 2070 1784; x_wconf 92' lang='lat' dir='ltr'><strong>nos</strong></span> 
     </span>
    </p>
   </div>
   <div class='ocr_carea' id='block_1_18' title="bbox 490 1822 2069 1894">
    <p class='ocr_par' dir='ltr' id='par_1_18' title="bbox 490 1822 2069 1894">
     <span class='ocr_line' id='line_1_18' title="bbox 490 1822 2069 1894; baseline -0.001 -15"><span class='ocrx_word' id='word_1_143' title='bbox 490 1826 684 1880; x_wconf 89' lang='lat' dir='ltr'><strong>bellum</strong></span> <span class='ocrx_word' id='word_1_144' title='bbox 719 1826 1008 1880; x_wconf 74' lang='lat' dir='ltr'><strong>habeamus</strong></span> <span class='ocrx_word' id='word_1_145' title='bbox 1031 1867 1043 1889; x_wconf 95' lang='lat'><strong>,</strong></span> <span class='ocrx_word' id='word_1_146' title='bbox 1075 1835 1127 1879; x_wconf 92' lang='lat' dir='ltr'><strong>et</strong></span> <span class='ocrx_word' id='word_1_147' title='bbox 1156 1826 1478 1894; x_wconf 75' lang='lat' dir='ltr'><strong>accipientes</strong></span> <span class='ocrx_word' id='word_1_148' title='bbox 1507 1832 1560 1878; x_wconf 90' lang='lat' dir='ltr'><strong>et</strong></span> <span class='ocrx_word' id='word_1_149' title='bbox 1585 1822 1872 1877; x_wconf 90' lang='lat' dir='ltr'><strong>reddentes</strong></span> <span class='ocrx_word' id='word_1_150' title='bbox 1893 1863 1908 1888; x_wconf 92' lang='lat'><strong>,</strong></span> <span class='ocrx_word' id='word_1_151' title='bbox 1949 1837 2069 1877; x_wconf 92' lang='lat' dir='ltr'><strong>cum</strong></span> 
     </span>
    </p>
   </div>
   <div class='ocr_carea' id='block_1_19' title="bbox 488 1916 2071 1987">
    <p class='ocr_par' dir='ltr' id='par_1_19' title="bbox 488 1916 2071 1987">
     <span class='ocr_line' id='line_1_19' title="bbox 488 1916 2071 1987; baseline -0.001 -16"><span class='ocrx_word' id='word_1_152' title='bbox 488 1919 656 1987; x_wconf 78' lang='lat' dir='ltr'><strong>ecqui</strong></span> <span class='ocrx_word' id='word_1_153' title='bbox 681 1918 771 1971; x_wconf 90' lang='lat' dir='ltr'><strong>dat</strong></span> <span class='ocrx_word' id='word_1_154' title='bbox 793 1933 979 1987; x_wconf 87' lang='lat' dir='ltr'><strong>pacem</strong></span> <span class='ocrx_word' id='word_1_155' title='bbox 1012 1919 1210 1973; x_wconf 86' lang='lat' dir='ltr'><strong>bellum</strong></span> <span class='ocrx_word' id='word_1_156' title='bbox 1238 1917 1528 1987; x_wconf 79' lang='lat' dir='ltr'><strong>geramus?</strong></span> <span class='ocrx_word' id='word_1_157' title='bbox 1561 1917 1702 1971; x_wconf 88' lang='lat' dir='ltr'><strong>Dicis</strong></span> <span class='ocrx_word' id='word_1_158' title='bbox 1724 1958 1739 1984; x_wconf 92' lang='lat'><strong>,</strong></span> <span class='ocrx_word' id='word_1_159' title='bbox 1776 1916 1840 1970; x_wconf 84' lang='lat' dir='ltr'><strong>Et</strong></span> <span class='ocrx_word' id='word_1_160' title='bbox 1867 1917 2071 1986; x_wconf 77' lang='lat' dir='ltr'><strong>spiritui</strong></span> 
     </span>
    </p>
   </div>
   <div class='ocr_carea' id='block_1_20' title="bbox 489 2009 2070 2079">
    <p class='ocr_par' dir='ltr' id='par_1_20' title="bbox 489 2009 2070 2079">
     <span class='ocr_line' id='line_1_20' title="bbox 489 2009 2070 2079; baseline -0.001 -15"><span class='ocrx_word' id='word_1_161' title='bbox 489 2023 602 2074; x_wconf 86' lang='lat' dir='ltr'><strong>tuo,</strong></span> <span class='ocrx_word' id='word_1_162' title='bbox 660 2021 713 2066; x_wconf 92' lang='lat' dir='ltr'><strong>et</strong></span> <span class='ocrx_word' id='word_1_163' title='bbox 734 2028 853 2066; x_wconf 90' lang='lat' dir='ltr'><strong>cum</strong></span> <span class='ocrx_word' id='word_1_164' title='bbox 886 2013 1013 2066; x_wconf 89' lang='lat' dir='ltr'><strong>foris</strong></span> <span class='ocrx_word' id='word_1_165' title='bbox 1037 2011 1422 2066; x_wconf 86' lang='lat' dir='ltr'><strong>calumniaris?</strong></span> <span class='ocrx_word' id='word_1_166' title='bbox 1453 2010 1550 2064; x_wconf 87' lang='lat' dir='ltr'><strong>llei</strong></span> <span class='ocrx_word' id='word_1_167' title='bbox 1577 2009 1708 2064; x_wconf 88' lang='lat' dir='ltr'><strong>mihi</strong></span> <span class='ocrx_word' id='word_1_168' title='bbox 1729 2049 1744 2076; x_wconf 96' lang='lat'><strong>,</strong></span> <span class='ocrx_word' id='word_1_169' title='bbox 1798 2024 1918 2079; x_wconf 73' lang='lat' dir='ltr'><strong>qua:</strong></span> <span class='ocrx_word' id='word_1_170' title='bbox 1944 2015 2070 2064; x_wconf 91' lang='lat' dir='ltr'><strong>sunt</strong></span> 
     </span>
    </p>
   </div>
   <div class='ocr_carea' id='block_1_21' title="bbox 485 2100 2068 2171">
    <p class='ocr_par' dir='ltr' id='par_1_21' title="bbox 485 2100 2068 2171">
     <span class='ocr_line' id='line_1_21' title="bbox 485 2100 2068 2171; baseline -0.001 -13"><span class='ocrx_word' id='word_1_171' title='bbox 485 2105 742 2159; x_wconf 64' lang='lat' dir='ltr'><strong>Ecclesia:</strong></span> <span class='ocrx_word' id='word_1_172' title='bbox 797 2104 1020 2158; x_wconf 89' lang='lat' dir='ltr'><strong>honesta</strong></span> <span class='ocrx_word' id='word_1_173' title='bbox 1063 2118 1125 2157; x_wconf 91' lang='lat' dir='ltr'><strong>ac</strong></span> <span class='ocrx_word' id='word_1_174' title='bbox 1157 2102 1495 2166; x_wconf 88' lang='lat' dir='ltr'><strong>veneranda,</strong></span> <span class='ocrx_word' id='word_1_175' title='bbox 1551 2101 1688 2156; x_wconf 82' lang='lat' dir='ltr'><strong>facta</strong></span> <span class='ocrx_word' id='word_1_176' title='bbox 1734 2109 1859 2156; x_wconf 89' lang='lat' dir='ltr'><strong>sunt</strong></span> <span class='ocrx_word' id='word_1_177' title='bbox 1887 2100 2068 2171; x_wconf 66' lang='lat' dir='ltr'><strong>ﬁgurae</strong></span> 
     </span>
    </p>
   </div>
   <div class='ocr_carea' id='block_1_22' title="bbox 485 2194 2070 2264">
    <p class='ocr_par' dir='ltr' id='par_1_22' title="bbox 485 2194 2070 2264">
     <span class='ocr_line' id='line_1_22' title="bbox 485 2194 2070 2264; baseline -0.003 -13"><span class='ocrx_word' id='word_1_178' title='bbox 485 2208 688 2252; x_wconf 89' lang='lat' dir='ltr'><strong>tantum</strong></span> <span class='ocrx_word' id='word_1_179' title='bbox 718 2213 917 2263; x_wconf 89' lang='lat' dir='ltr'><strong>rerum,</strong></span> <span class='ocrx_word' id='word_1_180' title='bbox 953 2196 1046 2251; x_wconf 90' lang='lat' dir='ltr'><strong>sed</strong></span> <span class='ocrx_word' id='word_1_181' title='bbox 1075 2212 1179 2250; x_wconf 92' lang='lat' dir='ltr'><strong>non</strong></span> <span class='ocrx_word' id='word_1_182' title='bbox 1209 2196 1382 2264; x_wconf 90' lang='lat' dir='ltr'><strong>aliqua</strong></span> <span class='ocrx_word' id='word_1_183' title='bbox 1410 2195 1611 2250; x_wconf 87' lang='lat' dir='ltr'><strong>veritas</strong></span> <span class='ocrx_word' id='word_1_184' title='bbox 1638 2195 1650 2248; x_wconf 89' lang='lat'>!</span> <span class='ocrx_word' id='word_1_185' title='bbox 1686 2195 1768 2249; x_wconf 90' lang='lat' dir='ltr'><strong>hei</strong></span> <span class='ocrx_word' id='word_1_186' title='bbox 1803 2194 1952 2260; x_wconf 89' lang='lat' dir='ltr'><strong>mihi,</strong></span> <span class='ocrx_word' id='word_1_187' title='bbox 1979 2209 2070 2248; x_wconf 90' lang='lat' dir='ltr'><strong>us-</strong></span> 
     </span>
    </p>
   </div>
   <div class='ocr_carea' id='block_1_23' title="bbox 489 2286 2064 2360">
    <p class='ocr_par' dir='ltr' id='par_1_23' title="bbox 489 2286 2064 2360">
     <span class='ocr_line' id='line_1_23' title="bbox 489 2286 2064 2360; baseline -0.005 -15"><span class='ocrx_word' id='word_1_188' title='bbox 489 2306 594 2360; x_wconf 86' lang='lat' dir='ltr'><strong>que</strong></span> <span class='ocrx_word' id='word_1_189' title='bbox 641 2291 705 2344; x_wconf 90' lang='lat' dir='ltr'><strong>ad</strong></span> <span class='ocrx_word' id='word_1_190' title='bbox 755 2291 915 2345; x_wconf 89' lang='lat' dir='ltr'><strong>verba</strong></span> <span class='ocrx_word' id='word_1_191' title='bbox 970 2297 1188 2343; x_wconf 89' lang='lat' dir='ltr'><strong>manent</strong></span> <span class='ocrx_word' id='word_1_192' title='bbox 1227 2288 1467 2360; x_wconf 88' lang='lat' dir='ltr'><strong>symbola</strong></span> <span class='ocrx_word' id='word_1_193' title='bbox 1513 2288 1699 2342; x_wconf 88' lang='lat' dir='ltr'><strong>horum</strong></span> <span class='ocrx_word' id='word_1_194' title='bbox 1727 2286 2064 2342; x_wconf 71' lang='lat' dir='ltr'><strong>castrorum!</strong></span> 
     </span>
    </p>
   </div>
   <div class='ocr_carea' id='block_1_24' title="bbox 487 2379 2065 2451">
    <p class='ocr_par' dir='ltr' id='par_1_24' title="bbox 487 2379 2065 2451">
     <span class='ocr_line' id='line_1_24' title="bbox 487 2379 2065 2451; baseline -0.002 -15"><span class='ocrx_word' id='word_1_195' title='bbox 487 2381 640 2436; x_wconf 87' lang='lat' dir='ltr'><strong>llmle</strong></span> <span class='ocrx_word' id='word_1_196' title='bbox 671 2382 830 2436; x_wconf 89' lang='lat' dir='ltr'><strong>etiam</strong></span> <span class='ocrx_word' id='word_1_197' title='bbox 872 2382 1128 2451; x_wconf 80' lang='lat' dir='ltr'><strong>ignoratis</strong></span> <span class='ocrx_word' id='word_1_198' title='bbox 1155 2396 1250 2434; x_wconf 88' lang='lat' dir='ltr'><strong>cur</strong></span> <span class='ocrx_word' id='word_1_199' title='bbox 1278 2381 1504 2446; x_wconf 88' lang='lat' dir='ltr'><strong>dicatur,</strong></span> <span class='ocrx_word' id='word_1_200' title='bbox 1542 2380 1657 2436; x_wconf 75' lang='lat' dir='ltr'><strong>Pas:</strong></span> <span class='ocrx_word' id='word_1_201' title='bbox 1680 2379 1928 2434; x_wconf 87' lang='lat' dir='ltr'><strong>onmibus.</strong></span> <span class='ocrx_word' id='word_1_202' title='bbox 1961 2379 2065 2435; x_wconf 82' lang='lat' dir='ltr'><strong>Sed</strong></span> 
     </span>
    </p>
   </div>
   <div class='ocr_carea' id='block_1_25' title="bbox 481 2469 2064 2542">
    <p class='ocr_par' dir='ltr' id='par_1_25' title="bbox 481 2469 2064 2542">
     <span class='ocr_line' id='line_1_25' title="bbox 481 2469 2064 2542; baseline 0 -16"><span class='ocrx_word' id='word_1_203' title='bbox 481 2473 660 2526; x_wconf 86' lang='lat' dir='ltr'><strong>audite</strong></span> <span class='ocrx_word' id='word_1_204' title='bbox 688 2472 960 2542; x_wconf 81' lang='lat' dir='ltr'><strong>deinceps,</strong></span> <span class='ocrx_word' id='word_1_205' title='bbox 986 2471 1112 2541; x_wconf 91' lang='lat' dir='ltr'><strong>quid</strong></span> <span class='ocrx_word' id='word_1_206' title='bbox 1133 2471 1274 2526; x_wconf 83' lang='lat' dir='ltr'><strong>dicat</strong></span> <span class='ocrx_word' id='word_1_207' title='bbox 1303 2469 1568 2535; x_wconf 77' lang='lat' dir='ltr'><strong>Christus,</strong></span> <span class='ocrx_word' id='word_1_208' title='bbox 1595 2471 1648 2525; x_wconf 88' lang='lat' dir='ltr'><strong>lu</strong></span> <span class='ocrx_word' id='word_1_209' title='bbox 1675 2485 2064 2541; x_wconf 85' lang='lat' dir='ltr'><strong>quamcumque</strong></span> 
     </span>
    </p>
   </div>
   <div class='ocr_carea' id='block_1_26' title="bbox 480 2560 2064 2631">
    <p class='ocr_par' dir='ltr' id='par_1_26' title="bbox 480 2560 2064 2631">
     <span class='ocr_line' id='line_1_26' title="bbox 480 2560 2064 2631; baseline -0.001 -15"><span class='ocrx_word' id='word_1_210' title='bbox 480 2575 658 2618; x_wconf 87' lang='lat' dir='ltr'><strong>autem</strong></span> <span class='ocrx_word' id='word_1_211' title='bbox 691 2563 960 2618; x_wconf 85' lang='lat' dir='ltr'><strong>civitatem</strong></span> <span class='ocrx_word' id='word_1_212' title='bbox 991 2562 1275 2617; x_wconf 87' lang='lat' dir='ltr'><strong>autvicum</strong></span> <span class='ocrx_word' id='word_1_213' title='bbox 1300 2562 1525 2631; x_wconf 90' lang='lat' dir='ltr'><strong>ingressi</strong></span> <span class='ocrx_word' id='word_1_214' title='bbox 1549 2561 1779 2628; x_wconf 88' lang='lat' dir='ltr'><strong>fueritis,</strong></span> <span class='ocrx_word' id='word_1_215' title='bbox 1807 2560 2064 2615; x_wconf 85' lang='lat' dir='ltr'><strong>Intrantes</strong></span> 
     </span>
    </p>
   </div>
   <div class='ocr_carea' id='block_1_27' title="bbox 484 2650 2057 2722">
    <p class='ocr_par' dir='ltr' id='par_1_27' title="bbox 484 2650 2057 2722">
     <span class='ocr_line' id='line_1_27' title="bbox 484 2650 2057 2722; baseline -0.003 -16"><span class='ocrx_word' id='word_1_216' title='bbox 484 2655 691 2707; x_wconf 85' lang='lat' dir='ltr'><strong>domum</strong></span> <span class='ocrx_word' id='word_1_217' title='bbox 718 2654 936 2708; x_wconf 75' lang='lat' dir='ltr'><strong>salutate</strong></span> <span class='ocrx_word' id='word_1_218' title='bbox 955 2654 1118 2720; x_wconf 86' lang='lat' dir='ltr'><strong>ipsam</strong></span> <span class='ocrx_word' id='word_1_219' title='bbox 1152 2668 1171 2707; x_wconf 90' lang='lat'><strong><em>:</em></strong></span> <span class='ocrx_word' id='word_1_220' title='bbox 1197 2662 1240 2707; x_wconf 88' lang='lat' dir='ltr'><strong>et</strong></span> <span class='ocrx_word' id='word_1_221' title='bbox 1272 2654 1316 2706; x_wconf 88' lang='lat' dir='ltr'><strong>si</strong></span> <span class='ocrx_word' id='word_1_222' title='bbox 1341 2652 1520 2706; x_wconf 84' lang='lat' dir='ltr'><strong>domus</strong></span> <span class='ocrx_word' id='word_1_223' title='bbox 1547 2650 1746 2721; x_wconf 81' lang='lat' dir='ltr'><strong>quidem</strong></span> <span class='ocrx_word' id='word_1_224' title='bbox 1773 2653 1837 2706; x_wconf 93' lang='lat' dir='ltr'><strong>sit</strong></span> <span class='ocrx_word' id='word_1_225' title='bbox 1867 2653 2023 2722; x_wconf 87' lang='lat' dir='ltr'><strong>digna</strong></span> <span class='ocrx_word' id='word_1_226' title='bbox 2042 2692 2057 2717; x_wconf 89' lang='lat'><strong>,</strong></span> 
     </span>
    </p>
   </div>
   <div class='ocr_carea' id='block_1_28' title="bbox 477 2744 2055 2818">
    <p class='ocr_par' dir='ltr' id='par_1_28' title="bbox 477 2744 2055 2818">
     <span class='ocr_line' id='line_1_28' title="bbox 477 2744 2055 2818; baseline -0.003 -17"><span class='ocrx_word' id='word_1_227' title='bbox 477 2749 640 2802; x_wconf 79' lang='lat' dir='ltr'><strong>veniat</strong></span> <span class='ocrx_word' id='word_1_228' title='bbox 672 2763 775 2818; x_wconf 75' lang='lat' dir='ltr'><strong>prta:</strong></span> <span class='ocrx_word' id='word_1_229' title='bbox 802 2756 966 2800; x_wconf 84' lang='lat' dir='ltr'><strong>vestra</strong></span> <span class='ocrx_word' id='word_1_230' title='bbox 1012 2762 1163 2816; x_wconf 84' lang='lat' dir='ltr'><strong>super</strong></span> <span class='ocrx_word' id='word_1_231' title='bbox 1193 2747 1398 2815; x_wconf 84' lang='lat' dir='ltr'><strong>ipsam;</strong></span> <span class='ocrx_word' id='word_1_232' title='bbox 1442 2746 1519 2798; x_wconf 87' lang='lat' dir='ltr'><strong>sin</strong></span> <span class='ocrx_word' id='word_1_233' title='bbox 1563 2755 1729 2798; x_wconf 85' lang='lat' dir='ltr'><strong>autent</strong></span> <span class='ocrx_word' id='word_1_234' title='bbox 1757 2760 1856 2797; x_wconf 84' lang='lat' dir='ltr'><strong>non</strong></span> <span class='ocrx_word' id='word_1_235' title='bbox 1883 2745 1946 2797; x_wconf 87' lang='lat' dir='ltr'><strong>sit</strong></span> <span class='ocrx_word' id='word_1_236' title='bbox 1973 2744 2055 2796; x_wconf 82' lang='lat' dir='ltr'><strong>di-</strong></span> 
     </span>
    </p>
   </div>
   <div class='ocr_carea' id='block_1_29' title="bbox 475 2833 2056 2910">
    <p class='ocr_par' dir='ltr' id='par_1_29' title="bbox 475 2833 2056 2910">
     <span class='ocr_line' id='line_1_29' title="bbox 475 2833 2056 2910; baseline -0.004 -18"><span class='ocrx_word' id='word_1_237' title='bbox 475 2857 607 2909; x_wconf 85' lang='lat' dir='ltr'><strong>gna,</strong></span> <span class='ocrx_word' id='word_1_238' title='bbox 642 2855 744 2910; x_wconf 72' lang='lat' dir='ltr'><strong>pax</strong></span> <span class='ocrx_word' id='word_1_239' title='bbox 763 2849 927 2892; x_wconf 83' lang='lat' dir='ltr'><strong>vestra</strong></span> <span class='ocrx_word' id='word_1_240' title='bbox 953 2838 1021 2890; x_wconf 82' lang='lat' dir='ltr'><strong>ad</strong></span> <span class='ocrx_word' id='word_1_241' title='bbox 1050 2853 1134 2891; x_wconf 88' lang='lat' dir='ltr'><strong>vos</strong></span> <span class='ocrx_word' id='word_1_242' title='bbox 1167 2846 1442 2890; x_wconf 84' lang='lat' dir='ltr'><strong>revertatur</strong></span> <span class='ocrx_word' id='word_1_243' title='bbox 1465 2835 1482 2908; x_wconf 93' lang='lat'><strong>(</strong></span> <span class='ocrx_word' id='word_1_244' title='bbox 1505 2835 1687 2888; x_wconf 77' lang='lat' dir='ltr'><strong>Matth.</strong></span> <span class='ocrx_word' id='word_1_245' title='bbox 1717 2833 1804 2890; x_wconf 85' lang='grc'><strong>10.</strong></span> <span class='ocrx_word' id='word_1_246' title='bbox 1831 2834 1916 2888; x_wconf 68' lang='grc'><strong>12.</strong></span> <span class='ocrx_word' id='word_1_247' title='bbox 1946 2833 2056 2904; x_wconf 76' lang='grc'><strong>15).</strong></span> 
     </span>
    </p>
   </div>
   <div class='ocr_carea' id='block_1_30' title="bbox 478 2926 2061 3002">
    <p class='ocr_par' dir='ltr' id='par_1_30' title="bbox 478 2926 2061 3002">
     <span class='ocr_line' id='line_1_30' title="bbox 478 2926 2061 3002; baseline -0.004 -14"><span class='ocrx_word' id='word_1_248' title='bbox 478 2937 764 3002; x_wconf 80' lang='lat' dir='ltr'><strong>Propterea</strong></span> <span class='ocrx_word' id='word_1_249' title='bbox 789 2933 1079 2997; x_wconf 84' lang='lat' dir='ltr'><strong>nescimus,</strong></span> <span class='ocrx_word' id='word_1_250' title='bbox 1107 2931 1229 3001; x_wconf 90' lang='lat' dir='ltr'><strong>quia</strong></span> <span class='ocrx_word' id='word_1_251' title='bbox 1246 2930 1528 2984; x_wconf 86' lang='lat' dir='ltr'><strong>verborum</strong></span> <span class='ocrx_word' id='word_1_252' title='bbox 1554 2927 1774 2997; x_wconf 86' lang='lat' dir='ltr'><strong>ﬁguram</strong></span> <span class='ocrx_word' id='word_1_253' title='bbox 1799 2926 1914 2981; x_wconf 63' lang='lat' dir='ltr'><strong>haec</strong></span> <span class='ocrx_word' id='word_1_254' title='bbox 1940 2940 2061 2981; x_wconf 86' lang='lat' dir='ltr'><strong>esse</strong></span> 
     </span>
    </p>
   </div>
   <div class='ocr_carea' id='block_1_31' title="bbox 477 3019 2059 3089">
    <p class='ocr_par' dir='ltr' id='par_1_31' title="bbox 477 3019 2059 3089">
     <span class='ocr_line' id='line_1_31' title="bbox 477 3019 2059 3089; baseline -0.004 -10"><span class='ocrx_word' id='word_1_255' title='bbox 477 3025 869 3089; x_wconf 78' lang='lat' dir='ltr'><strong>existimamus,</strong></span> <span class='ocrx_word' id='word_1_256' title='bbox 902 3031 956 3078; x_wconf 90' lang='lat' dir='ltr'><strong>et</strong></span> <span class='ocrx_word' id='word_1_257' title='bbox 991 3037 1094 3076; x_wconf 93' lang='lat' dir='ltr'><strong>non</strong></span> <span class='ocrx_word' id='word_1_258' title='bbox 1125 3029 1303 3076; x_wconf 89' lang='lat' dir='ltr'><strong>mente</strong></span> <span class='ocrx_word' id='word_1_259' title='bbox 1330 3021 1671 3074; x_wconf 85' lang='lat' dir='ltr'><strong>assentimur.</strong></span> <span class='ocrx_word' id='word_1_260' title='bbox 1702 3019 1838 3073; x_wconf 88' lang='lat' dir='ltr'><strong>Num</strong></span> <span class='ocrx_word' id='word_1_261' title='bbox 1863 3034 1961 3089; x_wconf 91' lang='lat' dir='ltr'><strong>ego</strong></span> <span class='ocrx_word' id='word_1_262' title='bbox 1990 3019 2059 3073; x_wconf 91' lang='lat' dir='ltr'><strong>do</strong></span> 
     </span>
    </p>
   </div>
   <div class='ocr_carea' id='block_1_32' title="bbox 474 3109 2052 3185">
    <p class='ocr_par' dir='ltr' id='par_1_32' title="bbox 474 3109 2052 3185">
     <span class='ocr_line' id='line_1_32' title="bbox 474 3109 2052 3185; baseline -0.004 -17"><span class='ocrx_word' id='word_1_263' title='bbox 474 3115 698 3185; x_wconf 83' lang='lat' dir='ltr'><strong>pacem?</strong></span> <span class='ocrx_word' id='word_1_264' title='bbox 747 3115 992 3169; x_wconf 86' lang='lat' dir='ltr'><strong>Christus</strong></span> <span class='ocrx_word' id='word_1_265' title='bbox 1038 3122 1139 3179; x_wconf 89' lang='lat' dir='ltr'><strong>est,</strong></span> <span class='ocrx_word' id='word_1_266' title='bbox 1195 3113 1284 3183; x_wconf 87' lang='lat' dir='ltr'><strong>qui</strong></span> <span class='ocrx_word' id='word_1_267' title='bbox 1316 3127 1411 3181; x_wconf 84' lang='lat' dir='ltr'><strong>per</strong></span> <span class='ocrx_word' id='word_1_268' title='bbox 1456 3126 1553 3166; x_wconf 92' lang='lat' dir='ltr'><strong>nos</strong></span> <span class='ocrx_word' id='word_1_269' title='bbox 1591 3109 1732 3181; x_wconf 90' lang='lat' dir='ltr'><strong>loqui</strong></span> <span class='ocrx_word' id='word_1_270' title='bbox 1784 3110 2052 3180; x_wconf 81' lang='lat' dir='ltr'><strong>dignatur.</strong></span> 
     </span>
    </p>
   </div>
   <div class='ocr_carea' id='block_1_33' title="bbox 475 3203 2054 3275">
    <p class='ocr_par' dir='ltr' id='par_1_33' title="bbox 475 3203 2054 3275">
     <span class='ocr_line' id='line_1_33' title="bbox 475 3203 2054 3275; baseline -0.004 -12"><span class='ocrx_word' id='word_1_271' title='bbox 475 3209 695 3265; x_wconf 87' lang='lat' dir='ltr'><strong>Etiamsi</strong></span> <span class='ocrx_word' id='word_1_272' title='bbox 725 3208 870 3262; x_wconf 91' lang='lat' dir='ltr'><strong>omni</strong></span> <span class='ocrx_word' id='word_1_273' title='bbox 899 3208 1004 3261; x_wconf 92' lang='lat' dir='ltr'><strong>alio</strong></span> <span class='ocrx_word' id='word_1_274' title='bbox 1033 3214 1272 3275; x_wconf 90' lang='lat' dir='ltr'><strong>tempore</strong></span> <span class='ocrx_word' id='word_1_275' title='bbox 1303 3219 1486 3260; x_wconf 89' lang='lat' dir='ltr'><strong>sumus</strong></span> <span class='ocrx_word' id='word_1_276' title='bbox 1510 3203 1662 3259; x_wconf 83' lang='lat' dir='ltr'><strong>vacui</strong></span> <span class='ocrx_word' id='word_1_277' title='bbox 1691 3204 1860 3274; x_wconf 85' lang='lat' dir='ltr'><strong>gratia</strong></span> <span class='ocrx_word' id='word_1_278' title='bbox 1879 3244 1893 3270; x_wconf 98' lang='lat'><strong>,</strong></span> <span class='ocrx_word' id='word_1_279' title='bbox 1948 3217 2054 3257; x_wconf 93' lang='lat' dir='ltr'><strong>non</strong></span> 
     </span>
    </p>
   </div>
   <div class='ocr_carea' id='block_1_34' title="bbox 473 3295 2056 3368">
    <p class='ocr_par' dir='ltr' id='par_1_34' title="bbox 473 3295 2056 3368">
     <span class='ocr_line' id='line_1_34' title="bbox 473 3295 2056 3368; baseline -0.004 -15"><span class='ocrx_word' id='word_1_280' title='bbox 473 3309 649 3354; x_wconf 91' lang='lat' dir='ltr'><strong>tamen</strong></span> <span class='ocrx_word' id='word_1_281' title='bbox 678 3314 859 3353; x_wconf 91' lang='lat' dir='ltr'><strong>sumus</strong></span> <span class='ocrx_word' id='word_1_282' title='bbox 895 3312 1034 3352; x_wconf 92' lang='lat' dir='ltr'><strong>nunc</strong></span> <span class='ocrx_word' id='word_1_283' title='bbox 1060 3307 1278 3368; x_wconf 86' lang='lat' dir='ltr'><strong>prepter</strong></span> <span class='ocrx_word' id='word_1_284' title='bbox 1307 3313 1422 3352; x_wconf 88' lang='lat' dir='ltr'><strong>vos.</strong></span> <span class='ocrx_word' id='word_1_285' title='bbox 1457 3296 1588 3350; x_wconf 87' lang='lat' dir='ltr'><strong>Nam</strong></span> <span class='ocrx_word' id='word_1_286' title='bbox 1610 3297 1656 3351; x_wconf 92' lang='lat' dir='ltr'><strong>si</strong></span> <span class='ocrx_word' id='word_1_287' title='bbox 1687 3295 1738 3349; x_wconf 94' lang='lat' dir='ltr'><strong>in</strong></span> <span class='ocrx_word' id='word_1_288' title='bbox 1765 3296 1974 3348; x_wconf 91' lang='lat' dir='ltr'><strong>asinum</strong></span> <span class='ocrx_word' id='word_1_289' title='bbox 2002 3302 2056 3348; x_wconf 90' lang='lat' dir='ltr'><strong>ct</strong></span> 
     </span>
    </p>
   </div>
   <div class='ocr_carea' id='block_1_35' title="bbox 471 3387 2053 3462">
    <p class='ocr_par' dir='ltr' id='par_1_35' title="bbox 471 3387 2053 3462">
     <span class='ocr_line' id='line_1_35' title="bbox 471 3387 2053 3462; baseline -0.005 -15"><span class='ocrx_word' id='word_1_290' title='bbox 471 3395 523 3447; x_wconf 92' lang='lat' dir='ltr'><strong>in</strong></span> <span class='ocrx_word' id='word_1_291' title='bbox 547 3403 720 3448; x_wconf 84' lang='lat' dir='ltr'><strong>vatem</strong></span> <span class='ocrx_word' id='word_1_292' title='bbox 753 3402 972 3462; x_wconf 82' lang='lat' dir='ltr'><strong>Operata</strong></span> <span class='ocrx_word' id='word_1_293' title='bbox 997 3401 1078 3446; x_wconf 91' lang='lat' dir='ltr'><strong>est</strong></span> <span class='ocrx_word' id='word_1_294' title='bbox 1129 3392 1218 3446; x_wconf 91' lang='lat' dir='ltr'><strong>Dei</strong></span> <span class='ocrx_word' id='word_1_295' title='bbox 1245 3392 1414 3461; x_wconf 86' lang='lat' dir='ltr'><strong>gratia</strong></span> <span class='ocrx_word' id='word_1_296' title='bbox 1449 3398 1668 3460; x_wconf 75' lang='lat' dir='ltr'><strong>propter</strong></span> <span class='ocrx_word' id='word_1_297' title='bbox 1694 3387 2053 3456; x_wconf 89' lang='lat' dir='ltr'><strong>dispensatio-</strong></span> 
     </span>
    </p>
   </div>
   <div class='ocr_carea' id='block_1_36' title="bbox 470 3475 2052 3551">
    <p class='ocr_par' dir='ltr' id='par_1_36' title="bbox 470 3475 2052 3551">
     <span class='ocr_line' id='line_1_36' title="bbox 470 3475 2052 3551; baseline -0.008 -9"><span class='ocrx_word' id='word_1_298' title='bbox 470 3503 589 3542; x_wconf 82' lang='lat' dir='ltr'><strong>nem</strong></span> <span class='ocrx_word' id='word_1_299' title='bbox 621 3495 670 3541; x_wconf 91' lang='lat' dir='ltr'><strong>et</strong></span> <span class='ocrx_word' id='word_1_300' title='bbox 703 3485 1062 3541; x_wconf 86' lang='lat' dir='ltr'><strong>lsraelitarum</strong></span> <span class='ocrx_word' id='word_1_301' title='bbox 1093 3483 1377 3538; x_wconf 88' lang='lat' dir='ltr'><strong>utilitatetn</strong></span> <span class='ocrx_word' id='word_1_302' title='bbox 1405 3523 1418 3544; x_wconf 92' lang='lat'><strong>,</strong></span> <span class='ocrx_word' id='word_1_303' title='bbox 1470 3480 1730 3551; x_wconf 87' lang='lat' dir='ltr'><strong>liquidum</strong></span> <span class='ocrx_word' id='word_1_304' title='bbox 1779 3488 1860 3533; x_wconf 92' lang='lat' dir='ltr'><strong>est</strong></span> <span class='ocrx_word' id='word_1_305' title='bbox 1911 3475 2052 3546; x_wconf 90' lang='lat' dir='ltr'><strong>quod</strong></span> 
     </span>
    </p>
   </div>
   <div class='ocr_carea' id='block_1_37' title="bbox 469 3558 2052 3644">
    <p class='ocr_par' dir='ltr' id='par_1_37' title="bbox 469 3558 2052 3644">
     <span class='ocr_line' id='line_1_37' title="bbox 469 3558 2052 3644; baseline -0.007 -13"><span class='ocrx_word' id='word_1_306' title='bbox 469 3593 568 3634; x_wconf 91' lang='lat' dir='ltr'><strong>nec</strong></span> <span class='ocrx_word' id='word_1_307' title='bbox 599 3580 649 3632; x_wconf 92' lang='lat' dir='ltr'><strong>in</strong></span> <span class='ocrx_word' id='word_1_308' title='bbox 672 3593 768 3632; x_wconf 91' lang='lat' dir='ltr'><strong>nos</strong></span> <span class='ocrx_word' id='word_1_309' title='bbox 797 3577 1068 3633; x_wconf 84' lang='lat' dir='ltr'><strong>recusabit</strong></span> <span class='ocrx_word' id='word_1_310' title='bbox 1093 3574 1326 3644; x_wconf 85' lang='lat' dir='ltr'><strong>operari,</strong></span> <span class='ocrx_word' id='word_1_311' title='bbox 1355 3573 1447 3627; x_wconf 87' lang='lat' dir='ltr'><strong>sed</strong></span> <span class='ocrx_word' id='word_1_312' title='bbox 1474 3558 1575 3626; x_wconf 78' lang='lat' dir='ltr'><strong>hoc</strong></span> <span class='ocrx_word' id='word_1_313' title='bbox 1600 3585 1813 3642; x_wconf 88' lang='lat' dir='ltr'><strong>quoque</strong></span> <span class='ocrx_word' id='word_1_314' title='bbox 1835 3578 2052 3640; x_wconf 76' lang='lat' dir='ltr'><strong>propter</strong></span> 
     </span>
    </p>
   </div>
   <div class='ocr_carea' id='block_1_38' title="bbox 469 3670 900 3724">
    <p class='ocr_par' dir='ltr' id='par_1_38' title="bbox 469 3670 900 3724">
     <span class='ocr_line' id='line_1_38' title="bbox 469 3670 900 3724; baseline -0.007 0"><span class='ocrx_word' id='word_1_315' title='bbox 469 3685 568 3724; x_wconf 90' lang='lat' dir='ltr'><strong>nos</strong></span> <span class='ocrx_word' id='word_1_316' title='bbox 597 3670 900 3724; x_wconf 90' lang='lat' dir='ltr'><strong>sustinebit.</strong></span> 
     </span>
    </p>
   </div>
   <div class='ocr_carea' id='block_1_39' title="bbox 541 3753 2049 3829">
    <p class='ocr_par' dir='ltr' id='par_1_39' title="bbox 541 3753 2049 3829">
     <span class='ocr_line' id='line_1_39' title="bbox 541 3753 2049 3829; baseline -0.005 -14"><span class='ocrx_word' id='word_1_317' title='bbox 541 3762 594 3815; x_wconf 84' lang='lat'><strong>5.</strong></span> <span class='ocrx_word' id='word_1_318' title='bbox 630 3761 796 3814; x_wconf 81' lang='lat' dir='ltr'><strong>Nemo</strong></span> <span class='ocrx_word' id='word_1_319' title='bbox 823 3776 948 3829; x_wconf 85' lang='lat' dir='ltr'><strong>ergo</strong></span> <span class='ocrx_word' id='word_1_320' title='bbox 967 3760 1128 3821; x_wconf 85' lang='lat' dir='ltr'><strong>dicat.</strong></span> <span class='ocrx_word' id='word_1_321' title='bbox 1146 3774 1230 3812; x_wconf 94' lang='lat' dir='ltr'><strong>me</strong></span> <span class='ocrx_word' id='word_1_322' title='bbox 1251 3772 1371 3812; x_wconf 89' lang='lat' dir='ltr'><strong>esse</strong></span> <span class='ocrx_word' id='word_1_323' title='bbox 1394 3755 1760 3827; x_wconf 89' lang='lat' dir='ltr'><strong>imperfectum</strong></span> <span class='ocrx_word' id='word_1_324' title='bbox 1784 3753 2049 3822; x_wconf 81' lang='lat' dir='ltr'><strong>vilemque</strong></span> 
     </span>
    </p>
   </div>
   <div class='ocr_carea' id='block_1_40' title="bbox 466 3843 2044 3919">
    <p class='ocr_par' dir='ltr' id='par_1_40' title="bbox 466 3843 2044 3919">
     <span class='ocr_line' id='line_1_40' title="bbox 466 3843 2044 3919; baseline -0.006 -13"><span class='ocrx_word' id='word_1_325' title='bbox 466 3863 522 3906; x_wconf 89' lang='lat' dir='ltr'><strong>et</strong></span> <span class='ocrx_word' id='word_1_326' title='bbox 549 3853 814 3919; x_wconf 83' lang='lat' dir='ltr'><strong>ahjcctum</strong></span> <span class='ocrx_word' id='word_1_327' title='bbox 868 3859 922 3903; x_wconf 90' lang='lat' dir='ltr'><strong>et</strong></span> <span class='ocrx_word' id='word_1_328' title='bbox 970 3849 1167 3901; x_wconf 91' lang='lat' dir='ltr'><strong>nullius</strong></span> <span class='ocrx_word' id='word_1_329' title='bbox 1195 3849 1382 3915; x_wconf 88' lang='lat' dir='ltr'><strong>pretii,</strong></span> <span class='ocrx_word' id='word_1_330' title='bbox 1439 3856 1492 3900; x_wconf 92' lang='lat' dir='ltr'><strong>et</strong></span> <span class='ocrx_word' id='word_1_331' title='bbox 1532 3847 1600 3898; x_wconf 88' lang='lat' dir='ltr'><strong>ita</strong></span> <span class='ocrx_word' id='word_1_332' title='bbox 1631 3843 1758 3898; x_wconf 81' lang='lat' dir='ltr'><strong>milii</strong></span> <span class='ocrx_word' id='word_1_333' title='bbox 1787 3843 2044 3897; x_wconf 88' lang='lat' dir='ltr'><strong>attendat.</strong></span> 
     </span>
    </p>
   </div>
   <div class='ocr_carea' id='block_1_41' title="bbox 464 3935 2047 4008">
    <p class='ocr_par' dir='ltr' id='par_1_41' title="bbox 464 3935 2047 4008">
     <span class='ocr_line' id='line_1_41' title="bbox 464 3935 2047 4008; baseline -0.008 -8"><span class='ocrx_word' id='word_1_334' title='bbox 464 3948 592 4000; x_wconf 87' lang='lat' dir='ltr'><strong>Sum</strong></span> <span class='ocrx_word' id='word_1_335' title='bbox 620 3943 762 3998; x_wconf 87' lang='lat' dir='ltr'><strong>enim</strong></span> <span class='ocrx_word' id='word_1_336' title='bbox 794 3942 945 4006; x_wconf 85' lang='lat' dir='ltr'><strong>talis;</strong></span> <span class='ocrx_word' id='word_1_337' title='bbox 974 3939 1069 3994; x_wconf 89' lang='lat' dir='ltr'><strong>sed</strong></span> <span class='ocrx_word' id='word_1_338' title='bbox 1099 3953 1310 4008; x_wconf 86' lang='lat' dir='ltr'><strong>semper</strong></span> <span class='ocrx_word' id='word_1_339' title='bbox 1330 3937 1465 3991; x_wconf 89' lang='lat' dir='ltr'><strong>solet</strong></span> <span class='ocrx_word' id='word_1_340' title='bbox 1495 3937 1635 3990; x_wconf 92' lang='lat' dir='ltr'><strong>Deus</strong></span> <span class='ocrx_word' id='word_1_341' title='bbox 1662 3947 1877 4005; x_wconf 90' lang='lat' dir='ltr'><strong>propter</strong></span> <span class='ocrx_word' id='word_1_342' title='bbox 1907 3935 2047 3989; x_wconf 88' lang='lat' dir='ltr'><strong>mul-</strong></span> 
     </span>
    </p>
   </div>
   <div class='ocr_carea' id='block_1_42' title="bbox 467 4025 2047 4097">
    <p class='ocr_par' dir='ltr' id='par_1_42' title="bbox 467 4025 2047 4097">
     <span class='ocr_line' id='line_1_42' title="bbox 467 4025 2047 4097; baseline -0.006 -9"><span class='ocrx_word' id='word_1_343' title='bbox 467 4035 744 4090; x_wconf 88' lang='lat' dir='ltr'><strong>titudinem</strong></span> <span class='ocrx_word' id='word_1_344' title='bbox 770 4033 833 4086; x_wconf 89' lang='lat' dir='ltr'><strong>iis</strong></span> <span class='ocrx_word' id='word_1_345' title='bbox 857 4033 1019 4086; x_wconf 88' lang='lat' dir='ltr'><strong>etiam</strong></span> <span class='ocrx_word' id='word_1_346' title='bbox 1043 4029 1231 4084; x_wconf 86' lang='lat' dir='ltr'><strong>adesse</strong></span> <span class='ocrx_word' id='word_1_347' title='bbox 1263 4027 1352 4097; x_wconf 91' lang='lat' dir='ltr'><strong>qui</strong></span> <span class='ocrx_word' id='word_1_348' title='bbox 1382 4037 1506 4081; x_wconf 91' lang='lat' dir='ltr'><strong>sunt</strong></span> <span class='ocrx_word' id='word_1_349' title='bbox 1535 4025 1861 4093; x_wconf 85' lang='lat' dir='ltr'><strong>hujusmodi.</strong></span> <span class='ocrx_word' id='word_1_350' title='bbox 1897 4025 1962 4078; x_wconf 87' lang='lat' dir='ltr'><strong>Et</strong></span> <span class='ocrx_word' id='word_1_351' title='bbox 1991 4033 2047 4078; x_wconf 87' lang='lat' dir='ltr'><strong>ut</strong></span> 
     </span>
    </p>
   </div>
   <div class='ocr_carea' id='block_1_43' title="bbox 463 4115 2040 4188">
    <p class='ocr_par' dir='ltr' id='par_1_43' title="bbox 463 4115 2040 4188">
     <span class='ocr_line' id='line_1_43' title="bbox 463 4115 2040 4188; baseline -0.008 -8"><span class='ocrx_word' id='word_1_352' title='bbox 463 4141 577 4182; x_wconf 87' lang='lat' dir='ltr'><strong>rem</strong></span> <span class='ocrx_word' id='word_1_353' title='bbox 622 4123 802 4179; x_wconf 85' lang='lat' dir='ltr'><strong>sciatis</strong></span> <span class='ocrx_word' id='word_1_354' title='bbox 848 4123 916 4176; x_wconf 88' lang='lat' dir='ltr'><strong>ita</strong></span> <span class='ocrx_word' id='word_1_355' title='bbox 964 4135 1022 4175; x_wconf 89' lang='lat' dir='ltr'><strong>se</strong></span> <span class='ocrx_word' id='word_1_356' title='bbox 1064 4119 1297 4182; x_wconf 88' lang='lat' dir='ltr'><strong>habere;</strong></span> <span class='ocrx_word' id='word_1_357' title='bbox 1351 4117 1600 4188; x_wconf 89' lang='lat' dir='ltr'><strong>dignatus</strong></span> <span class='ocrx_word' id='word_1_358' title='bbox 1643 4125 1725 4169; x_wconf 90' lang='lat' dir='ltr'><strong>est</strong></span> <span class='ocrx_word' id='word_1_359' title='bbox 1755 4115 1898 4184; x_wconf 91' lang='lat' dir='ltr'><strong>loqui</strong></span> <span class='ocrx_word' id='word_1_360' title='bbox 1921 4129 2040 4168; x_wconf 89' lang='lat' dir='ltr'><strong>cum</strong></span> 
     </span>
    </p>
   </div>
   <div class='ocr_carea' id='block_1_44' title="bbox 461 4206 2040 4291">
    <p class='ocr_par' dir='ltr' id='par_1_44' title="bbox 461 4206 2040 4291">
     <span class='ocr_line' id='line_1_44' title="bbox 461 4206 2040 4291; baseline -0.009 -16"><span class='ocrx_word' id='word_1_361' title='bbox 461 4218 592 4274; x_wconf 86' lang='lat' dir='ltr'><strong>Cain</strong></span> <span class='ocrx_word' id='word_1_362' title='bbox 621 4227 837 4291; x_wconf 86' lang='lat' dir='ltr'><strong>prepter</strong></span> <span class='ocrx_word' id='word_1_363' title='bbox 872 4213 1042 4280; x_wconf 80' lang='lat' dir='ltr'><strong>Abel,</strong></span> <span class='ocrx_word' id='word_1_364' title='bbox 1092 4227 1212 4267; x_wconf 90' lang='lat' dir='ltr'><strong>cum</strong></span> <span class='ocrx_word' id='word_1_365' title='bbox 1265 4209 1478 4264; x_wconf 90' lang='lat' dir='ltr'><strong>diabolo</strong></span> <span class='ocrx_word' id='word_1_366' title='bbox 1512 4217 1728 4278; x_wconf 89' lang='lat' dir='ltr'><strong>propter</strong></span> <span class='ocrx_word' id='word_1_367' title='bbox 1756 4206 1885 4269; x_wconf 81' lang='lat' dir='ltr'><strong>Job,</strong></span> <span class='ocrx_word' id='word_1_368' title='bbox 1917 4221 2040 4260; x_wconf 93' lang='lat' dir='ltr'><strong>cum</strong></span> 
     </span>
    </p>
   </div>
   <div class='ocr_carea' id='block_1_45' title="bbox 463 4299 2040 4377">
    <p class='ocr_par' dir='ltr' id='par_1_45' title="bbox 463 4299 2040 4377">
     <span class='ocr_line' id='line_1_45' title="bbox 463 4299 2040 4377; baseline -0.009 -11"><span class='ocrx_word' id='word_1_369' title='bbox 463 4313 744 4366; x_wconf 88' lang='lat' dir='ltr'><strong>Pharaone</strong></span> <span class='ocrx_word' id='word_1_370' title='bbox 771 4316 988 4377; x_wconf 85' lang='lat' dir='ltr'><strong>propter</strong></span> <span class='ocrx_word' id='word_1_371' title='bbox 1011 4303 1233 4373; x_wconf 84' lang='lat' dir='ltr'><strong>Joseph,</strong></span> <span class='ocrx_word' id='word_1_372' title='bbox 1259 4317 1377 4356; x_wconf 91' lang='lat' dir='ltr'><strong>cum</strong></span> <span class='ocrx_word' id='word_1_373' title='bbox 1406 4299 1899 4356; x_wconf 86' lang='lat' dir='ltr'><strong>Nabuchodonosor</strong></span> <span class='ocrx_word' id='word_1_374' title='bbox 1921 4313 2040 4368; x_wconf 90' lang='lat' dir='ltr'><strong>pro-</strong></span> 
     </span>
    </p>
   </div>
   <div class='ocr_carea' id='block_1_46' title="bbox 461 4389 2036 4472">
    <p class='ocr_par' dir='ltr' id='par_1_46' title="bbox 461 4389 2036 4472">
     <span class='ocr_line' id='line_1_46' title="bbox 461 4389 2036 4472; baseline -0.006 -18"><span class='ocrx_word' id='word_1_375' title='bbox 461 4413 578 4472; x_wconf 88' lang='lat' dir='ltr'><strong>pter</strong></span> <span class='ocrx_word' id='word_1_376' title='bbox 606 4401 902 4464; x_wconf 88' lang='lat' dir='ltr'><strong>Dauielem,</strong></span> <span class='ocrx_word' id='word_1_377' title='bbox 921 4413 1042 4451; x_wconf 91' lang='lat' dir='ltr'><strong>cum</strong></span> <span class='ocrx_word' id='word_1_378' title='bbox 1064 4395 1348 4450; x_wconf 85' lang='lat' dir='ltr'><strong>Balthasar</strong></span> <span class='ocrx_word' id='word_1_379' title='bbox 1367 4401 1585 4463; x_wconf 89' lang='lat' dir='ltr'><strong>propter</strong></span> <span class='ocrx_word' id='word_1_380' title='bbox 1607 4391 1874 4446; x_wconf 89' lang='lat' dir='ltr'><strong>eumdem.</strong></span> <span class='ocrx_word' id='word_1_381' title='bbox 1903 4389 2036 4460; x_wconf 78' lang='lat' dir='ltr'><strong>Magi</strong></span> 
     </span>
    </p>
   </div>
   <div class='ocr_carea' id='block_1_47' title="bbox 458 4481 2038 4562">
    <p class='ocr_par' dir='ltr' id='par_1_47' title="bbox 458 4481 2038 4562">
     <span class='ocr_line' id='line_1_47' title="bbox 458 4481 2038 4562; baseline -0.006 -16"><span class='ocrx_word' id='word_1_382' title='bbox 458 4507 670 4562; x_wconf 86' lang='lat' dir='ltr'><strong>quoque</strong></span> <span class='ocrx_word' id='word_1_383' title='bbox 698 4489 966 4560; x_wconf 90' lang='lat' dir='ltr'><strong>assequuti</strong></span> <span class='ocrx_word' id='word_1_384' title='bbox 999 4495 1126 4541; x_wconf 87' lang='lat' dir='ltr'><strong>sunt</strong></span> <span class='ocrx_word' id='word_1_385' title='bbox 1168 4484 1586 4547; x_wconf 89' lang='lat' dir='ltr'><strong>revelationem;</strong></span> <span class='ocrx_word' id='word_1_386' title='bbox 1618 4491 1673 4538; x_wconf 90' lang='lat' dir='ltr'><strong>et</strong></span> <span class='ocrx_word' id='word_1_387' title='bbox 1701 4481 2038 4553; x_wconf 89' lang='lat' dir='ltr'><strong>prophetavit</strong></span> 
     </span>
    </p>
   </div>
   <div class='ocr_carea' id='block_1_48' title="bbox 455 4573 2029 4654">
    <p class='ocr_par' dir='ltr' id='par_1_48' title="bbox 455 4573 2029 4654">
     <span class='ocr_line' id='line_1_48' title="bbox 455 4573 2029 4654; baseline -0.008 -15"><span class='ocrx_word' id='word_1_388' title='bbox 455 4584 684 4654; x_wconf 85' lang='lat' dir='ltr'><strong>Caiphas</strong></span> <span class='ocrx_word' id='word_1_389' title='bbox 712 4597 832 4636; x_wconf 87' lang='lat' dir='ltr'><strong>cum</strong></span> <span class='ocrx_word' id='word_1_390' title='bbox 864 4590 1005 4636; x_wconf 88' lang='lat' dir='ltr'><strong>esset</strong></span> <span class='ocrx_word' id='word_1_391' title='bbox 1027 4578 1223 4634; x_wconf 87' lang='lat' dir='ltr'><strong>Christi</strong></span> <span class='ocrx_word' id='word_1_392' title='bbox 1254 4578 1462 4632; x_wconf 83' lang='lat' dir='ltr'><strong>occisor</strong></span> <span class='ocrx_word' id='word_1_393' title='bbox 1481 4585 1535 4630; x_wconf 92' lang='lat' dir='ltr'><strong>et</strong></span> <span class='ocrx_word' id='word_1_394' title='bbox 1559 4573 1829 4644; x_wconf 87' lang='lat' dir='ltr'><strong>indignus,</strong></span> <span class='ocrx_word' id='word_1_395' title='bbox 1866 4589 2029 4643; x_wconf 88' lang='lat' dir='ltr'><strong>prop-</strong></span> 
     </span>
    </p>
   </div>
   <div class='ocr_carea' id='block_1_49' title="bbox 457 4669 2031 4746">
    <p class='ocr_par' dir='ltr' id='par_1_49' title="bbox 457 4669 2031 4746">
     <span class='ocr_line' id='line_1_49' title="bbox 457 4669 2031 4746; baseline -0.006 -14"><span class='ocrx_word' id='word_1_396' title='bbox 457 4676 861 4746; x_wconf 83' lang='lat' dir='ltr'><strong>terdignitatem</strong></span> <span class='ocrx_word' id='word_1_397' title='bbox 880 4673 1182 4729; x_wconf 85' lang='lat' dir='ltr'><strong>sacerdotii.</strong></span> <span class='ocrx_word' id='word_1_398' title='bbox 1202 4670 1400 4726; x_wconf 86' lang='lat' dir='ltr'><strong>Dicitur</strong></span> <span class='ocrx_word' id='word_1_399' title='bbox 1418 4671 1575 4725; x_wconf 88' lang='lat' dir='ltr'><strong>etiam</strong></span> <span class='ocrx_word' id='word_1_400' title='bbox 1593 4669 1770 4724; x_wconf 85' lang='lat' dir='ltr'><strong>Aaron</strong></span> <span class='ocrx_word' id='word_1_401' title='bbox 1788 4678 2031 4740; x_wconf 89' lang='lat' dir='ltr'><strong>propter-</strong></span> 
     </span>
    </p>
   </div>
   <div class='ocr_carea' id='block_1_50' title="bbox 450 4756 2029 4834">
    <p class='ocr_par' dir='ltr' id='par_1_50' title="bbox 450 4756 2029 4834">
     <span class='ocr_line' id='line_1_50' title="bbox 450 4756 2029 4834; baseline -0.006 -12"><span class='ocrx_word' id='word_1_402' title='bbox 450 4782 515 4822; x_wconf 97' lang='lat' dir='ltr'><strong>ea</strong></span> <span class='ocrx_word' id='word_1_403' title='bbox 545 4783 648 4822; x_wconf 93' lang='lat' dir='ltr'><strong>non</strong></span> <span class='ocrx_word' id='word_1_404' title='bbox 688 4765 848 4821; x_wconf 75' lang='lat' dir='ltr'><strong>fuisse</strong></span> <span class='ocrx_word' id='word_1_405' title='bbox 888 4766 1034 4834; x_wconf 88' lang='lat' dir='ltr'><strong>lepra</strong></span> <span class='ocrx_word' id='word_1_406' title='bbox 1057 4761 1306 4817; x_wconf 86' lang='lat' dir='ltr'><strong>infectus.</strong></span> <span class='ocrx_word' id='word_1_407' title='bbox 1353 4761 1484 4814; x_wconf 86' lang='lat' dir='ltr'><strong>Nam</strong></span> <span class='ocrx_word' id='word_1_408' title='bbox 1526 4756 1792 4828; x_wconf 82' lang='lat' dir='ltr'><strong>cur,&#39;die,</strong></span> <span class='ocrx_word' id='word_1_409' title='bbox 1816 4774 2029 4830; x_wconf 59' lang='lat' dir='ltr'><strong>quaeso,</strong></span> 
     </span>
    </p>
   </div>
   <div class='ocr_carea' id='block_1_51' title="bbox 458 4851 2030 4922">
    <p class='ocr_par' dir='ltr' id='par_1_51' title="bbox 458 4851 2030 4922">
     <span class='ocr_line' id='line_1_51' title="bbox 458 4851 2030 4922; baseline -0.007 -7"><span class='ocrx_word' id='word_1_410' title='bbox 458 4876 578 4916; x_wconf 91' lang='lat' dir='ltr'><strong>cum</strong></span> <span class='ocrx_word' id='word_1_411' title='bbox 607 4859 766 4914; x_wconf 89' lang='lat' dir='ltr'><strong>ambo</strong></span> <span class='ocrx_word' id='word_1_412' title='bbox 794 4862 1219 4911; x_wconf 88' lang='lat' dir='ltr'><strong>murmurassent</strong></span> <span class='ocrx_word' id='word_1_413' title='bbox 1238 4894 1251 4916; x_wconf 92' lang='lat'><strong>,</strong></span> <span class='ocrx_word' id='word_1_414' title='bbox 1307 4867 1462 4908; x_wconf 90' lang='lat' dir='ltr'><strong>soror</strong></span> <span class='ocrx_word' id='word_1_415' title='bbox 1497 4852 1611 4908; x_wconf 87' lang='lat' dir='ltr'><strong>sola</strong></span> <span class='ocrx_word' id='word_1_416' title='bbox 1632 4851 1779 4907; x_wconf 87' lang='lat' dir='ltr'><strong>dedit</strong></span> <span class='ocrx_word' id='word_1_417' title='bbox 1806 4851 2030 4922; x_wconf 70' lang='lat' dir='ltr'><strong>poenas?</strong></span> 
     </span>
    </p>
   </div>
   <div class='ocr_carea' id='block_1_52' title="bbox 450 4942 2029 5014">
    <p class='ocr_par' dir='ltr' id='par_1_52' title="bbox 450 4942 2029 5014">
     <span class='ocr_line' id='line_1_52' title="bbox 450 4942 2029 5014; baseline -0.009 -4"><span class='ocrx_word' id='word_1_418' title='bbox 450 4953 527 5011; x_wconf 81' lang='lat' dir='ltr'><strong>Ne</strong></span> <span class='ocrx_word' id='word_1_419' title='bbox 557 4950 804 5008; x_wconf 88' lang='lat' dir='ltr'><strong>mireris:</strong></span> <span class='ocrx_word' id='word_1_420' title='bbox 837 4963 958 5003; x_wconf 89' lang='lat' dir='ltr'><strong>nam</strong></span> <span class='ocrx_word' id='word_1_421' title='bbox 985 4948 1031 5001; x_wconf 89' lang='lat' dir='ltr'><strong>si</strong></span> <span class='ocrx_word' id='word_1_422' title='bbox 1068 4947 1121 5000; x_wconf 92' lang='lat' dir='ltr'><strong>in</strong></span> <span class='ocrx_word' id='word_1_423' title='bbox 1151 4945 1389 5000; x_wconf 81' lang='lat' dir='ltr'><strong>externis</strong></span> <span class='ocrx_word' id='word_1_424' title='bbox 1414 4942 1759 5014; x_wconf 72' lang='lat' dir='ltr'><strong>dignitatibus</strong></span> <span class='ocrx_word' id='word_1_425' title='bbox 1778 4983 1792 5009; x_wconf 92' lang='lat'><strong>,</strong></span> <span class='ocrx_word' id='word_1_426' title='bbox 1819 4942 2029 4996; x_wconf 90' lang='lat' dir='ltr'><strong>etiamsi</strong></span> 
     </span>
    </p>
   </div>
   <div class='ocr_carea' id='block_1_53' title="bbox 451 5033 2023 5104">
    <p class='ocr_par' dir='ltr' id='par_1_53' title="bbox 451 5033 2023 5104">
     <span class='ocr_line' id='line_1_53' title="bbox 451 5033 2023 5104; baseline -0.008 -4"><span class='ocrx_word' id='word_1_427' title='bbox 451 5042 920 5100; x_wconf 88' lang='lat' dir='ltr'><strong>innumerabilium</strong></span> <span class='ocrx_word' id='word_1_428' title='bbox 1010 5038 1294 5092; x_wconf 78' lang='lat' dir='ltr'><strong>criminum</strong></span> <span class='ocrx_word' id='word_1_429' title='bbox 1376 5043 1656 5091; x_wconf 87' lang='lat' dir='ltr'><strong>accusetur</strong></span> <span class='ocrx_word' id='word_1_430' title='bbox 1728 5033 2023 5104; x_wconf 85' lang='lat' dir='ltr'><strong>quispiam,</strong></span> 
     </span>
    </p>
   </div>
   <div class='ocr_carea' id='block_1_54' title="bbox 449 5127 2028 5208">
    <p class='ocr_par' dir='ltr' id='par_1_54' title="bbox 449 5127 2028 5208">
     <span class='ocr_line' id='line_1_54' title="bbox 449 5127 2028 5208; baseline -0.008 -15"><span class='ocrx_word' id='word_1_431' title='bbox 449 5152 554 5193; x_wconf 90' lang='lat' dir='ltr'><strong>non</strong></span> <span class='ocrx_word' id='word_1_432' title='bbox 592 5137 740 5208; x_wconf 86' lang='lat' dir='ltr'><strong>prius</strong></span> <span class='ocrx_word' id='word_1_433' title='bbox 763 5132 972 5189; x_wconf 88' lang='lat' dir='ltr'><strong>ducitur</strong></span> <span class='ocrx_word' id='word_1_434' title='bbox 997 5131 1048 5186; x_wconf 92' lang='lat' dir='ltr'><strong>in</strong></span> <span class='ocrx_word' id='word_1_435' title='bbox 1075 5129 1330 5204; x_wconf 79' lang='lat' dir='ltr'><strong>judicium</strong></span> <span class='ocrx_word' id='word_1_436' title='bbox 1351 5171 1366 5193; x_wconf 91' lang='lat'><strong>,</strong></span> <span class='ocrx_word' id='word_1_437' title='bbox 1397 5143 1555 5198; x_wconf 90' lang='lat' dir='ltr'><strong>quam</strong></span> <span class='ocrx_word' id='word_1_438' title='bbox 1583 5127 1890 5196; x_wconf 88' lang='lat' dir='ltr'><strong>deposuerit</strong></span> <span class='ocrx_word' id='word_1_439' title='bbox 1915 5141 2028 5182; x_wconf 90' lang='lat' dir='ltr'><strong>ma-</strong></span> 
     </span>
    </p>
   </div>
   <div class='ocr_carea' id='block_1_55' title="bbox 445 5219 2019 5300">
    <p class='ocr_par' dir='ltr' id='par_1_55' title="bbox 445 5219 2019 5300">
     <span class='ocr_line' id='line_1_55' title="bbox 445 5219 2019 5300; baseline -0.006 -18"><span class='ocrx_word' id='word_1_440' title='bbox 445 5232 751 5300; x_wconf 85' lang='lat' dir='ltr'><strong>gistratum,</strong></span> <span class='ocrx_word' id='word_1_441' title='bbox 801 5241 866 5281; x_wconf 89' lang='lat' dir='ltr'><strong>ne</strong></span> <span class='ocrx_word' id='word_1_442' title='bbox 892 5221 983 5279; x_wconf 89' lang='lat' dir='ltr'><strong>ille</strong></span> <span class='ocrx_word' id='word_1_443' title='bbox 1009 5223 1166 5279; x_wconf 90' lang='lat' dir='ltr'><strong>simul</strong></span> <span class='ocrx_word' id='word_1_444' title='bbox 1193 5238 1314 5282; x_wconf 90' lang='lat' dir='ltr'><strong>cum</strong></span> <span class='ocrx_word' id='word_1_445' title='bbox 1344 5222 1459 5292; x_wconf 80' lang='lat' dir='ltr'><strong>ipso</strong></span> <span class='ocrx_word' id='word_1_446' title='bbox 1484 5221 1681 5290; x_wconf 90' lang='lat' dir='ltr'><strong>probro</strong></span> <span class='ocrx_word' id='word_1_447' title='bbox 1706 5219 1971 5275; x_wconf 83' lang='lat' dir='ltr'><strong>afficiatur</strong></span> <span class='ocrx_word' id='word_1_448' title='bbox 2007 5238 2019 5272; x_wconf 91' lang='lat'><strong>:</strong></span> 
     </span>
    </p>
   </div>
   <div class='ocr_carea' id='block_1_56' title="bbox 443 5309 2024 5390">
    <p class='ocr_par' dir='ltr' id='par_1_56' title="bbox 443 5309 2024 5390">
     <span class='ocr_line' id='line_1_56' title="bbox 443 5309 2024 5390; baseline -0.009 -14"><span class='ocrx_word' id='word_1_449' title='bbox 443 5320 612 5376; x_wconf 86' lang='lat' dir='ltr'><strong>multo</strong></span> <span class='ocrx_word' id='word_1_450' title='bbox 648 5319 817 5390; x_wconf 86' lang='lat' dir='ltr'><strong>magis</strong></span> <span class='ocrx_word' id='word_1_451' title='bbox 851 5319 902 5372; x_wconf 94' lang='lat' dir='ltr'><strong>in</strong></span> <span class='ocrx_word' id='word_1_452' title='bbox 933 5317 1239 5386; x_wconf 78' lang='lat' dir='ltr'><strong>magistratu</strong></span> <span class='ocrx_word' id='word_1_453' title='bbox 1280 5312 1566 5383; x_wconf 86' lang='lat' dir='ltr'><strong>spirituali,</strong></span> <span class='ocrx_word' id='word_1_454' title='bbox 1624 5311 1944 5382; x_wconf 87' lang='lat' dir='ltr'><strong>quicumque</strong></span> <span class='ocrx_word' id='word_1_455' title='bbox 1979 5309 2024 5362; x_wconf 92' lang='lat' dir='ltr'><strong>is</strong></span> 
     </span>
    </p>
   </div>
   <div class='ocr_carea' id='block_1_57' title="bbox 441 5402 2014 5484">
    <p class='ocr_par' dir='ltr' id='par_1_57' title="bbox 441 5402 2014 5484">
     <span class='ocr_line' id='line_1_57' title="bbox 441 5402 2014 5484; baseline -0.01 -14"><span class='ocrx_word' id='word_1_456' title='bbox 441 5414 528 5481; x_wconf 76' lang='lat' dir='ltr'><strong>sit,</strong></span> <span class='ocrx_word' id='word_1_457' title='bbox 598 5420 852 5484; x_wconf 88' lang='lat' dir='ltr'><strong>operatur</strong></span> <span class='ocrx_word' id='word_1_458' title='bbox 882 5412 970 5466; x_wconf 87' lang='lat' dir='ltr'><strong>Dei</strong></span> <span class='ocrx_word' id='word_1_459' title='bbox 999 5410 1164 5479; x_wconf 85' lang='lat' dir='ltr'><strong>gratia</strong></span> <span class='ocrx_word' id='word_1_460' title='bbox 1189 5423 1204 5474; x_wconf 92' lang='lat'><strong>;</strong></span> <span class='ocrx_word' id='word_1_461' title='bbox 1265 5405 1501 5477; x_wconf 86' lang='lat' dir='ltr'><strong>alioquin</strong></span> <span class='ocrx_word' id='word_1_462' title='bbox 1528 5405 1704 5460; x_wconf 86' lang='lat' dir='ltr'><strong>omnia</strong></span> <span class='ocrx_word' id='word_1_463' title='bbox 1727 5402 1966 5476; x_wconf 87' lang='lat' dir='ltr'><strong>perirent</strong></span> <span class='ocrx_word' id='word_1_464' title='bbox 2001 5419 2014 5455; x_wconf 93' lang='lat'><strong>:</strong></span> 
     </span>
    </p>
   </div>
   <div class='ocr_carea' id='block_1_58' title="bbox 1205 195 3050 301">
    <p class='ocr_par' dir='ltr' id='par_1_58' title="bbox 1205 195 3050 301">
     <span class='ocr_line' id='line_1_58' title="bbox 1205 195 3050 301; baseline 0.003 -6"><span class='ocrx_word' id='word_1_465' title='bbox 1205 239 1263 295; x_wconf 86' lang='lat' dir='ltr'><strong>S.</strong></span> <span class='ocrx_word' id='word_1_466' title='bbox 1303 234 1580 294; x_wconf 80' lang='lat' dir='ltr'><strong>JOANNlS</strong></span> <span class='ocrx_word' id='word_1_467' title='bbox 1618 226 2094 290; x_wconf 75' lang='lat' dir='ltr'><strong>CllRYSOSTOMl</strong></span> <span class='ocrx_word' id='word_1_468' title='bbox 2132 229 2447 290; x_wconf 79' lang='lat' dir='ltr'><strong>ARCHIEP.</strong></span> <span class='ocrx_word' id='word_1_469' title='bbox 2490 195 3050 301; x_wconf 30' lang='lat' dir='ltr'><strong>CONSTANTINOP:</strong></span> 
     </span>
    </p>
   </div>
   <div class='ocr_carea' id='block_1_59' title="bbox 3673 261 3773 320">
    <p class='ocr_par' dir='ltr' id='par_1_59' title="bbox 3673 261 3773 320">
     <span class='ocr_line' id='line_1_59' title="bbox 3673 261 3773 320; baseline -0.02 1"><span class='ocrx_word' id='word_1_470' title='bbox 3673 261 3773 320; x_wconf 62' lang='lat'><strong>5‘25</strong></span> 
     </span>
    </p>
   </div>
   <div class='ocr_carea' id='block_1_60' title="bbox 2195 346 3773 431">
    <p class='ocr_par' dir='ltr' id='par_1_60' title="bbox 2195 346 3773 431">
     <span class='ocr_line' id='line_1_60' title="bbox 2195 346 3773 431; baseline 0.02 -33"><span class='ocrx_word' id='word_1_471' title='bbox 2195 346 2408 414; x_wconf 87' lang='lat' dir='ltr'><strong>quando</strong></span> <span class='ocrx_word' id='word_1_472' title='bbox 2436 359 2614 406; x_wconf 90' lang='lat' dir='ltr'><strong>autem</strong></span> <span class='ocrx_word' id='word_1_473' title='bbox 2646 368 2766 409; x_wconf 89' lang='lat' dir='ltr'><strong>eum</strong></span> <span class='ocrx_word' id='word_1_474' title='bbox 2793 355 3142 429; x_wconf 83' lang='lat' dir='ltr'><strong>deposuerit,</strong></span> <span class='ocrx_word' id='word_1_475' title='bbox 3189 361 3304 420; x_wconf 89' lang='lat' dir='ltr'><strong>sive</strong></span> <span class='ocrx_word' id='word_1_476' title='bbox 3328 378 3447 421; x_wconf 88' lang='lat' dir='ltr'><strong>cum</strong></span> <span class='ocrx_word' id='word_1_477' title='bbox 3478 384 3511 424; x_wconf 91' lang='lat' dir='ltr'><strong>e</strong></span> <span class='ocrx_word' id='word_1_478' title='bbox 3541 369 3648 426; x_wconf 60' lang='lat' dir='ltr'><strong>vita</strong></span> <span class='ocrx_word' id='word_1_479' title='bbox 3675 389 3773 431; x_wconf 79' lang='lat' dir='ltr'><strong>ex-</strong></span> 
     </span>
    </p>
   </div>
   <div class='ocr_carea' id='block_1_61' title="bbox 2189 441 3772 536">
    <p class='ocr_par' dir='ltr' id='par_1_61' title="bbox 2189 441 3772 536">
     <span class='ocr_line' id='line_1_61' title="bbox 2189 441 3772 536; baseline 0.02 -46"><span class='ocrx_word' id='word_1_480' title='bbox 2189 441 2436 536; x_wconf 74' lang='lat' dir='ltr'><strong>cesserit,</strong></span> <span class='ocrx_word' id='word_1_481' title='bbox 2477 444 2590 498; x_wconf 81' lang='lat' dir='ltr'><strong>sive</strong></span> <span class='ocrx_word' id='word_1_482' title='bbox 2628 445 2716 502; x_wconf 90' lang='lat' dir='ltr'><strong>hic</strong></span> <span class='ocrx_word' id='word_1_483' title='bbox 2753 465 2986 520; x_wconf 85' lang='lat' dir='ltr'><strong>quoque,</strong></span> <span class='ocrx_word' id='word_1_484' title='bbox 3022 461 3147 509; x_wconf 91' lang='lat' dir='ltr'><strong>tunc</strong></span> <span class='ocrx_word' id='word_1_485' title='bbox 3183 459 3455 526; x_wconf 80' lang='lat' dir='ltr'><strong>graviores</strong></span> <span class='ocrx_word' id='word_1_486' title='bbox 3480 461 3632 519; x_wconf 85' lang='lat' dir='ltr'><strong>dabit</strong></span> <span class='ocrx_word' id='word_1_487' title='bbox 3656 481 3772 536; x_wconf 63' lang='lat' dir='ltr'><strong>pm-</strong></span> 
     </span>
    </p>
   </div>
   <div class='ocr_carea' id='block_1_62' title="bbox 2191 531 3774 628">
    <p class='ocr_par' dir='ltr' id='par_1_62' title="bbox 2191 531 3774 628">
     <span class='ocr_line' id='line_1_62' title="bbox 2191 531 3774 628; baseline 0.021 -47"><span class='ocrx_word' id='word_1_488' title='bbox 2191 544 2306 584; x_wconf 91' lang='lat' dir='ltr'><strong>nas.</strong></span> <span class='ocrx_word' id='word_1_489' title='bbox 2347 531 2423 585; x_wconf 86' lang='lat' dir='ltr'><strong>Ne</strong></span> <span class='ocrx_word' id='word_1_490' title='bbox 2446 538 2644 628; x_wconf 88' lang='lat' dir='ltr'><strong>putetis</strong></span> <span class='ocrx_word' id='word_1_491' title='bbox 2675 538 2790 594; x_wconf 64' lang='lat' dir='ltr'><strong>hace</strong></span> <span class='ocrx_word' id='word_1_492' title='bbox 2815 556 2844 595; x_wconf 89' lang='lat' dir='ltr'><strong>a</strong></span> <span class='ocrx_word' id='word_1_493' title='bbox 2873 543 3027 597; x_wconf 90' lang='lat' dir='ltr'><strong>nobis</strong></span> <span class='ocrx_word' id='word_1_494' title='bbox 3053 545 3155 600; x_wconf 91' lang='lat' dir='ltr'><strong>dici</strong></span> <span class='ocrx_word' id='word_1_495' title='bbox 3187 565 3201 602; x_wconf 88' lang='lat'><strong>:</strong></span> <span class='ocrx_word' id='word_1_496' title='bbox 3233 549 3322 604; x_wconf 90' lang='lat' dir='ltr'><strong>Dei</strong></span> <span class='ocrx_word' id='word_1_497' title='bbox 3349 561 3431 605; x_wconf 91' lang='lat' dir='ltr'><strong>est</strong></span> <span class='ocrx_word' id='word_1_498' title='bbox 3459 557 3626 623; x_wconf 88' lang='lat' dir='ltr'><strong>gratia</strong></span> <span class='ocrx_word' id='word_1_499' title='bbox 3654 531 3774 628; x_wconf 64' lang='lat' dir='ltr'><strong>qua;</strong></span> 
     </span>
    </p>
   </div>
   <div class='ocr_carea' id='block_1_63' title="bbox 2191 627 3772 719">
    <p class='ocr_par' dir='ltr' id='par_1_63' title="bbox 2191 627 3772 719">
     <span class='ocr_line' id='line_1_63' title="bbox 2191 627 3772 719; baseline 0.022 -47"><span class='ocrx_word' id='word_1_500' title='bbox 2191 627 2522 719; x_wconf 37' lang='lat' dir='ltr'><strong>opera_tnr_in</strong></span> <span class='ocrx_word' id='word_1_501' title='bbox 2552 628 2846 699; x_wconf 89' lang='lat' dir='ltr'><strong>indignum,</strong></span> <span class='ocrx_word' id='word_1_502' title='bbox 2879 649 2984 688; x_wconf 92' lang='lat' dir='ltr'><strong>non</strong></span> <span class='ocrx_word' id='word_1_503' title='bbox 3019 648 3237 706; x_wconf 86' lang='lat' dir='ltr'><strong>propter</strong></span> <span class='ocrx_word' id='word_1_504' title='bbox 3262 655 3380 706; x_wconf 86' lang='lat' dir='ltr'><strong>nos,</strong></span> <span class='ocrx_word' id='word_1_505' title='bbox 3425 645 3518 699; x_wconf 86' lang='lat' dir='ltr'><strong>sed</strong></span> <span class='ocrx_word' id='word_1_506' title='bbox 3550 627 3772 719; x_wconf 81' lang='lat' dir='ltr'><strong>propter</strong></span> 
     </span>
    </p>
   </div>
   <div class='ocr_carea' id='block_1_64' title="bbox 2190 717 3775 795">
    <p class='ocr_par' dir='ltr' id='par_1_64' title="bbox 2190 717 3775 795">
     <span class='ocr_line' id='line_1_64' title="bbox 2190 717 3775 795; baseline 0.019 -31"><span class='ocrx_word' id='word_1_507' title='bbox 2190 727 2306 768; x_wconf 81' lang='lat' dir='ltr'><strong>vos.</strong></span> <span class='ocrx_word' id='word_1_508' title='bbox 2337 717 2531 771; x_wconf 82' lang='lat' dir='ltr'><strong>Audite</strong></span> <span class='ocrx_word' id='word_1_509' title='bbox 2569 735 2697 790; x_wconf 83' lang='lat' dir='ltr'><strong>ergo</strong></span> <span class='ocrx_word' id='word_1_510' title='bbox 2722 723 2848 791; x_wconf 90' lang='lat' dir='ltr'><strong>quid</strong></span> <span class='ocrx_word' id='word_1_511' title='bbox 2889 724 3032 779; x_wconf 87' lang='lat' dir='ltr'><strong>dicat</strong></span> <span class='ocrx_word' id='word_1_512' title='bbox 3062 727 3346 784; x_wconf 90' lang='lat' dir='ltr'><strong>Christus:</strong></span> <span class='ocrx_word' id='word_1_513' title='bbox 3389 733 3451 788; x_wconf 91' lang='lat' dir='ltr'><strong>Si</strong></span> <span class='ocrx_word' id='word_1_514' title='bbox 3489 717 3673 791; x_wconf 76' lang='lat' dir='ltr'><strong>damus</strong></span> <span class='ocrx_word' id='word_1_515' title='bbox 3711 742 3775 795; x_wconf 92' lang='lat' dir='ltr'><strong>sit</strong></span> 
     </span>
    </p>
   </div>
   <div class='ocr_carea' id='block_1_65' title="bbox 2188 806 3771 890">
    <p class='ocr_par' dir='ltr' id='par_1_65' title="bbox 2188 806 3771 890">
     <span class='ocr_line' id='line_1_65' title="bbox 2188 806 3771 890; baseline 0.018 -33"><span class='ocrx_word' id='word_1_516' title='bbox 2188 806 2362 876; x_wconf 88' lang='lat' dir='ltr'><strong>digna,</strong></span> <span class='ocrx_word' id='word_1_517' title='bbox 2412 811 2577 863; x_wconf 79' lang='lat' dir='ltr'><strong>veniat</strong></span> <span class='ocrx_word' id='word_1_518' title='bbox 2618 829 2718 880; x_wconf 76' lang='lat' dir='ltr'><strong>pax</strong></span> <span class='ocrx_word' id='word_1_519' title='bbox 2756 824 2917 868; x_wconf 83' lang='lat' dir='ltr'><strong>vestra</strong></span> <span class='ocrx_word' id='word_1_520' title='bbox 2956 818 3024 870; x_wconf 86' lang='lat' dir='ltr'><strong>ad</strong></span> <span class='ocrx_word' id='word_1_521' title='bbox 3061 819 3244 887; x_wconf 86' lang='lat' dir='ltr'><strong>ipsam.</strong></span> <span class='ocrx_word' id='word_1_522' title='bbox 3286 822 3567 890; x_wconf 87' lang='lat' dir='ltr'><strong>Quomodo</strong></span> <span class='ocrx_word' id='word_1_523' title='bbox 3593 839 3771 886; x_wconf 85' lang='lat' dir='ltr'><strong>autem</strong></span> 
     </span>
    </p>
   </div>
   <div class='ocr_carea' id='block_1_66' title="bbox 2189 898 3773 981">
    <p class='ocr_par' dir='ltr' id='par_1_66' title="bbox 2189 898 3773 981">
     <span class='ocr_line' id='line_1_66' title="bbox 2189 898 3773 981; baseline 0.016 -30"><span class='ocrx_word' id='word_1_524' title='bbox 2189 898 2248 951; x_wconf 83' lang='lat' dir='ltr'><strong>fit</strong></span> <span class='ocrx_word' id='word_1_525' title='bbox 2276 899 2471 969; x_wconf 88' lang='lat' dir='ltr'><strong>digna?</strong></span> <span class='ocrx_word' id='word_1_526' title='bbox 2510 901 2564 957; x_wconf 92' lang='lat' dir='ltr'><strong>Si</strong></span> <span class='ocrx_word' id='word_1_527' title='bbox 2588 918 2702 969; x_wconf 88' lang='lat' dir='ltr'><strong>vos,</strong></span> <span class='ocrx_word' id='word_1_528' title='bbox 2746 905 2936 976; x_wconf 88' lang='lat' dir='ltr'><strong>inquit,</strong></span> <span class='ocrx_word' id='word_1_529' title='bbox 2971 913 3328 981; x_wconf 86' lang='lat' dir='ltr'><strong>susceperint.</strong></span> <span class='ocrx_word' id='word_1_530' title='bbox 3370 915 3466 970; x_wconf 89' lang='lat' dir='ltr'><strong>Sin</strong></span> <span class='ocrx_word' id='word_1_531' title='bbox 3493 927 3665 973; x_wconf 85' lang='lat' dir='ltr'><strong>autem</strong></span> <span class='ocrx_word' id='word_1_532' title='bbox 3689 938 3773 977; x_wconf 87' lang='lat' dir='ltr'><strong>vos</strong></span> 
     </span>
    </p>
   </div>
   <div class='ocr_carea' id='block_1_67' title="bbox 2187 996 3768 1080">
    <p class='ocr_par' dir='ltr' id='par_1_67' title="bbox 2187 996 3768 1080">
     <span class='ocr_line' id='line_1_67' title="bbox 2187 996 3768 1080; baseline 0.015 -37"><span class='ocrx_word' id='word_1_533' title='bbox 2187 1007 2288 1044; x_wconf 87' lang='lat' dir='ltr'><strong>non</strong></span> <span class='ocrx_word' id='word_1_534' title='bbox 2341 996 2687 1062; x_wconf 84' lang='lat' dir='ltr'><strong>susceperint,</strong></span> <span class='ocrx_word' id='word_1_535' title='bbox 2739 1014 2896 1066; x_wconf 82' lang='lat' dir='ltr'><strong>neque</strong></span> <span class='ocrx_word' id='word_1_536' title='bbox 2924 1015 3204 1055; x_wconf 77' lang='lat' dir='ltr'><strong>sermonem</strong></span> <span class='ocrx_word' id='word_1_537' title='bbox 3237 1014 3450 1059; x_wconf 86' lang='lat' dir='ltr'><strong>vestrum</strong></span> <span class='ocrx_word' id='word_1_538' title='bbox 3477 1009 3768 1080; x_wconf 78' lang='lat' dir='ltr'><strong>audierint,</strong></span> 
     </span>
    </p>
   </div>
   <div class='ocr_carea' id='block_1_68' title="bbox 2185 1084 3770 1155">
    <p class='ocr_par' dir='ltr' id='par_1_68' title="bbox 2185 1084 3770 1155">
     <span class='ocr_line' id='line_1_68' title="bbox 2185 1084 3770 1155; baseline 0.015 -22"><span class='ocrx_word' id='word_1_539' title='bbox 2185 1097 2332 1135; x_wconf 80' lang='lat' dir='ltr'><strong>auten</strong></span> <span class='ocrx_word' id='word_1_540' title='bbox 2359 1084 2472 1136; x_wconf 85' lang='lat' dir='ltr'><strong>dico</strong></span> <span class='ocrx_word' id='word_1_541' title='bbox 2495 1084 2651 1152; x_wconf 83' lang='lat' dir='ltr'><strong>vobis,</strong></span> <span class='ocrx_word' id='word_1_542' title='bbox 2696 1087 3009 1144; x_wconf 82' lang='lat' dir='ltr'><strong>tolerabilius</strong></span> <span class='ocrx_word' id='word_1_543' title='bbox 3047 1092 3142 1144; x_wconf 85' lang='lat' dir='ltr'><strong>erit</strong></span> <span class='ocrx_word' id='word_1_544' title='bbox 3171 1102 3318 1148; x_wconf 79' lang='lat' dir='ltr'><strong>terra:</strong></span> <span class='ocrx_word' id='word_1_545' title='bbox 3338 1095 3686 1154; x_wconf 85' lang='lat' dir='ltr'><strong>Sodomorum</strong></span> <span class='ocrx_word' id='word_1_546' title='bbox 3722 1114 3770 1155; x_wconf 88' lang='lat' dir='ltr'><strong>et</strong></span> 
     </span>
    </p>
   </div>
   <div class='ocr_carea' id='block_1_69' title="bbox 2187 1169 3766 1259">
    <p class='ocr_par' dir='ltr' id='par_1_69' title="bbox 2187 1169 3766 1259">
     <span class='ocr_line' id='line_1_69' title="bbox 2187 1169 3766 1259; baseline 0.014 -36"><span class='ocrx_word' id='word_1_547' title='bbox 2187 1169 2633 1228; x_wconf 76' lang='lat' dir='ltr'><strong>Comorr/tteorum</strong></span> <span class='ocrx_word' id='word_1_548' title='bbox 2659 1177 2710 1229; x_wconf 90' lang='lat' dir='ltr'><strong>in</strong></span> <span class='ocrx_word' id='word_1_549' title='bbox 2733 1178 3014 1249; x_wconf 82' lang='lat' dir='ltr'><strong>dicjudicii</strong></span> <span class='ocrx_word' id='word_1_550' title='bbox 3044 1198 3197 1251; x_wconf 81' lang='lat' dir='ltr'><strong>quant</strong></span> <span class='ocrx_word' id='word_1_551' title='bbox 3224 1184 3303 1237; x_wconf 85' lang='lat' dir='ltr'><strong>illi</strong></span> <span class='ocrx_word' id='word_1_552' title='bbox 3339 1187 3530 1240; x_wconf 81' lang='lat' dir='ltr'><strong>civitati</strong></span> <span class='ocrx_word' id='word_1_553' title='bbox 3549 1187 3766 1259; x_wconf 69' lang='lat' dir='ltr'><strong>(Matth.</strong></span> 
     </span>
    </p>
   </div>
   <div class='ocr_carea' id='block_1_70' title="bbox 2186 1265 3766 1352">
    <p class='ocr_par' dir='ltr' id='par_1_70' title="bbox 2186 1265 3766 1352">
     <span class='ocr_line' id='line_1_70' title="bbox 2186 1265 3766 1352; baseline 0.013 -33"><span class='ocrx_word' id='word_1_554' title='bbox 2186 1265 2272 1320; x_wconf 87' lang='grc'><strong>10.</strong></span> <span class='ocrx_word' id='word_1_555' title='bbox 2304 1266 2415 1321; x_wconf 78' lang='grc'><strong>15-</strong></span> <span class='ocrx_word' id='word_1_556' title='bbox 2441 1270 2508 1324; x_wconf 83' lang='grc'><strong>15</strong></span> <span class='ocrx_word' id='word_1_557' title='bbox 2539 1269 2583 1341; x_wconf 92' lang='grc'><strong>).</strong></span> <span class='ocrx_word' id='word_1_558' title='bbox 2617 1269 2750 1337; x_wconf 87' lang='lat' dir='ltr'><strong>Quid</strong></span> <span class='ocrx_word' id='word_1_559' title='bbox 2776 1288 2904 1343; x_wconf 86' lang='lat' dir='ltr'><strong>ergo</strong></span> <span class='ocrx_word' id='word_1_560' title='bbox 2925 1275 3145 1345; x_wconf 88' lang='lat' dir='ltr'><strong>prodest</strong></span> <span class='ocrx_word' id='word_1_561' title='bbox 3177 1279 3318 1347; x_wconf 91' lang='lat' dir='ltr'><strong>quod</strong></span> <span class='ocrx_word' id='word_1_562' title='bbox 3348 1295 3445 1334; x_wconf 88' lang='lat' dir='ltr'><strong>nos</strong></span> <span class='ocrx_word' id='word_1_563' title='bbox 3471 1284 3766 1352; x_wconf 89' lang='lat' dir='ltr'><strong>suscipitis,</strong></span> 
     </span>
    </p>
   </div>
   <div class='ocr_carea' id='block_1_71' title="bbox 2184 1362 3765 1444">
    <p class='ocr_par' dir='ltr' id='par_1_71' title="bbox 2184 1362 3765 1444">
     <span class='ocr_line' id='line_1_71' title="bbox 2184 1362 3765 1444; baseline 0.014 -33"><span class='ocrx_word' id='word_1_564' title='bbox 2184 1368 2238 1412; x_wconf 91' lang='lat' dir='ltr'><strong>et</strong></span> <span class='ocrx_word' id='word_1_565' title='bbox 2275 1375 2379 1413; x_wconf 91' lang='lat' dir='ltr'><strong>non</strong></span> <span class='ocrx_word' id='word_1_566' title='bbox 2419 1362 2614 1416; x_wconf 88' lang='lat' dir='ltr'><strong>auditis</strong></span> <span class='ocrx_word' id='word_1_567' title='bbox 2653 1378 2715 1419; x_wconf 90' lang='lat' dir='ltr'><strong>ea</strong></span> <span class='ocrx_word' id='word_1_568' title='bbox 2756 1381 2875 1435; x_wconf 66' lang='lat' dir='ltr'><strong>quae</strong></span> <span class='ocrx_word' id='word_1_569' title='bbox 2911 1383 2940 1421; x_wconf 93' lang='lat' dir='ltr'><strong>a</strong></span> <span class='ocrx_word' id='word_1_570' title='bbox 2974 1369 3126 1424; x_wconf 91' lang='lat' dir='ltr'><strong>nobis</strong></span> <span class='ocrx_word' id='word_1_571' title='bbox 3153 1370 3439 1428; x_wconf 84' lang='lat' dir='ltr'><strong>dicuntur?</strong></span> <span class='ocrx_word' id='word_1_572' title='bbox 3466 1376 3594 1444; x_wconf 91' lang='lat' dir='ltr'><strong>quid</strong></span> <span class='ocrx_word' id='word_1_573' title='bbox 3629 1379 3765 1434; x_wconf 84' lang='lat' dir='ltr'><strong>lucri</strong></span> 
     </span>
    </p>
   </div>
   <div class='ocr_carea' id='block_1_72' title="bbox 2182 1451 3769 1542">
    <p class='ocr_par' dir='ltr' id='par_1_72' title="bbox 2182 1451 3769 1542">
     <span class='ocr_line' id='line_1_72' title="bbox 2182 1451 3769 1542; baseline 0.014 -39"><span class='ocrx_word' id='word_1_574' title='bbox 2182 1451 2247 1505; x_wconf 86' lang='lat' dir='ltr'><strong>ad</strong></span> <span class='ocrx_word' id='word_1_575' title='bbox 2277 1467 2369 1506; x_wconf 89' lang='lat' dir='ltr'><strong>vos</strong></span> <span class='ocrx_word' id='word_1_576' title='bbox 2391 1453 2530 1509; x_wconf 89' lang='lat' dir='ltr'><strong>redit</strong></span> <span class='ocrx_word' id='word_1_577' title='bbox 2559 1456 2602 1510; x_wconf 91' lang='lat' dir='ltr'><strong>si</strong></span> <span class='ocrx_word' id='word_1_578' title='bbox 2631 1472 2736 1510; x_wconf 92' lang='lat' dir='ltr'><strong>non</strong></span> <span class='ocrx_word' id='word_1_579' title='bbox 2762 1459 2960 1524; x_wconf 91' lang='lat' dir='ltr'><strong>colitis,</strong></span> <span class='ocrx_word' id='word_1_580' title='bbox 2994 1470 3048 1515; x_wconf 92' lang='lat' dir='ltr'><strong>et</strong></span> <span class='ocrx_word' id='word_1_581' title='bbox 3087 1478 3190 1518; x_wconf 92' lang='lat' dir='ltr'><strong>non</strong></span> <span class='ocrx_word' id='word_1_582' title='bbox 3229 1467 3504 1523; x_wconf 87' lang='lat' dir='ltr'><strong>attenditis</strong></span> <span class='ocrx_word' id='word_1_583' title='bbox 3542 1483 3606 1524; x_wconf 88' lang='lat' dir='ltr'><strong>ea</strong></span> <span class='ocrx_word' id='word_1_584' title='bbox 3646 1487 3769 1542; x_wconf 63' lang='lat' dir='ltr'><strong>quae</strong></span> 
     </span>
    </p>
   </div>
   <div class='ocr_carea' id='block_1_73' title="bbox 2182 1545 3768 1622">
    <p class='ocr_par' dir='ltr' id='par_1_73' title="bbox 2182 1545 3768 1622">
     <span class='ocr_line' id='line_1_73' title="bbox 2182 1545 3768 1622; baseline 0.012 -23"><span class='ocrx_word' id='word_1_585' title='bbox 2182 1545 2336 1600; x_wconf 80' lang='lat' dir='ltr'><strong>vobis</strong></span> <span class='ocrx_word' id='word_1_586' title='bbox 2364 1547 2654 1604; x_wconf 82' lang='lat' dir='ltr'><strong>dicuntur?</strong></span> <span class='ocrx_word' id='word_1_587' title='bbox 2693 1551 2787 1605; x_wconf 92' lang='lat' dir='ltr'><strong>llle</strong></span> <span class='ocrx_word' id='word_1_588' title='bbox 2815 1561 2897 1606; x_wconf 92' lang='lat' dir='ltr'><strong>est</strong></span> <span class='ocrx_word' id='word_1_589' title='bbox 2929 1554 3082 1608; x_wconf 90' lang='lat' dir='ltr'><strong>nobis</strong></span> <span class='ocrx_word' id='word_1_590' title='bbox 3108 1555 3298 1622; x_wconf 89' lang='lat' dir='ltr'><strong>honor,</strong></span> <span class='ocrx_word' id='word_1_591' title='bbox 3339 1559 3427 1614; x_wconf 86' lang='lat' dir='ltr'><strong>ille</strong></span> <span class='ocrx_word' id='word_1_592' title='bbox 3464 1561 3643 1616; x_wconf 85' lang='lat' dir='ltr'><strong>cultus</strong></span> <span class='ocrx_word' id='word_1_593' title='bbox 3683 1571 3768 1618; x_wconf 85' lang='lat' dir='ltr'><strong>est</strong></span> 
     </span>
    </p>
   </div>
   <div class='ocr_carea' id='block_1_74' title="bbox 2184 1637 3766 1715">
    <p class='ocr_par' dir='ltr' id='par_1_74' title="bbox 2184 1637 3766 1715">
     <span class='ocr_line' id='line_1_74' title="bbox 2184 1637 3766 1715; baseline 0.011 -25"><span class='ocrx_word' id='word_1_594' title='bbox 2184 1637 2549 1707; x_wconf 88' lang='lat' dir='ltr'><strong>admirandus,</strong></span> <span class='ocrx_word' id='word_1_595' title='bbox 2587 1641 2680 1710; x_wconf 89' lang='lat' dir='ltr'><strong>qui</strong></span> <span class='ocrx_word' id='word_1_596' title='bbox 2710 1643 2864 1697; x_wconf 88' lang='lat' dir='ltr'><strong>vobis</strong></span> <span class='ocrx_word' id='word_1_597' title='bbox 2893 1653 2947 1698; x_wconf 89' lang='lat' dir='ltr'><strong>et</strong></span> <span class='ocrx_word' id='word_1_598' title='bbox 2985 1645 3140 1700; x_wconf 91' lang='lat' dir='ltr'><strong>nobis</strong></span> <span class='ocrx_word' id='word_1_599' title='bbox 3165 1648 3402 1715; x_wconf 88' lang='lat' dir='ltr'><strong>prodest,</strong></span> <span class='ocrx_word' id='word_1_600' title='bbox 3445 1651 3491 1704; x_wconf 89' lang='lat' dir='ltr'><strong>si</strong></span> <span class='ocrx_word' id='word_1_601' title='bbox 3531 1666 3629 1707; x_wconf 90' lang='lat' dir='ltr'><strong>nos</strong></span> <span class='ocrx_word' id='word_1_602' title='bbox 3668 1668 3766 1709; x_wconf 87' lang='lat' dir='ltr'><strong>an-</strong></span> 
     </span>
    </p>
   </div>
   <div class='ocr_carea' id='block_1_75' title="bbox 2189 1727 3765 1806">
    <p class='ocr_par' dir='ltr' id='par_1_75' title="bbox 2189 1727 3765 1806">
     <span class='ocr_line' id='line_1_75' title="bbox 2189 1727 3765 1806; baseline 0.009 -24"><span class='ocrx_word' id='word_1_603' title='bbox 2189 1727 2365 1783; x_wconf 91' lang='lat' dir='ltr'><strong>diatis.</strong></span> <span class='ocrx_word' id='word_1_604' title='bbox 2398 1731 2592 1786; x_wconf 83' lang='lat' dir='ltr'><strong>Audite</strong></span> <span class='ocrx_word' id='word_1_605' title='bbox 2621 1742 2674 1786; x_wconf 90' lang='lat' dir='ltr'><strong>et</strong></span> <span class='ocrx_word' id='word_1_606' title='bbox 2701 1733 2920 1787; x_wconf 87' lang='lat' dir='ltr'><strong>Paulum</strong></span> <span class='ocrx_word' id='word_1_607' title='bbox 2950 1733 3242 1803; x_wconf 90' lang='lat' dir='ltr'><strong>dicentem,</strong></span> <span class='ocrx_word' id='word_1_608' title='bbox 3287 1736 3611 1806; x_wconf 79' lang='lat' dir='ltr'><strong>Nesciobam,</strong></span> <span class='ocrx_word' id='word_1_609' title='bbox 3654 1741 3765 1796; x_wconf 83' lang='lat' dir='ltr'><strong>fra-</strong></span> 
     </span>
    </p>
   </div>
   <div class='ocr_carea' id='block_1_76' title="bbox 2179 1822 3763 1908">
    <p class='ocr_par' dir='ltr' id='par_1_76' title="bbox 2179 1822 3763 1908">
     <span class='ocr_line' id='line_1_76' title="bbox 2179 1822 3763 1908; baseline 0.009 -34"><span class='ocrx_word' id='word_1_610' title='bbox 2179 1827 2308 1908; x_wconf 85' lang='lat' dir='ltr'><strong>tres,</strong></span> <span class='ocrx_word' id='word_1_611' title='bbox 2338 1823 2474 1891; x_wconf 84' lang='lat' dir='ltr'><strong>quod</strong></span> <span class='ocrx_word' id='word_1_612' title='bbox 2493 1823 2559 1877; x_wconf 85' lang='lat' dir='ltr'><strong>sit</strong></span> <span class='ocrx_word' id='word_1_613' title='bbox 2583 1825 2812 1894; x_wconf 67' lang='lat' dir='ltr'><strong>pontifex</strong></span> <span class='ocrx_word' id='word_1_614' title='bbox 2838 1822 2972 1892; x_wconf 84' lang='lat' dir='ltr'><strong>(Act.</strong></span> <span class='ocrx_word' id='word_1_615' title='bbox 2999 1825 3088 1881; x_wconf 74' lang='lat'><strong>23.</strong></span> <span class='ocrx_word' id='word_1_616' title='bbox 3113 1827 3146 1882; x_wconf 85' lang='lat'><strong>5</strong></span> <span class='ocrx_word' id='word_1_617' title='bbox 3171 1829 3190 1898; x_wconf 98' lang='lat'><strong>)</strong></span> <span class='ocrx_word' id='word_1_618' title='bbox 3216 1845 3229 1881; x_wconf 92' lang='lat'><strong>:</strong></span> <span class='ocrx_word' id='word_1_619' title='bbox 3261 1829 3382 1884; x_wconf 90' lang='lat' dir='ltr'><strong>audi</strong></span> <span class='ocrx_word' id='word_1_620' title='bbox 3411 1839 3462 1884; x_wconf 87' lang='lat' dir='ltr'><strong>et</strong></span> <span class='ocrx_word' id='word_1_621' title='bbox 3493 1831 3763 1888; x_wconf 84' lang='lat' dir='ltr'><strong>Christum</strong></span> 
     </span>
    </p>
   </div>
   <div class='ocr_carea' id='block_1_77' title="bbox 2176 1915 3766 1990">
    <p class='ocr_par' dir='ltr' id='par_1_77' title="bbox 2176 1915 3766 1990">
     <span class='ocr_line' id='line_1_77' title="bbox 2176 1915 3766 1990; baseline 0.008 -20"><span class='ocrx_word' id='word_1_622' title='bbox 2176 1915 2467 1983; x_wconf 84' lang='lat' dir='ltr'><strong>dicentem,</strong></span> <span class='ocrx_word' id='word_1_623' title='bbox 2501 1918 2686 1972; x_wconf 82' lang='lat' dir='ltr'><strong>Omnia</strong></span> <span class='ocrx_word' id='word_1_624' title='bbox 2711 1937 2824 1990; x_wconf 77' lang='lat' dir='ltr'><strong>qua:</strong></span> <span class='ocrx_word' id='word_1_625' title='bbox 2843 1920 3063 1975; x_wconf 70' lang='lat' dir='ltr'><strong>dixerint</strong></span> <span class='ocrx_word' id='word_1_626' title='bbox 3084 1923 3219 1977; x_wconf 89' lang='lat' dir='ltr'><strong>vobis</strong></span> <span class='ocrx_word' id='word_1_627' title='bbox 3238 1933 3294 1976; x_wconf 87' lang='lat' dir='ltr'><strong>ut</strong></span> <span class='ocrx_word' id='word_1_628' title='bbox 3315 1925 3539 1990; x_wconf 75' lang='lat' dir='ltr'><strong>servetis,</strong></span> <span class='ocrx_word' id='word_1_629' title='bbox 3569 1936 3766 1982; x_wconf 75' lang='lat' dir='ltr'><strong>servata</strong></span> 
     </span>
    </p>
   </div>
   <div class='ocr_carea' id='block_1_78' title="bbox 2176 2008 3763 2081">
    <p class='ocr_par' dir='ltr' id='par_1_78' title="bbox 2176 2008 3763 2081">
     <span class='ocr_line' id='line_1_78' title="bbox 2176 2008 3763 2081; baseline 0.008 -23"><span class='ocrx_word' id='word_1_630' title='bbox 2176 2015 2223 2059; x_wconf 82' lang='lat' dir='ltr'><strong>et</strong></span> <span class='ocrx_word' id='word_1_631' title='bbox 2243 2008 2619 2078; x_wconf 81' lang='lat' dir='ltr'><strong>facite(Matth.</strong></span> <span class='ocrx_word' id='word_1_632' title='bbox 2647 2010 2737 2066; x_wconf 74' lang='lat'><strong>23.</strong></span> <span class='ocrx_word' id='word_1_633' title='bbox 2760 2010 2838 2081; x_wconf 78' lang='lat'><strong>5).</strong></span> <span class='ocrx_word' id='word_1_634' title='bbox 2864 2011 2977 2066; x_wconf 80' lang='lat' dir='ltr'><strong>Non</strong></span> <span class='ocrx_word' id='word_1_635' title='bbox 3007 2027 3091 2067; x_wconf 89' lang='lat' dir='ltr'><strong>me</strong></span> <span class='ocrx_word' id='word_1_636' title='bbox 3107 2016 3427 2078; x_wconf 89' lang='lat' dir='ltr'><strong>contemnis,</strong></span> <span class='ocrx_word' id='word_1_637' title='bbox 3457 2015 3552 2070; x_wconf 84' lang='lat' dir='ltr'><strong>sed</strong></span> <span class='ocrx_word' id='word_1_638' title='bbox 3579 2032 3763 2073; x_wconf 89' lang='lat' dir='ltr'><strong>sacer-</strong></span> 
     </span>
    </p>
   </div>
   <div class='ocr_carea' id='block_1_79' title="bbox 2175 2094 3763 2169">
    <p class='ocr_par' dir='ltr' id='par_1_79' title="bbox 2175 2094 3763 2169">
     <span class='ocr_line' id='line_1_79' title="bbox 2175 2094 3763 2169; baseline 0.009 -20"><span class='ocrx_word' id='word_1_639' title='bbox 2175 2094 2425 2152; x_wconf 89' lang='lat' dir='ltr'><strong>dotium:</strong></span> <span class='ocrx_word' id='word_1_640' title='bbox 2465 2097 2512 2152; x_wconf 92' lang='lat' dir='ltr'><strong>si</strong></span> <span class='ocrx_word' id='word_1_641' title='bbox 2552 2113 2638 2154; x_wconf 88' lang='lat' dir='ltr'><strong>me</strong></span> <span class='ocrx_word' id='word_1_642' title='bbox 2677 2114 2742 2154; x_wconf 89' lang='lat' dir='ltr'><strong>eo</strong></span> <span class='ocrx_word' id='word_1_643' title='bbox 2783 2100 2982 2156; x_wconf 88' lang='lat' dir='ltr'><strong>videris</strong></span> <span class='ocrx_word' id='word_1_644' title='bbox 3023 2103 3298 2169; x_wconf 92' lang='lat' dir='ltr'><strong>nudatum,</strong></span> <span class='ocrx_word' id='word_1_645' title='bbox 3341 2115 3465 2160; x_wconf 88' lang='lat' dir='ltr'><strong>tunc</strong></span> <span class='ocrx_word' id='word_1_646' title='bbox 3503 2121 3591 2161; x_wconf 90' lang='lat' dir='ltr'><strong>me</strong></span> <span class='ocrx_word' id='word_1_647' title='bbox 3627 2122 3763 2163; x_wconf 84' lang='lat' dir='ltr'><strong>con-</strong></span> 
     </span>
    </p>
   </div>
   <div class='ocr_carea' id='block_1_80' title="bbox 2174 2193 3760 2266">
    <p class='ocr_par' dir='ltr' id='par_1_80' title="bbox 2174 2193 3760 2266">
     <span class='ocr_line' id='line_1_80' title="bbox 2174 2193 3760 2266; baseline 0.009 -26"><span class='ocrx_word' id='word_1_648' title='bbox 2174 2194 2357 2243; x_wconf 86' lang='lat' dir='ltr'><strong>temne</strong></span> <span class='ocrx_word' id='word_1_649' title='bbox 2389 2207 2402 2242; x_wconf 87' lang='lat'><strong>:</strong></span> <span class='ocrx_word' id='word_1_650' title='bbox 2445 2197 2570 2244; x_wconf 90' lang='lat' dir='ltr'><strong>tunc</strong></span> <span class='ocrx_word' id='word_1_651' title='bbox 2609 2206 2709 2246; x_wconf 88' lang='lat' dir='ltr'><strong>nec</strong></span> <span class='ocrx_word' id='word_1_652' title='bbox 2748 2207 2848 2261; x_wconf 86' lang='lat' dir='ltr'><strong>ego</strong></span> <span class='ocrx_word' id='word_1_653' title='bbox 2889 2193 3157 2263; x_wconf 89' lang='lat' dir='ltr'><strong>imperare</strong></span> <span class='ocrx_word' id='word_1_654' title='bbox 3196 2211 3433 2266; x_wconf 84' lang='lat' dir='ltr'><strong>pergam.</strong></span> <span class='ocrx_word' id='word_1_655' title='bbox 3487 2197 3760 2264; x_wconf 86' lang='lat' dir='ltr'><strong>Quamdiu</strong></span> 
     </span>
    </p>
   </div>
   <div class='ocr_carea' id='block_1_81' title="bbox 2173 2280 3756 2359">
    <p class='ocr_par' dir='ltr' id='par_1_81' title="bbox 2173 2280 3756 2359">
     <span class='ocr_line' id='line_1_81' title="bbox 2173 2280 3756 2359; baseline 0.008 -25"><span class='ocrx_word' id='word_1_656' title='bbox 2173 2289 2353 2334; x_wconf 85' lang='lat' dir='ltr'><strong>autem</strong></span> <span class='ocrx_word' id='word_1_657' title='bbox 2385 2281 2439 2336; x_wconf 93' lang='lat' dir='ltr'><strong>in</strong></span> <span class='ocrx_word' id='word_1_658' title='bbox 2471 2280 2573 2336; x_wconf 87' lang='lat' dir='ltr'><strong>hac</strong></span> <span class='ocrx_word' id='word_1_659' title='bbox 2602 2281 2732 2339; x_wconf 90' lang='lat' dir='ltr'><strong>sede</strong></span> <span class='ocrx_word' id='word_1_660' title='bbox 2752 2285 3005 2340; x_wconf 90' lang='lat' dir='ltr'><strong>sedemus</strong></span> <span class='ocrx_word' id='word_1_661' title='bbox 3028 2328 3044 2352; x_wconf 96' lang='lat'><strong>,</strong></span> <span class='ocrx_word' id='word_1_662' title='bbox 3083 2288 3334 2356; x_wconf 88' lang='lat' dir='ltr'><strong>quamdiu</strong></span> <span class='ocrx_word' id='word_1_663' title='bbox 3366 2289 3721 2359; x_wconf 66' lang='lat' dir='ltr'><strong>prmsidemus</strong></span> <span class='ocrx_word' id='word_1_664' title='bbox 3741 2334 3756 2357; x_wconf 88' lang='lat'><strong>.</strong></span> 
     </span>
    </p>
   </div>
   <div class='ocr_carea' id='block_1_82' title="bbox 2175 2369 3758 2443">
    <p class='ocr_par' dir='ltr' id='par_1_82' title="bbox 2175 2369 3758 2443">
     <span class='ocr_line' id='line_1_82' title="bbox 2175 2369 3758 2443; baseline 0.008 -19"><span class='ocrx_word' id='word_1_665' title='bbox 2175 2369 2435 2427; x_wconf 88' lang='lat' dir='ltr'><strong>habemus</strong></span> <span class='ocrx_word' id='word_1_666' title='bbox 2460 2381 2512 2428; x_wconf 89' lang='lat' dir='ltr'><strong>et</strong></span> <span class='ocrx_word' id='word_1_667' title='bbox 2541 2374 2912 2430; x_wconf 88' lang='lat' dir='ltr'><strong>auctoritatem</strong></span> <span class='ocrx_word' id='word_1_668' title='bbox 2944 2383 3001 2430; x_wconf 90' lang='lat' dir='ltr'><strong>et</strong></span> <span class='ocrx_word' id='word_1_669' title='bbox 3029 2376 3302 2443; x_wconf 83' lang='lat' dir='ltr'><strong>virtutem,</strong></span> <span class='ocrx_word' id='word_1_670' title='bbox 3345 2379 3553 2434; x_wconf 89' lang='lat' dir='ltr'><strong>etiamsi</strong></span> <span class='ocrx_word' id='word_1_671' title='bbox 3582 2382 3758 2437; x_wconf 89' lang='lat' dir='ltr'><strong>simus</strong></span> 
     </span>
    </p>
   </div>
   <div class='ocr_carea' id='block_1_83' title="bbox 2173 2463 3757 2537">
    <p class='ocr_par' dir='ltr' id='par_1_83' title="bbox 2173 2463 3757 2537">
     <span class='ocr_line' id='line_1_83' title="bbox 2173 2463 3757 2537; baseline 0.007 -21"><span class='ocrx_word' id='word_1_672' title='bbox 2173 2463 2396 2535; x_wconf 85' lang='lat' dir='ltr'><strong>indigni.</strong></span> <span class='ocrx_word' id='word_1_673' title='bbox 2428 2465 2482 2520; x_wconf 91' lang='lat' dir='ltr'><strong>Si</strong></span> <span class='ocrx_word' id='word_1_674' title='bbox 2511 2465 2710 2537; x_wconf 86' lang='lat' dir='ltr'><strong>Moysis</strong></span> <span class='ocrx_word' id='word_1_675' title='bbox 2737 2467 2961 2522; x_wconf 89' lang='lat' dir='ltr'><strong>thronus</strong></span> <span class='ocrx_word' id='word_1_676' title='bbox 2989 2476 3106 2523; x_wconf 91' lang='lat' dir='ltr'><strong>erat</strong></span> <span class='ocrx_word' id='word_1_677' title='bbox 3135 2468 3268 2524; x_wconf 90' lang='lat' dir='ltr'><strong>adeo</strong></span> <span class='ocrx_word' id='word_1_678' title='bbox 3296 2471 3630 2526; x_wconf 76' lang='lat' dir='ltr'><strong>venerandus</strong></span> <span class='ocrx_word' id='word_1_679' title='bbox 3650 2514 3665 2535; x_wconf 91' lang='lat'><strong>,</strong></span> <span class='ocrx_word' id='word_1_680' title='bbox 3697 2482 3757 2528; x_wconf 91' lang='lat' dir='ltr'><strong>ut</strong></span> 
     </span>
    </p>
   </div>
   <div class='ocr_carea' id='block_1_84' title="bbox 2171 2557 3758 2631">
    <p class='ocr_par' dir='ltr' id='par_1_84' title="bbox 2171 2557 3758 2631">
     <span class='ocr_line' id='line_1_84' title="bbox 2171 2557 3758 2631; baseline 0.006 -21"><span class='ocrx_word' id='word_1_681' title='bbox 2171 2567 2393 2629; x_wconf 88' lang='lat' dir='ltr'><strong>pr0pter</strong></span> <span class='ocrx_word' id='word_1_682' title='bbox 2419 2557 2570 2613; x_wconf 91' lang='lat' dir='ltr'><strong>illum</strong></span> <span class='ocrx_word' id='word_1_683' title='bbox 2609 2559 2905 2627; x_wconf 88' lang='lat' dir='ltr'><strong>audiretur,</strong></span> <span class='ocrx_word' id='word_1_684' title='bbox 2947 2561 3116 2615; x_wconf 92' lang='lat' dir='ltr'><strong>multo</strong></span> <span class='ocrx_word' id='word_1_685' title='bbox 3155 2561 3323 2631; x_wconf 87' lang='lat' dir='ltr'><strong>magis</strong></span> <span class='ocrx_word' id='word_1_686' title='bbox 3361 2561 3558 2617; x_wconf 88' lang='lat' dir='ltr'><strong>Christi</strong></span> <span class='ocrx_word' id='word_1_687' title='bbox 3600 2563 3758 2620; x_wconf 86' lang='lat' dir='ltr'><strong>thro-</strong></span> 
     </span>
    </p>
   </div>
   <div class='ocr_carea' id='block_1_85' title="bbox 2171 2651 3755 2727">
    <p class='ocr_par' dir='ltr' id='par_1_85' title="bbox 2171 2651 3755 2727">
     <span class='ocr_line' id='line_1_85' title="bbox 2171 2651 3755 2727; baseline 0.004 -23"><span class='ocrx_word' id='word_1_688' title='bbox 2171 2665 2272 2705; x_wconf 89' lang='lat' dir='ltr'><strong>nus</strong></span> <span class='ocrx_word' id='word_1_689' title='bbox 2304 2667 2319 2705; x_wconf 90' lang='lat'><strong>:</strong></span> <span class='ocrx_word' id='word_1_690' title='bbox 2359 2651 2512 2706; x_wconf 91' lang='lat' dir='ltr'><strong>illum</strong></span> <span class='ocrx_word' id='word_1_691' title='bbox 2538 2666 2638 2706; x_wconf 90' lang='lat' dir='ltr'><strong>nos</strong></span> <span class='ocrx_word' id='word_1_692' title='bbox 2661 2653 2985 2722; x_wconf 87' lang='lat' dir='ltr'><strong>accepimus,</strong></span> <span class='ocrx_word' id='word_1_693' title='bbox 3031 2653 3083 2708; x_wconf 92' lang='lat' dir='ltr'><strong>in</strong></span> <span class='ocrx_word' id='word_1_694' title='bbox 3123 2653 3214 2708; x_wconf 95' lang='lat' dir='ltr'><strong>illo</strong></span> <span class='ocrx_word' id='word_1_695' title='bbox 3235 2653 3522 2724; x_wconf 89' lang='lat' dir='ltr'><strong>loquimur,</strong></span> <span class='ocrx_word' id='word_1_696' title='bbox 3556 2671 3618 2710; x_wconf 81' lang='lat' dir='ltr'><strong>ex</strong></span> <span class='ocrx_word' id='word_1_697' title='bbox 3643 2671 3755 2727; x_wconf 89' lang='lat' dir='ltr'><strong>quo</strong></span> 
     </span>
    </p>
   </div>
   <div class='ocr_carea' id='block_1_86' title="bbox 2166 2739 3753 2815">
    <p class='ocr_par' dir='ltr' id='par_1_86' title="bbox 2166 2739 3753 2815">
     <span class='ocr_line' id='line_1_86' title="bbox 2166 2739 3753 2815; baseline 0.006 -19"><span class='ocrx_word' id='word_1_698' title='bbox 2166 2739 2416 2798; x_wconf 83' lang='lat' dir='ltr'><strong>Christus</strong></span> <span class='ocrx_word' id='word_1_699' title='bbox 2453 2744 2508 2798; x_wconf 88' lang='lat' dir='ltr'><strong>in</strong></span> <span class='ocrx_word' id='word_1_700' title='bbox 2549 2744 2704 2800; x_wconf 91' lang='lat' dir='ltr'><strong>nobis</strong></span> <span class='ocrx_word' id='word_1_701' title='bbox 2741 2746 2921 2815; x_wconf 87' lang='lat' dir='ltr'><strong>posuit</strong></span> <span class='ocrx_word' id='word_1_702' title='bbox 2959 2746 3315 2802; x_wconf 91' lang='lat' dir='ltr'><strong>ministerium</strong></span> <span class='ocrx_word' id='word_1_703' title='bbox 3356 2749 3753 2805; x_wconf 84' lang='lat' dir='ltr'><strong>reconciliatio-</strong></span> 
     </span>
    </p>
   </div>
   <div class='ocr_carea' id='block_1_87' title="bbox 2169 2833 3754 2910">
    <p class='ocr_par' dir='ltr' id='par_1_87' title="bbox 2169 2833 3754 2910">
     <span class='ocr_line' id='line_1_87' title="bbox 2169 2833 3754 2910; baseline 0.005 -22"><span class='ocrx_word' id='word_1_704' title='bbox 2169 2834 2274 2888; x_wconf 89' lang='lat' dir='ltr'><strong>nis.</strong></span> <span class='ocrx_word' id='word_1_705' title='bbox 2313 2833 2520 2904; x_wconf 82' lang='lat' dir='ltr'><strong>Legati,</strong></span> <span class='ocrx_word' id='word_1_706' title='bbox 2561 2836 2885 2907; x_wconf 88' lang='lat' dir='ltr'><strong>quicumque</strong></span> <span class='ocrx_word' id='word_1_707' title='bbox 2925 2837 2958 2891; x_wconf 92' lang='lat' dir='ltr'><strong>ii</strong></span> <span class='ocrx_word' id='word_1_708' title='bbox 3001 2837 3220 2905; x_wconf 90' lang='lat' dir='ltr'><strong>fuerint,</strong></span> <span class='ocrx_word' id='word_1_709' title='bbox 3261 2849 3484 2910; x_wconf 89' lang='lat' dir='ltr'><strong>propter</strong></span> <span class='ocrx_word' id='word_1_710' title='bbox 3518 2840 3754 2910; x_wconf 80' lang='lat' dir='ltr'><strong>dignita-</strong></span> 
     </span>
    </p>
   </div>
   <div class='ocr_carea' id='block_1_88' title="bbox 2170 2925 3754 3000">
    <p class='ocr_par' dir='ltr' id='par_1_88' title="bbox 2170 2925 3754 3000">
     <span class='ocr_line' id='line_1_88' title="bbox 2170 2925 3754 3000; baseline 0.006 -21"><span class='ocrx_word' id='word_1_711' title='bbox 2170 2934 2276 2980; x_wconf 89' lang='lat' dir='ltr'><strong>tem</strong></span> <span class='ocrx_word' id='word_1_712' title='bbox 2315 2925 2596 2997; x_wconf 87' lang='lat' dir='ltr'><strong>legationis</strong></span> <span class='ocrx_word' id='word_1_713' title='bbox 2636 2929 2859 2982; x_wconf 89' lang='lat' dir='ltr'><strong>multum</strong></span> <span class='ocrx_word' id='word_1_714' title='bbox 2900 2928 3157 2984; x_wconf 88' lang='lat' dir='ltr'><strong>honorem</strong></span> <span class='ocrx_word' id='word_1_715' title='bbox 3197 2939 3572 3000; x_wconf 86' lang='lat' dir='ltr'><strong>assequuntur.</strong></span> <span class='ocrx_word' id='word_1_716' title='bbox 3614 2930 3754 2988; x_wconf 84' lang='lat' dir='ltr'><strong>Vide</strong></span> 
     </span>
    </p>
   </div>
   <div class='ocr_carea' id='block_1_89' title="bbox 2170 3019 3750 3092">
    <p class='ocr_par' dir='ltr' id='par_1_89' title="bbox 2170 3019 3750 3092">
     <span class='ocr_line' id='line_1_89' title="bbox 2170 3019 3750 3092; baseline 0.005 -20"><span class='ocrx_word' id='word_1_717' title='bbox 2170 3019 2310 3072; x_wconf 83' lang='lat' dir='ltr'><strong>enim</strong></span> <span class='ocrx_word' id='word_1_718' title='bbox 2342 3037 2355 3073; x_wconf 92' lang='lat'><strong>:</strong></span> <span class='ocrx_word' id='word_1_719' title='bbox 2386 3020 2605 3074; x_wconf 87' lang='lat' dir='ltr'><strong>veniunt</strong></span> <span class='ocrx_word' id='word_1_720' title='bbox 2635 3020 2686 3074; x_wconf 94' lang='lat' dir='ltr'><strong>in</strong></span> <span class='ocrx_word' id='word_1_721' title='bbox 2716 3021 2949 3077; x_wconf 89' lang='lat' dir='ltr'><strong>mediam</strong></span> <span class='ocrx_word' id='word_1_722' title='bbox 2972 3021 3320 3077; x_wconf 80' lang='lat' dir='ltr'><strong>barbarorum</strong></span> <span class='ocrx_word' id='word_1_723' title='bbox 3346 3025 3615 3092; x_wconf 84' lang='lat' dir='ltr'><strong>regionem</strong></span> <span class='ocrx_word' id='word_1_724' title='bbox 3644 3026 3750 3080; x_wconf 82' lang='lat' dir='ltr'><strong>soli</strong></span> 
     </span>
    </p>
   </div>
   <div class='ocr_carea' id='block_1_90' title="bbox 2166 3112 3750 3186">
    <p class='ocr_par' dir='ltr' id='par_1_90' title="bbox 2166 3112 3750 3186">
     <span class='ocr_line' id='line_1_90' title="bbox 2166 3112 3750 3186; baseline 0.001 -19"><span class='ocrx_word' id='word_1_725' title='bbox 2166 3112 2306 3167; x_wconf 89' lang='lat' dir='ltr'><strong>inter</strong></span> <span class='ocrx_word' id='word_1_726' title='bbox 2329 3121 2407 3168; x_wconf 87' lang='lat' dir='ltr'><strong>tot</strong></span> <span class='ocrx_word' id='word_1_727' title='bbox 2437 3112 2657 3182; x_wconf 85' lang='lat' dir='ltr'><strong>hostes;</strong></span> <span class='ocrx_word' id='word_1_728' title='bbox 2692 3123 2745 3168; x_wconf 91' lang='lat' dir='ltr'><strong>et</strong></span> <span class='ocrx_word' id='word_1_729' title='bbox 2773 3114 3023 3184; x_wconf 89' lang='lat' dir='ltr'><strong>quoniam</strong></span> <span class='ocrx_word' id='word_1_730' title='bbox 3055 3129 3303 3184; x_wconf 88' lang='lat' dir='ltr'><strong>magnam</strong></span> <span class='ocrx_word' id='word_1_731' title='bbox 3331 3116 3436 3169; x_wconf 85' lang='lat' dir='ltr'><strong>vim</strong></span> <span class='ocrx_word' id='word_1_732' title='bbox 3477 3114 3635 3171; x_wconf 80' lang='lat' dir='ltr'><strong>habet</strong></span> <span class='ocrx_word' id='word_1_733' title='bbox 3658 3117 3750 3186; x_wconf 88' lang='lat' dir='ltr'><strong>jus</strong></span> 
     </span>
    </p>
   </div>
   <div class='ocr_carea' id='block_1_91' title="bbox 2163 3204 3749 3276">
    <p class='ocr_par' dir='ltr' id='par_1_91' title="bbox 2163 3204 3749 3276">
     <span class='ocr_line' id='line_1_91' title="bbox 2163 3204 3749 3276; baseline 0.003 -17"><span class='ocrx_word' id='word_1_734' title='bbox 2163 3204 2464 3276; x_wconf 86' lang='lat' dir='ltr'><strong>legationis,</strong></span> <span class='ocrx_word' id='word_1_735' title='bbox 2487 3221 2675 3262; x_wconf 91' lang='lat' dir='ltr'><strong>omnes</strong></span> <span class='ocrx_word' id='word_1_736' title='bbox 2701 3221 2796 3262; x_wconf 88' lang='lat' dir='ltr'><strong>eos</strong></span> <span class='ocrx_word' id='word_1_737' title='bbox 2821 3207 3115 3271; x_wconf 74' lang='lat' dir='ltr'><strong>intuentur,</strong></span> <span class='ocrx_word' id='word_1_738' title='bbox 3135 3221 3320 3264; x_wconf 88' lang='lat' dir='ltr'><strong>omnes</strong></span> <span class='ocrx_word' id='word_1_739' title='bbox 3337 3223 3431 3263; x_wconf 89' lang='lat' dir='ltr'><strong>eos</strong></span> <span class='ocrx_word' id='word_1_740' title='bbox 3455 3219 3569 3264; x_wconf 90' lang='lat' dir='ltr'><strong>tuto</strong></span> <span class='ocrx_word' id='word_1_741' title='bbox 3584 3212 3749 3264; x_wconf 84' lang='lat' dir='ltr'><strong>cmit-</strong></span> 
     </span>
    </p>
   </div>
   <div class='ocr_carea' id='block_1_92' title="bbox 2163 3297 3737 3371">
    <p class='ocr_par' dir='ltr' id='par_1_92' title="bbox 2163 3297 3737 3371">
     <span class='ocr_line' id='line_1_92' title="bbox 2163 3297 3737 3371; baseline 0.004 -21"><span class='ocrx_word' id='word_1_742' title='bbox 2163 3303 2300 3350; x_wconf 91' lang='lat' dir='ltr'><strong>tnnt.</strong></span> <span class='ocrx_word' id='word_1_743' title='bbox 2345 3297 2411 3350; x_wconf 89' lang='lat' dir='ltr'><strong>Et</strong></span> <span class='ocrx_word' id='word_1_744' title='bbox 2450 3311 2550 3351; x_wconf 90' lang='lat' dir='ltr'><strong>nos</strong></span> <span class='ocrx_word' id='word_1_745' title='bbox 2588 3312 2718 3367; x_wconf 88' lang='lat' dir='ltr'><strong>ergo</strong></span> <span class='ocrx_word' id='word_1_746' title='bbox 2749 3298 3084 3368; x_wconf 89' lang='lat' dir='ltr'><strong>suscepimus</strong></span> <span class='ocrx_word' id='word_1_747' title='bbox 3123 3315 3318 3355; x_wconf 89' lang='lat' dir='ltr'><strong>munus</strong></span> <span class='ocrx_word' id='word_1_748' title='bbox 3345 3300 3649 3371; x_wconf 88' lang='lat' dir='ltr'><strong>legationis,</strong></span> <span class='ocrx_word' id='word_1_749' title='bbox 3682 3312 3737 3357; x_wconf 88' lang='lat' dir='ltr'><strong>et</strong></span> 
     </span>
    </p>
   </div>
   <div class='ocr_carea' id='block_1_93' title="bbox 2161 3389 3737 3463">
    <p class='ocr_par' dir='ltr' id='par_1_93' title="bbox 2161 3389 3737 3463">
     <span class='ocr_line' id='line_1_93' title="bbox 2161 3389 3737 3463; baseline 0.003 -19"><span class='ocrx_word' id='word_1_750' title='bbox 2161 3403 2192 3444; x_wconf 88' lang='lat' dir='ltr'><strong>a</strong></span> <span class='ocrx_word' id='word_1_751' title='bbox 2217 3389 2328 3445; x_wconf 91' lang='lat' dir='ltr'><strong>Deo</strong></span> <span class='ocrx_word' id='word_1_752' title='bbox 2355 3390 2598 3444; x_wconf 84' lang='lat' dir='ltr'><strong>venimus</strong></span> <span class='ocrx_word' id='word_1_753' title='bbox 2627 3408 2640 3442; x_wconf 75' lang='grc' dir='ltr'><em>τ</em></span> <span class='ocrx_word' id='word_1_754' title='bbox 2684 3390 2798 3445; x_wconf 69' lang='lat' dir='ltr'><strong>haec</strong></span> <span class='ocrx_word' id='word_1_755' title='bbox 2838 3399 2922 3446; x_wconf 84' lang='lat' dir='ltr'><strong>est</strong></span> <span class='ocrx_word' id='word_1_756' title='bbox 2942 3392 3082 3445; x_wconf 90' lang='lat' dir='ltr'><strong>enim</strong></span> <span class='ocrx_word' id='word_1_757' title='bbox 3113 3392 3343 3461; x_wconf 88' lang='lat' dir='ltr'><strong>dignitas</strong></span> <span class='ocrx_word' id='word_1_758' title='bbox 3372 3393 3737 3463; x_wconf 90' lang='lat' dir='ltr'><strong>episcopatus.</strong></span> 
     </span>
    </p>
   </div>
   <div class='ocr_carea' id='block_1_94' title="bbox 2167 3481 3746 3554">
    <p class='ocr_par' dir='ltr' id='par_1_94' title="bbox 2167 3481 3746 3554">
     <span class='ocr_line' id='line_1_94' title="bbox 2167 3481 3746 3554; baseline 0.003 -19"><span class='ocrx_word' id='word_1_759' title='bbox 2167 3481 2419 3536; x_wconf 84' lang='lat' dir='ltr'><strong>Venimus</strong></span> <span class='ocrx_word' id='word_1_760' title='bbox 2443 3482 2510 3535; x_wconf 91' lang='lat' dir='ltr'><strong>ad</strong></span> <span class='ocrx_word' id='word_1_761' title='bbox 2533 3496 2627 3536; x_wconf 92' lang='lat' dir='ltr'><strong>vos</strong></span> <span class='ocrx_word' id='word_1_762' title='bbox 2650 3482 2912 3552; x_wconf 85' lang='lat' dir='ltr'><strong>legatione</strong></span> <span class='ocrx_word' id='word_1_763' title='bbox 2942 3481 3243 3553; x_wconf 87' lang='lat' dir='ltr'><strong>fungentes,</strong></span> <span class='ocrx_word' id='word_1_764' title='bbox 3267 3494 3516 3554; x_wconf 86' lang='lat' dir='ltr'><strong>rogantes</strong></span> <span class='ocrx_word' id='word_1_765' title='bbox 3537 3495 3595 3539; x_wconf 90' lang='lat' dir='ltr'><strong>ut</strong></span> <span class='ocrx_word' id='word_1_766' title='bbox 3624 3485 3746 3540; x_wconf 88' lang='lat' dir='ltr'><strong>bel-</strong></span> 
     </span>
    </p>
   </div>
   <div class='ocr_carea' id='block_1_95' title="bbox 2157 3573 3748 3646">
    <p class='ocr_par' dir='ltr' id='par_1_95' title="bbox 2157 3573 3748 3646">
     <span class='ocr_line' id='line_1_95' title="bbox 2157 3573 3748 3646; baseline 0.003 -20"><span class='ocrx_word' id='word_1_767' title='bbox 2157 3573 2211 3628; x_wconf 91' lang='lat' dir='ltr'><strong>lo</strong></span> <span class='ocrx_word' id='word_1_768' title='bbox 2238 3573 2397 3628; x_wconf 85' lang='lat' dir='ltr'><strong>linem</strong></span> <span class='ocrx_word' id='word_1_769' title='bbox 2425 3574 2729 3644; x_wconf 89' lang='lat' dir='ltr'><strong>imponatis,</strong></span> <span class='ocrx_word' id='word_1_770' title='bbox 2752 3582 2805 3630; x_wconf 91' lang='lat' dir='ltr'><strong>et</strong></span> <span class='ocrx_word' id='word_1_771' title='bbox 2827 3574 3053 3630; x_wconf 92' lang='lat' dir='ltr'><strong>dicimus</strong></span> <span class='ocrx_word' id='word_1_772' title='bbox 3078 3575 3392 3646; x_wconf 90' lang='lat' dir='ltr'><strong>quibusnam</strong></span> <span class='ocrx_word' id='word_1_773' title='bbox 3417 3577 3748 3631; x_wconf 83' lang='lat' dir='ltr'><strong>conditioni-</strong></span> 
     </span>
    </p>
   </div>
   <div class='ocr_carea' id='block_1_96' title="bbox 2156 3664 3745 3738">
    <p class='ocr_par' dir='ltr' id='par_1_96' title="bbox 2156 3664 3745 3738">
     <span class='ocr_line' id='line_1_96' title="bbox 2156 3664 3745 3738; baseline 0.004 -19"><span class='ocrx_word' id='word_1_774' title='bbox 2156 3664 2277 3729; x_wconf 91' lang='lat' dir='ltr'><strong>bus,</strong></span> <span class='ocrx_word' id='word_1_775' title='bbox 2321 3680 2426 3720; x_wconf 92' lang='lat' dir='ltr'><strong>non</strong></span> <span class='ocrx_word' id='word_1_776' title='bbox 2471 3667 2716 3720; x_wconf 82' lang='lat' dir='ltr'><strong>civitates</strong></span> <span class='ocrx_word' id='word_1_777' title='bbox 2755 3665 2905 3721; x_wconf 88' lang='lat' dir='ltr'><strong>vobis</strong></span> <span class='ocrx_word' id='word_1_778' title='bbox 2937 3666 3152 3721; x_wconf 87' lang='lat' dir='ltr'><strong>daturos</strong></span> <span class='ocrx_word' id='word_1_779' title='bbox 3181 3667 3530 3737; x_wconf 76' lang='lat' dir='ltr'><strong>pollicentes,</strong></span> <span class='ocrx_word' id='word_1_780' title='bbox 3567 3684 3745 3738; x_wconf 86' lang='lat' dir='ltr'><strong>neque</strong></span> 
     </span>
    </p>
   </div>
   <div class='ocr_carea' id='block_1_97' title="bbox 2157 3755 3744 3829">
    <p class='ocr_par' dir='ltr' id='par_1_97' title="bbox 2157 3755 3744 3829">
     <span class='ocr_line' id='line_1_97' title="bbox 2157 3755 3744 3829; baseline 0.002 -19"><span class='ocrx_word' id='word_1_781' title='bbox 2157 3763 2236 3811; x_wconf 89' lang='lat' dir='ltr'><strong>tot</strong></span> <span class='ocrx_word' id='word_1_782' title='bbox 2262 3765 2315 3811; x_wconf 92' lang='lat' dir='ltr'><strong>et</strong></span> <span class='ocrx_word' id='word_1_783' title='bbox 2344 3765 2421 3811; x_wconf 92' lang='lat' dir='ltr'><strong>tot</strong></span> <span class='ocrx_word' id='word_1_784' title='bbox 2453 3755 2703 3811; x_wconf 82' lang='lat' dir='ltr'><strong>frumenti</strong></span> <span class='ocrx_word' id='word_1_785' title='bbox 2735 3756 2943 3811; x_wconf 91' lang='lat' dir='ltr'><strong>modios</strong></span> <span class='ocrx_word' id='word_1_786' title='bbox 2970 3798 2984 3824; x_wconf 96' lang='lat'><strong>,</strong></span> <span class='ocrx_word' id='word_1_787' title='bbox 3019 3772 3192 3828; x_wconf 88' lang='lat' dir='ltr'><strong>neque</strong></span> <span class='ocrx_word' id='word_1_788' title='bbox 3219 3758 3478 3827; x_wconf 89' lang='lat' dir='ltr'><strong>mancipia</strong></span> <span class='ocrx_word' id='word_1_789' title='bbox 3498 3799 3512 3822; x_wconf 94' lang='lat'><strong>,</strong></span> <span class='ocrx_word' id='word_1_790' title='bbox 3564 3774 3744 3829; x_wconf 88' lang='lat' dir='ltr'><strong>neque</strong></span> 
     </span>
    </p>
   </div>
   <div class='ocr_carea' id='block_1_98' title="bbox 2155 3850 3738 3921">
    <p class='ocr_par' dir='ltr' id='par_1_98' title="bbox 2155 3850 3738 3921">
     <span class='ocr_line' id='line_1_98' title="bbox 2155 3850 3738 3921; baseline -0.001 -15"><span class='ocrx_word' id='word_1_791' title='bbox 2155 3867 2364 3916; x_wconf 87' lang='lat' dir='ltr'><strong>aurum,</strong></span> <span class='ocrx_word' id='word_1_792' title='bbox 2389 3850 2483 3906; x_wconf 92' lang='lat' dir='ltr'><strong>sed</strong></span> <span class='ocrx_word' id='word_1_793' title='bbox 2514 3866 2738 3921; x_wconf 86' lang='lat' dir='ltr'><strong>regnum</strong></span> <span class='ocrx_word' id='word_1_794' title='bbox 2776 3851 3028 3905; x_wconf 58' lang='lat' dir='ltr'><strong>caelorum</strong></span> <span class='ocrx_word' id='word_1_795' title='bbox 3048 3892 3063 3917; x_wconf 95' lang='lat'><strong>,</strong></span> <span class='ocrx_word' id='word_1_796' title='bbox 3107 3851 3268 3904; x_wconf 88' lang='lat' dir='ltr'><strong>vitam</strong></span> <span class='ocrx_word' id='word_1_797' title='bbox 3292 3861 3544 3906; x_wconf 69' lang='lat' dir='ltr'><strong>aeternam</strong></span> <span class='ocrx_word' id='word_1_798' title='bbox 3566 3892 3580 3916; x_wconf 95' lang='lat'><strong>,</strong></span> <span class='ocrx_word' id='word_1_799' title='bbox 3613 3865 3738 3905; x_wconf 90' lang='lat' dir='ltr'><strong>cum</strong></span> 
     </span>
    </p>
   </div>
   <div class='ocr_carea' id='block_1_99' title="bbox 2155 3942 3736 4014">
    <p class='ocr_par' dir='ltr' id='par_1_99' title="bbox 2155 3942 3736 4014">
     <span class='ocr_line' id='line_1_99' title="bbox 2155 3942 3736 4014; baseline -0.001 -16"><span class='ocrx_word' id='word_1_800' title='bbox 2155 3942 2370 3998; x_wconf 86' lang='lat' dir='ltr'><strong>Christo</strong></span> <span class='ocrx_word' id='word_1_801' title='bbox 2408 3944 2848 3999; x_wconf 90' lang='lat' dir='ltr'><strong>consuetudinem</strong></span> <span class='ocrx_word' id='word_1_802' title='bbox 2877 3986 2891 4010; x_wconf 95' lang='lat'><strong>,</strong></span> <span class='ocrx_word' id='word_1_803' title='bbox 2947 3954 2998 3999; x_wconf 93' lang='lat' dir='ltr'><strong>et</strong></span> <span class='ocrx_word' id='word_1_804' title='bbox 3053 3944 3152 3998; x_wconf 89' lang='lat' dir='ltr'><strong>alia</strong></span> <span class='ocrx_word' id='word_1_805' title='bbox 3177 3944 3312 3998; x_wconf 87' lang='lat' dir='ltr'><strong>bona</strong></span> <span class='ocrx_word' id='word_1_806' title='bbox 3345 3959 3465 4014; x_wconf 73' lang='lat' dir='ltr'><strong>qua:</strong></span> <span class='ocrx_word' id='word_1_807' title='bbox 3505 3959 3682 4013; x_wconf 88' lang='lat' dir='ltr'><strong>neque</strong></span> <span class='ocrx_word' id='word_1_808' title='bbox 3707 3957 3736 3996; x_wconf 86' lang='lat' dir='ltr'><strong>a</strong></span> 
     </span>
    </p>
   </div>
   <div class='ocr_carea' id='block_1_100' title="bbox 2153 4034 3740 4106">
    <p class='ocr_par' dir='ltr' id='par_1_100' title="bbox 2153 4034 3740 4106">
     <span class='ocr_line' id='line_1_100' title="bbox 2153 4034 3740 4106; baseline 0 -17"><span class='ocrx_word' id='word_1_809' title='bbox 2153 4036 2306 4089; x_wconf 90' lang='lat' dir='ltr'><strong>nobis</strong></span> <span class='ocrx_word' id='word_1_810' title='bbox 2353 4036 2528 4090; x_wconf 90' lang='lat' dir='ltr'><strong>verbis</strong></span> <span class='ocrx_word' id='word_1_811' title='bbox 2581 4044 2808 4106; x_wconf 88' lang='lat' dir='ltr'><strong>possunt</strong></span> <span class='ocrx_word' id='word_1_812' title='bbox 2860 4037 3109 4105; x_wconf 82' lang='lat' dir='ltr'><strong>exprimi,</strong></span> <span class='ocrx_word' id='word_1_813' title='bbox 3153 4051 3326 4105; x_wconf 89' lang='lat' dir='ltr'><strong>neque</strong></span> <span class='ocrx_word' id='word_1_814' title='bbox 3367 4050 3397 4088; x_wconf 86' lang='lat' dir='ltr'><strong>a</strong></span> <span class='ocrx_word' id='word_1_815' title='bbox 3452 4034 3602 4089; x_wconf 86' lang='lat' dir='ltr'><strong>vobis</strong></span> <span class='ocrx_word' id='word_1_816' title='bbox 3638 4050 3740 4089; x_wconf 87' lang='lat' dir='ltr'><strong>au-</strong></span> 
     </span>
    </p>
   </div>
   <div class='ocr_carea' id='block_1_101' title="bbox 2149 4125 3740 4197">
    <p class='ocr_par' dir='ltr' id='par_1_101' title="bbox 2149 4125 3740 4197">
     <span class='ocr_line' id='line_1_101' title="bbox 2149 4125 3740 4197; baseline -0.001 -15"><span class='ocrx_word' id='word_1_817' title='bbox 2149 4127 2274 4194; x_wconf 87' lang='lat' dir='ltr'><strong>diri,</strong></span> <span class='ocrx_word' id='word_1_818' title='bbox 2306 4126 2558 4197; x_wconf 89' lang='lat' dir='ltr'><strong>quamdiu</strong></span> <span class='ocrx_word' id='word_1_819' title='bbox 2613 4127 2869 4182; x_wconf 85' lang='lat' dir='ltr'><strong>fuerimus</strong></span> <span class='ocrx_word' id='word_1_820' title='bbox 2907 4128 2959 4182; x_wconf 92' lang='lat' dir='ltr'><strong>in</strong></span> <span class='ocrx_word' id='word_1_821' title='bbox 3015 4127 3113 4180; x_wconf 90' lang='lat' dir='ltr'><strong>hac</strong></span> <span class='ocrx_word' id='word_1_822' title='bbox 3159 4141 3319 4181; x_wconf 88' lang='lat' dir='ltr'><strong>carne</strong></span> <span class='ocrx_word' id='word_1_823' title='bbox 3369 4133 3424 4180; x_wconf 90' lang='lat' dir='ltr'><strong>et</strong></span> <span class='ocrx_word' id='word_1_824' title='bbox 3461 4125 3565 4179; x_wconf 82' lang='lat' dir='ltr'><strong>vita</strong></span> <span class='ocrx_word' id='word_1_825' title='bbox 3598 4140 3740 4195; x_wconf 71' lang='lat' dir='ltr'><strong>pras-</strong></span> 
     </span>
    </p>
   </div>
   <div class='ocr_carea' id='block_1_102' title="bbox 2149 4218 3736 4292">
    <p class='ocr_par' dir='ltr' id='par_1_102' title="bbox 2149 4218 3736 4292">
     <span class='ocr_line' id='line_1_102' title="bbox 2149 4218 3736 4292; baseline -0.001 -17"><span class='ocrx_word' id='word_1_826' title='bbox 2149 4221 2306 4275; x_wconf 87' lang='lat' dir='ltr'><strong>senti.</strong></span> <span class='ocrx_word' id='word_1_827' title='bbox 2359 4220 2645 4292; x_wconf 89' lang='lat' dir='ltr'><strong>Legatioue</strong></span> <span class='ocrx_word' id='word_1_828' title='bbox 2704 4236 2831 4291; x_wconf 90' lang='lat' dir='ltr'><strong>ergo</strong></span> <span class='ocrx_word' id='word_1_829' title='bbox 2905 4219 3213 4290; x_wconf 88' lang='lat' dir='ltr'><strong>fungimur:</strong></span> <span class='ocrx_word' id='word_1_830' title='bbox 3281 4218 3486 4273; x_wconf 85' lang='lat' dir='ltr'><strong>honore</strong></span> <span class='ocrx_word' id='word_1_831' title='bbox 3549 4227 3736 4273; x_wconf 87' lang='lat' dir='ltr'><strong>autem</strong></span> 
     </span>
    </p>
   </div>
   <div class='ocr_carea' id='block_1_103' title="bbox 2151 4309 3736 4382">
    <p class='ocr_par' dir='ltr' id='par_1_103' title="bbox 2151 4309 3736 4382">
     <span class='ocr_line' id='line_1_103' title="bbox 2151 4309 3736 4382; baseline -0.002 -15"><span class='ocrx_word' id='word_1_832' title='bbox 2151 4313 2252 4369; x_wconf 87' lang='lat' dir='ltr'><strong>frui</strong></span> <span class='ocrx_word' id='word_1_833' title='bbox 2279 4313 2544 4380; x_wconf 88' lang='lat' dir='ltr'><strong>volumus,</strong></span> <span class='ocrx_word' id='word_1_834' title='bbox 2587 4327 2691 4367; x_wconf 91' lang='lat' dir='ltr'><strong>non</strong></span> <span class='ocrx_word' id='word_1_835' title='bbox 2732 4320 2952 4382; x_wconf 90' lang='lat' dir='ltr'><strong>propter</strong></span> <span class='ocrx_word' id='word_1_836' title='bbox 2989 4326 3108 4376; x_wconf 91' lang='lat' dir='ltr'><strong>nos,</strong></span> <span class='ocrx_word' id='word_1_837' title='bbox 3143 4310 3315 4376; x_wconf 88' lang='lat' dir='ltr'><strong>absit;</strong></span> <span class='ocrx_word' id='word_1_838' title='bbox 3356 4309 3558 4364; x_wconf 91' lang='lat' dir='ltr'><strong>scimus</strong></span> <span class='ocrx_word' id='word_1_839' title='bbox 3585 4309 3736 4364; x_wconf 88' lang='lat' dir='ltr'><strong>enim</strong></span> 
     </span>
    </p>
   </div>
   <div class='ocr_carea' id='block_1_104' title="bbox 2147 4401 3736 4476">
    <p class='ocr_par' dir='ltr' id='par_1_104' title="bbox 2147 4401 3736 4476">
     <span class='ocr_line' id='line_1_104' title="bbox 2147 4401 3736 4476; baseline 0 -20"><span class='ocrx_word' id='word_1_840' title='bbox 2147 4418 2305 4476; x_wconf 88' lang='lat' dir='ltr'><strong>quam</strong></span> <span class='ocrx_word' id='word_1_841' title='bbox 2337 4405 2405 4459; x_wconf 91' lang='lat' dir='ltr'><strong>sit</strong></span> <span class='ocrx_word' id='word_1_842' title='bbox 2429 4404 2582 4467; x_wconf 88' lang='lat' dir='ltr'><strong>vilis;</strong></span> <span class='ocrx_word' id='word_1_843' title='bbox 2622 4403 2716 4457; x_wconf 89' lang='lat' dir='ltr'><strong>sed</strong></span> <span class='ocrx_word' id='word_1_844' title='bbox 2737 4413 2954 4472; x_wconf 90' lang='lat' dir='ltr'><strong>propter</strong></span> <span class='ocrx_word' id='word_1_845' title='bbox 2983 4416 3099 4467; x_wconf 92' lang='lat' dir='ltr'><strong>vos,</strong></span> <span class='ocrx_word' id='word_1_846' title='bbox 3141 4408 3201 4456; x_wconf 88' lang='lat' dir='ltr'><strong>ut</strong></span> <span class='ocrx_word' id='word_1_847' title='bbox 3238 4415 3333 4456; x_wconf 90' lang='lat' dir='ltr'><strong>vos</strong></span> <span class='ocrx_word' id='word_1_848' title='bbox 3354 4416 3472 4472; x_wconf 71' lang='lat' dir='ltr'><strong>qua:</strong></span> <span class='ocrx_word' id='word_1_849' title='bbox 3501 4401 3736 4456; x_wconf 82' lang='lat' dir='ltr'><strong>dicimus</strong></span> 
     </span>
    </p>
   </div>
   <div class='ocr_carea' id='block_1_105' title="bbox 2145 4494 3732 4569">
    <p class='ocr_par' dir='ltr' id='par_1_105' title="bbox 2145 4494 3732 4569">
     <span class='ocr_line' id='line_1_105' title="bbox 2145 4494 3732 4569; baseline -0.004 -14"><span class='ocrx_word' id='word_1_850' title='bbox 2145 4499 2429 4569; x_wconf 86' lang='lat' dir='ltr'><strong>diligenter</strong></span> <span class='ocrx_word' id='word_1_851' title='bbox 2454 4497 2682 4551; x_wconf 89' lang='lat' dir='ltr'><strong>audiatis</strong></span> <span class='ocrx_word' id='word_1_852' title='bbox 2719 4515 2732 4549; x_wconf 93' lang='lat'><strong>:</strong></span> <span class='ocrx_word' id='word_1_853' title='bbox 2773 4504 2830 4550; x_wconf 93' lang='lat' dir='ltr'><strong>ut</strong></span> <span class='ocrx_word' id='word_1_854' title='bbox 2858 4495 3139 4549; x_wconf 89' lang='lat' dir='ltr'><strong>utilitatem</strong></span> <span class='ocrx_word' id='word_1_855' title='bbox 3169 4494 3440 4563; x_wconf 89' lang='lat' dir='ltr'><strong>accipiatis</strong></span> <span class='ocrx_word' id='word_1_856' title='bbox 3467 4534 3481 4558; x_wconf 94' lang='lat'><strong>,</strong></span> <span class='ocrx_word' id='word_1_857' title='bbox 3521 4504 3581 4548; x_wconf 90' lang='lat' dir='ltr'><strong>ut</strong></span> <span class='ocrx_word' id='word_1_858' title='bbox 3619 4509 3732 4548; x_wconf 87' lang='lat' dir='ltr'><strong>non</strong></span> 
     </span>
    </p>
   </div>
   <div class='ocr_carea' id='block_1_106' title="bbox 2143 4585 3733 4658">
    <p class='ocr_par' dir='ltr' id='par_1_106' title="bbox 2143 4585 3733 4658">
     <span class='ocr_line' id='line_1_106' title="bbox 2143 4585 3733 4658; baseline -0.005 -11"><span class='ocrx_word' id='word_1_859' title='bbox 2143 4607 2265 4647; x_wconf 93' lang='lat' dir='ltr'><strong>eum</strong></span> <span class='ocrx_word' id='word_1_860' title='bbox 2293 4589 2534 4645; x_wconf 87' lang='lat' dir='ltr'><strong>socordia</strong></span> <span class='ocrx_word' id='word_1_861' title='bbox 2563 4597 2618 4644; x_wconf 91' lang='lat' dir='ltr'><strong>et</strong></span> <span class='ocrx_word' id='word_1_862' title='bbox 2643 4587 2958 4658; x_wconf 85' lang='lat' dir='ltr'><strong>negligentia</strong></span> <span class='ocrx_word' id='word_1_863' title='bbox 2989 4601 3050 4640; x_wconf 87' lang='lat' dir='ltr'><strong>ea</strong></span> <span class='ocrx_word' id='word_1_864' title='bbox 3089 4601 3206 4656; x_wconf 78' lang='lat' dir='ltr'><strong>qua:</strong></span> <span class='ocrx_word' id='word_1_865' title='bbox 3243 4585 3513 4650; x_wconf 89' lang='lat' dir='ltr'><strong>dicuntur,</strong></span> <span class='ocrx_word' id='word_1_866' title='bbox 3553 4593 3733 4639; x_wconf 82' lang='lat' dir='ltr'><strong>atten-</strong></span> 
     </span>
    </p>
   </div>
   <div class='ocr_carea' id='block_1_107' title="bbox 2143 4677 3732 4752">
    <p class='ocr_par' dir='ltr' id='par_1_107' title="bbox 2143 4677 3732 4752">
     <span class='ocr_line' id='line_1_107' title="bbox 2143 4677 3732 4752; baseline -0.004 -12"><span class='ocrx_word' id='word_1_867' title='bbox 2143 4685 2303 4740; x_wconf 88' lang='lat' dir='ltr'><strong>datis.</strong></span> <span class='ocrx_word' id='word_1_868' title='bbox 2345 4684 2460 4739; x_wconf 86' lang='lat' dir='ltr'><strong>Non</strong></span> <span class='ocrx_word' id='word_1_869' title='bbox 2499 4682 2695 4738; x_wconf 91' lang='lat' dir='ltr'><strong>videtis</strong></span> <span class='ocrx_word' id='word_1_870' title='bbox 2731 4680 3002 4752; x_wconf 91' lang='lat' dir='ltr'><strong>quomodo</strong></span> <span class='ocrx_word' id='word_1_871' title='bbox 3041 4680 3245 4750; x_wconf 85' lang='lat' dir='ltr'><strong>legatos</strong></span> <span class='ocrx_word' id='word_1_872' title='bbox 3281 4679 3462 4734; x_wconf 85' lang='lat' dir='ltr'><strong>cuncti</strong></span> <span class='ocrx_word' id='word_1_873' title='bbox 3491 4677 3732 4733; x_wconf 86' lang='lat' dir='ltr'><strong>circum-</strong></span> 
     </span>
    </p>
   </div>
   <div class='ocr_carea' id='block_1_108' title="bbox 2142 4769 3727 4840">
    <p class='ocr_par' dir='ltr' id='par_1_108' title="bbox 2142 4769 3727 4840">
     <span class='ocr_line' id='line_1_108' title="bbox 2142 4769 3727 4840; baseline -0.005 -8"><span class='ocrx_word' id='word_1_874' title='bbox 2142 4785 2286 4832; x_wconf 88' lang='lat' dir='ltr'><strong>stant</strong></span> <span class='ocrx_word' id='word_1_875' title='bbox 2311 4784 2366 4832; x_wconf 89' lang='lat' dir='ltr'><strong>et</strong></span> <span class='ocrx_word' id='word_1_876' title='bbox 2385 4773 2713 4830; x_wconf 79' lang='lat' dir='ltr'><strong>observant?</strong></span> <span class='ocrx_word' id='word_1_877' title='bbox 2743 4773 2850 4828; x_wconf 82' lang='lat' dir='ltr'><strong>Nos</strong></span> <span class='ocrx_word' id='word_1_878' title='bbox 2875 4780 3050 4827; x_wconf 91' lang='lat' dir='ltr'><strong>autem</strong></span> <span class='ocrx_word' id='word_1_879' title='bbox 3082 4771 3173 4825; x_wconf 90' lang='lat' dir='ltr'><strong>Dei</strong></span> <span class='ocrx_word' id='word_1_880' title='bbox 3207 4769 3492 4840; x_wconf 82' lang='lat' dir='ltr'><strong>legationis</strong></span> <span class='ocrx_word' id='word_1_881' title='bbox 3521 4785 3727 4824; x_wconf 84' lang='lat' dir='ltr'><strong>munus</strong></span> 
     </span>
    </p>
   </div>
   <div class='ocr_carea' id='block_1_109' title="bbox 2138 4859 3728 4936">
    <p class='ocr_par' dir='ltr' id='par_1_109' title="bbox 2138 4859 3728 4936">
     <span class='ocr_line' id='line_1_109' title="bbox 2138 4859 3728 4936; baseline -0.008 -11"><span class='ocrx_word' id='word_1_882' title='bbox 2138 4868 2350 4925; x_wconf 90' lang='lat' dir='ltr'><strong>obimus</strong></span> <span class='ocrx_word' id='word_1_883' title='bbox 2387 4866 2528 4936; x_wconf 89' lang='lat' dir='ltr'><strong>apud</strong></span> <span class='ocrx_word' id='word_1_884' title='bbox 2579 4865 2842 4920; x_wconf 90' lang='lat' dir='ltr'><strong>homines.</strong></span> <span class='ocrx_word' id='word_1_885' title='bbox 2882 4864 2939 4917; x_wconf 92' lang='lat' dir='ltr'><strong>Si</strong></span> <span class='ocrx_word' id='word_1_886' title='bbox 2988 4869 3168 4918; x_wconf 89' lang='lat' dir='ltr'><strong>autem</strong></span> <span class='ocrx_word' id='word_1_887' title='bbox 3207 4861 3311 4917; x_wconf 90' lang='lat' dir='ltr'><strong>hoc</strong></span> <span class='ocrx_word' id='word_1_888' title='bbox 3348 4859 3500 4916; x_wconf 90' lang='lat' dir='ltr'><strong>vobis</strong></span> <span class='ocrx_word' id='word_1_889' title='bbox 3528 4861 3728 4914; x_wconf 88' lang='lat' dir='ltr'><strong>durum</strong></span> 
     </span>
    </p>
   </div>
   <div class='ocr_carea' id='block_1_110' title="bbox 2138 4952 3727 5027">
    <p class='ocr_par' dir='ltr' id='par_1_110' title="bbox 2138 4952 3727 5027">
     <span class='ocr_line' id='line_1_110' title="bbox 2138 4952 3727 5027; baseline -0.006 -13"><span class='ocrx_word' id='word_1_890' title='bbox 2138 4960 2388 5027; x_wconf 84' lang='lat' dir='ltr'><strong>videtur;</strong></span> <span class='ocrx_word' id='word_1_891' title='bbox 2417 4974 2526 5015; x_wconf 89' lang='lat' dir='ltr'><strong>non</strong></span> <span class='ocrx_word' id='word_1_892' title='bbox 2556 4973 2656 5013; x_wconf 89' lang='lat' dir='ltr'><strong>nos</strong></span> <span class='ocrx_word' id='word_1_893' title='bbox 2683 4999 2700 5026; x_wconf 95' lang='lat'><strong>,</strong></span> <span class='ocrx_word' id='word_1_894' title='bbox 2741 4957 2835 5012; x_wconf 86' lang='lat' dir='ltr'><strong>sed</strong></span> <span class='ocrx_word' id='word_1_895' title='bbox 2876 4958 2990 5027; x_wconf 90' lang='lat' dir='ltr'><strong>ipse</strong></span> <span class='ocrx_word' id='word_1_896' title='bbox 3031 4955 3416 5026; x_wconf 84' lang='lat' dir='ltr'><strong>episeOpatns;</strong></span> <span class='ocrx_word' id='word_1_897' title='bbox 3459 4966 3565 5006; x_wconf 91' lang='lat' dir='ltr'><strong>non</strong></span> <span class='ocrx_word' id='word_1_898' title='bbox 3619 4952 3727 5006; x_wconf 79' lang='lat' dir='ltr'><strong>ists</strong></span> 
     </span>
    </p>
   </div>
   <div class='ocr_carea' id='block_1_111' title="bbox 2137 5041 3723 5122">
    <p class='ocr_par' dir='ltr' id='par_1_111' title="bbox 2137 5041 3723 5122">
     <span class='ocr_line' id='line_1_111' title="bbox 2137 5041 3723 5122; baseline -0.009 -13"><span class='ocrx_word' id='word_1_899' title='bbox 2137 5063 2230 5109; x_wconf 88' lang='lat' dir='ltr'><strong>aut</strong></span> <span class='ocrx_word' id='word_1_900' title='bbox 2260 5057 2367 5122; x_wconf 91' lang='lat' dir='ltr'><strong>ille,</strong></span> <span class='ocrx_word' id='word_1_901' title='bbox 2401 5055 2494 5108; x_wconf 91' lang='lat' dir='ltr'><strong>sed</strong></span> <span class='ocrx_word' id='word_1_902' title='bbox 2521 5050 2836 5122; x_wconf 86' lang='lat' dir='ltr'><strong>episcopus.</strong></span> <span class='ocrx_word' id='word_1_903' title='bbox 2865 5048 3035 5104; x_wconf 83' lang='lat' dir='ltr'><strong>Nemo</strong></span> <span class='ocrx_word' id='word_1_904' title='bbox 3066 5062 3153 5101; x_wconf 85' lang='lat' dir='ltr'><strong>tne</strong></span> <span class='ocrx_word' id='word_1_905' title='bbox 3183 5045 3388 5110; x_wconf 87' lang='lat' dir='ltr'><strong>audiat,</strong></span> <span class='ocrx_word' id='word_1_906' title='bbox 3416 5041 3512 5099; x_wconf 90' lang='lat' dir='ltr'><strong>sed</strong></span> <span class='ocrx_word' id='word_1_907' title='bbox 3539 5041 3723 5113; x_wconf 84' lang='lat' dir='ltr'><strong>digni-</strong></span> 
     </span>
    </p>
   </div>
   <div class='ocr_carea' id='block_1_112' title="bbox 2135 5134 3724 5213">
    <p class='ocr_par' dir='ltr' id='par_1_112' title="bbox 2135 5134 3724 5213">
     <span class='ocr_line' id='line_1_112' title="bbox 2135 5134 3724 5213; baseline -0.012 -8"><span class='ocrx_word' id='word_1_908' title='bbox 2135 5156 2316 5204; x_wconf 86' lang='lat' dir='ltr'><strong>tatem.</strong></span> <span class='ocrx_word' id='word_1_909' title='bbox 2352 5145 2542 5199; x_wconf 88' lang='lat' dir='ltr'><strong>Omnia</strong></span> <span class='ocrx_word' id='word_1_910' title='bbox 2569 5158 2696 5213; x_wconf 87' lang='lat' dir='ltr'><strong>ergo</strong></span> <span class='ocrx_word' id='word_1_911' title='bbox 2723 5141 2996 5205; x_wconf 78' lang='lat' dir='ltr'><strong>faciamus,</strong></span> <span class='ocrx_word' id='word_1_912' title='bbox 3020 5149 3079 5194; x_wconf 93' lang='lat' dir='ltr'><strong>ut</strong></span> <span class='ocrx_word' id='word_1_913' title='bbox 3109 5137 3221 5192; x_wconf 87' lang='lat' dir='ltr'><strong>Deo</strong></span> <span class='ocrx_word' id='word_1_914' title='bbox 3251 5136 3450 5207; x_wconf 88' lang='lat' dir='ltr'><strong>placet,</strong></span> <span class='ocrx_word' id='word_1_915' title='bbox 3481 5144 3538 5188; x_wconf 90' lang='lat' dir='ltr'><strong>ut</strong></span> <span class='ocrx_word' id='word_1_916' title='bbox 3568 5134 3724 5188; x_wconf 84' lang='lat' dir='ltr'><strong>viva-</strong></span> 
     </span>
    </p>
   </div>
   <div class='ocr_carea' id='block_1_113' title="bbox 2136 5225 3722 5309">
    <p class='ocr_par' dir='ltr' id='par_1_113' title="bbox 2136 5225 3722 5309">
     <span class='ocr_line' id='line_1_113' title="bbox 2136 5225 3722 5309; baseline -0.013 -12"><span class='ocrx_word' id='word_1_917' title='bbox 2136 5258 2255 5297; x_wconf 89' lang='lat' dir='ltr'><strong>mus</strong></span> <span class='ocrx_word' id='word_1_918' title='bbox 2277 5239 2341 5294; x_wconf 89' lang='lat' dir='ltr'><strong>ad</strong></span> <span class='ocrx_word' id='word_1_919' title='bbox 2371 5238 2464 5294; x_wconf 92' lang='lat' dir='ltr'><strong>Dei</strong></span> <span class='ocrx_word' id='word_1_920' title='bbox 2494 5237 2717 5309; x_wconf 90' lang='lat' dir='ltr'><strong>gloriam</strong></span> <span class='ocrx_word' id='word_1_921' title='bbox 2741 5276 2757 5301; x_wconf 96' lang='lat'><strong>,</strong></span> <span class='ocrx_word' id='word_1_922' title='bbox 2797 5243 2855 5289; x_wconf 91' lang='lat' dir='ltr'><strong>et</strong></span> <span class='ocrx_word' id='word_1_923' title='bbox 2890 5231 3034 5302; x_wconf 86' lang='lat' dir='ltr'><strong>digni</strong></span> <span class='ocrx_word' id='word_1_924' title='bbox 3074 5230 3370 5286; x_wconf 89' lang='lat' dir='ltr'><strong>habeamur</strong></span> <span class='ocrx_word' id='word_1_925' title='bbox 3407 5225 3564 5281; x_wconf 90' lang='lat' dir='ltr'><strong>bonis</strong></span> <span class='ocrx_word' id='word_1_926' title='bbox 3589 5238 3722 5294; x_wconf 70' lang='lat' dir='ltr'><strong>pro—</strong></span> 
     </span>
    </p>
   </div>
   <div class='ocr_carea' id='block_1_114' title="bbox 2135 5311 3718 5403">
    <p class='ocr_par' dir='ltr' id='par_1_114' title="bbox 2135 5311 3718 5403">
     <span class='ocr_line' id='line_1_114' title="bbox 2135 5311 3718 5403; baseline -0.011 -16"><span class='ocrx_word' id='word_1_927' title='bbox 2135 5332 2314 5389; x_wconf 90' lang='lat' dir='ltr'><strong>missis</strong></span> <span class='ocrx_word' id='word_1_928' title='bbox 2351 5330 2415 5386; x_wconf 87' lang='lat' dir='ltr'><strong>iis</strong></span> <span class='ocrx_word' id='word_1_929' title='bbox 2452 5330 2543 5403; x_wconf 86' lang='lat' dir='ltr'><strong>qui</strong></span> <span class='ocrx_word' id='word_1_930' title='bbox 2584 5330 2757 5400; x_wconf 82' lang='lat' dir='ltr'><strong>ipsum</strong></span> <span class='ocrx_word' id='word_1_931' title='bbox 2782 5325 3028 5396; x_wconf 89' lang='lat' dir='ltr'><strong>diligunt,</strong></span> <span class='ocrx_word' id='word_1_932' title='bbox 3069 5322 3236 5394; x_wconf 85' lang='lat' dir='ltr'><strong>gratia</strong></span> <span class='ocrx_word' id='word_1_933' title='bbox 3261 5330 3313 5377; x_wconf 93' lang='lat' dir='ltr'><strong>et</strong></span> <span class='ocrx_word' id='word_1_934' title='bbox 3343 5311 3718 5388; x_wconf 83' lang='lat' dir='ltr'><strong>benignitate,</strong></span> 
     </span>
    </p>
   </div>
   <div class='ocr_carea' id='block_1_115' title="bbox 2133 5435 2391 5492">
    <p class='ocr_par' dir='ltr' id='par_1_115' title="bbox 2133 5435 2391 5492">
     <span class='ocr_line' id='line_1_115' title="bbox 2133 5435 2391 5492; baseline -0.016 -11"><span class='ocrx_word' id='word_1_935' title='bbox 2133 5441 2262 5492; x_wconf 67' lang='grc' dir='ltr'><strong>εις..</strong></span> <span class='ocrx_word' id='word_1_936' title='bbox 2289 5435 2391 5480; x_wconf 90' lang='lat' dir='ltr'><strong>etc.</strong></span> 
     </span>
    </p>
   </div>
  </div>
