4072 6206
413 241 527 301 323

1117 231 1175 288 ε.
1216 225 1500 287 JOANNIS
1537 208 2020 283 cnm'sosmm
2061 218 2380 277 meum.
2418 193 2974 287 οοΝετΑΝτιΝορ.

3577 211 3688 271 39.8

453 374 3648 411 ww“

1900 524 2143 579 OMIAIA
2177 525 2230 573 Δ⁰

418 652 525 708 Καὶ
552 649 709 720 ὑμᾶς
734 662 878 722 ποτε
926 644 1180 722 ἐχθρορς
1215 644 1394 722 ὄντας
1427 643 1528 697 καί
1585 641 2001 722 ἀπηλλοτριω-

485 713 713 791 μένους
731 719 816 791 τῇ,
832 713 1069 791 διανοίᾳ
1086 717 1161 791 ἐν
1180 714 1306 791 τοῖς
1323 713 1521 791 ἔργοις
1541 713 1667 776 τοῖς
1682 713 2001 791 πονηροῖς,

490 778 627 845 νυνὶ
677 778 747 844 δὲ
762 778 1251 859 κ’ἀποκατήλλαξε
1274 778 1363 849 τῷ
1386 778 1613 850 σώματι
1636 779 1746 859 τῇς
1778 778 2005 859 σαρκρς

490 859 681 915 αὐτοῦ
747 858 844 912 διὰ
900 856 1009 910 τοῦ
1076 854 1369 917 θανάτου,
1419 852 2004 919 παραστῆσαι-ἠως

489 930 699 999 ἁγίους
727 926 839 999 καί
862 924 1145 996 ἀμώμους
1178 922 1277 978 καί
1304 916 1713 991 ἀνεγκλήτους
1739 917 1834 971 καί
1859 916 2005 971 ἐνώ-

492 996 632 1052 πιον
659 996 863 1051 αὐτοῦ.

489 1171 561 1217 α’.
620 1159 887 1216 Ἐνταῦθα
927 1158 1113 1213 λοιπὸν
1150 1156 1449 1214 δείκνυσιν,
1491 1154 1574 1207 ὄτι
1610 1151 1704 1205 καὶ
1757 1148 2008 1214 ἀναξίους

424 1248 584 1310 δντας
608 1242 963 1311 καταλλαγῆς
990 1238 1319 1311 κατήλλαξε.
1343 1236 1417 1289 Τὸ
1449 1236 1549 1306 μὲν
1570 1234 1678 1305 γὰρ
1708 1235 1901 1296 εἰπεῖν,
1928 1234 2009 1285 ὅτι

425 1328 532 1383 ὑπὸ
562 1329 661 1397 τὴν
695 1325 946 1391 ἐξουσίαν
995 1321 1091 1375 τοῦ
1141 1322 1364 1382 σκότους
1405 1313 1568 1388 ἦσαν,
1613 1317 1854 1371 δείκνυσι
1911 1315 2011 1386 τὴν

427 1409 735 1482 συμφορὰν,
760 1409 818 1460 ἐν
847 1401 881 1482 ᾗ
912 1401 1072 1477 ἦσαν.
1108 1403 1251 1457 Ἀλλ’
1277 1402 1363 1455 ἵνα
1392 1402 1467 1473 μὴ
1499 1399 1737 1463 ἀκούσας
1768 1398 2012 1482 ἐξουσίαν

428 1479 677 1556 σκότους,
712 1479 960 1560 ἀνάγκην
998 1486 1226 1559 νομίσῃς
1251 1482 1411 1549 εἶναι,
1436 1483 1633 1551 ἐπάγει
1673 1499 1689 1515 ’
1725 1482 1833 1538 Καὶ
1862 1479 2013 1551 ὑμᾶς

429 1575 609 1639 ὄντας
634 1569 1240 1640 ἀπηλλοτριωμένους
1266 1584 1279 1598 ·
1307 1566 1451 1620 ὥστε
1481 1566 1631 1619 δοκεῖ
1665 1563 1765 1635 μὲν
1798 1563 1859 1616 τὸ
1885 1562 2017 1616 αὐτὸ

428 1656 626 1725 λέγειν,
652 1654 752 1708 οὐκ
781 1652 895 1706 ἐστι
923 1652 980 1705 δέ
1006 1668 1019 1682 ·
1045 1650 1106 1704 ού
1137 1649 1246 1720 γάρ
1273 1649 1420 1702 ἐστιν
1447 1648 1560 1701 ίσον
1584 1648 1799 1720 ἀνάγκῃ
1831 1645 2017 1710 κακῶς

430 1737 693 1799 παθόντα,
721 1737 818 1788 καὶ
856 1733 1053 1787 ἐκόντα
1099 1731 1259 1786 τοῦτο
1295 1731 1668 1800 ὑπομείναντα
1711 1729 2019 1794 ἀπαλλάξαι

432 1821 541 1873 τῶν
576 1817 787 1873 δεινῶν.
831 1818 1070 1880 Ἐκεῖνος
1098 1816 1197 1885 μὲν
1225 1812 1335 1884 γὰρ
1371 1811 1637 1866 ἐλεεῖσθαι
1669 1810 1839 1877 ἄξιος,
1869 1807 2021 1875 0610;

432 1904 490 1957 δὲ
526 1901 823 1973 μισεῖσθαι.
869 1899 1012 1953 Ἀλλ’
1049 1900 1198 1969 ὅμως
1227 1897 1395 1966 ὑμᾶς,
1420 1896 1608 1966 φησὶν,
1639 1895 1761 1965 οὐχὶ
1789 1896 2021 1957 ἄκοντας

433 1984 557 2039 οὐδὲ
603 1981 1104 2053 ἀναγκαζομένους,
1157 1978 1273 2032 ἀλλ’
1322 1979 1548 2041 ἐκόντας
1594 1977 1688 2029 καὶ
1736 1977 1882 2046 μετά
1926 1976 2021 2030 τοῦ

442 2067 730 2139 βούλεσθαι
770 2063 1169 2134 ἀποπηδῶντας
1206 2060 1394 2125 αὑτοῦ,
1436 2061 1532 2114 καί
1572 2060 1825 2126 ἀναξίους
1866 2059 2024 2123 ὄντας

437 2149 736 2221 ἀπήλλαξε.
758 2147 871 2202 Καὶ
900 2144 1088 2215 ἐπειδὴ
1114 2143 1222 2197 τῶν
1257 2143 1315 2196 ἐν
1344 2144 1457 2204 τοῖς
1486 2143 1732 2221 οὐρανοῖς
1755 2142 2022 2213 ἐμνήσθη,

438 2220 709 2288 δείκνυσιν
739 2231 821 2284 ὅτι
862 2230 895 2299 ἡ
920 2226 1088 2298 ἔχθρα
1127 2226 1278 2278 πᾶσα
1298 2223 1546 2277 ἐντεῦθεν
1570 2220 1683 2294 εἶχε
1705 2224 1804 2295 τὴν
1827 2225 2022 2297 ἀρχὴν,

439 2318 540 2370 οὐκ
585 2314 815 2367 ἐκεῖθεν.
852 2311 1083 2365 Ἐκεῖνοι
1115 2308 1213 2380 μὲν
1251 2308 1361 2378 γὰρ
1395 2307 1561 2360 πάλαι
1603 2307 1903 2371 ἐϐούλοντο,
1934 2306 2027 2361 καὶ

442 2402 471 2452 ὁ
497 2399 628 2461 Θεός
650 2414 663 2427 ·
698 2397 857 2467 ὑμεῖς
886 2394 943 2447 δὲ
984 2393 1084 2446 οὐκ
1103 2391 1424 2462 ἠθελήσατε.
1448 2391 1557 2444 Καὶ.
1586 2390 1762 2444 διόλου
1788 2391 2026 2445 δείκνυσι

439 2484 566 2546 τοὺς
596 2480 859 2548 ἀγγέλους
898 2476 1063 2548 μηδὲν
1100 2473 1433 2544 ἰσχύσαντας
1464 2475 1523 2526 ἐν
1563 2477 1675 2537 τοῖς
1718 2474 1869 2528 κάτω
1899 2474 2026 2544 χρό-

445 2582 582 2629 νοις,
614 2565 667 2619 εῐ
698 2579 760 2631 γε
791 2561 984 2632 έμενον
1012 2558 1216 2629 ἐχθροὶ,
1255 2556 1349 2610 καὶ⁵
1382 2555 1503 2609 οὕτε
1538 2559 1723 2609 πεῖσαι
1745 2557 2025 2627 ⁴ἰγδύναντο,

446 2647 575 2702 οὔτε
622 2644 948 2707 πεισθέντας
987 2640 1297 2707 ἀπαλλάξαι
1327 2638 1419 2693 τοῦ
1459 2638 1724 2693 διαϐόλου.
1756 2640 1890 2694 Οὐδὲ
1922 2639 2029 2709 γὰρ

447 2732 511 2788 τὸ
544 2735 730 2786 πεῖσαι
761 2725 876 2799 εἶχέ
908 2744 961 2781 τι
1006 2725 1218 2797 κέρδος,
1254 2724 1347 2778 τοῦ
1378 2722 1700 2794 κατέχοντος
1734 2724 1807 2796 μὴ
1854 2723 2031 2776 δεθέν-

447 2832 539 2880 τος
573 2833 586 2847 ο
619 2813 741 2868 οὐδὲ
774 2812 836 2865 τὸ
865 2810 1084 2880 δεθῆναι
1113 2803 1228 2878 εἶχέ
1259 2825 1313 2860 τι
1343 2806 1555 2877 κέρδος,
1586 2806 1693 2859 τῶν
1732 2806 2029 2876 κατεχομέ-

450 2914 558 2953 νων
595 2896 670 2968 μὴ
694 2893 1034 2966 βουλομένων
1065 2888 1398 2944 ἐπανελθεῖν.
1432 2888 1571 2940 Ἀλλ’
1594 2888 1875 2960 ἀμφότερα
1903 2889 2029 2949 ἔδει,

451 2972 526 3034 ὧν
557 2982 752 3033 ἐκεῖνοι
799 2975 897 3047 μὲν
935 2973 1109 3036 ούδέν,
1133 2970 1283 3043 [551]
1318 2972 1348 3023 ὁ
1396 2970 1627 3042 Χριστὸς
1655 2970 1711 3023 δὲ
1751 2971 2033 3040 ἀμφότερα

453 3062 771 3131 πεποίηκεν.
810 3059 972 3112 Ὥστε
998 3054 1092 3109 τοῦ
1132 3054 1221 3108 τὸν
1251 3053 1478 3107 θάνατον
1523 3051 1681 3106 λῦσαι
1719 3051 2033 3123 θαυμασιώ-

450 3163 607 3217 τερον
636 3144 698 3198 τὸ
730 3145 938 3201 πεῖσαι.
979 3140 1184 3193 Ἐκεῖνο
1215 3137 1314 3209 μέν
1345 3137 1454 3209 γὰρ
1478 3136 1597 3191 ὅλον
1623 3137 1786 3190 αὐτοῦ
1816 3132 1905 3208 ἦν,
1938 3136 2033 3191 καὶ

456 3230 620 3292 αὐτὸς
661 3228 822 3299 μόνος
858 3224 1046 3295 κύριος
1069 3218 1137 3295 ἦν
1160 3237 1174 3252 ·
1206 3220 1399 3275 τούτου
1427 3221 1484 3274 δὲ
1519 3221 1639 3290 ούχί
1668 3220 1827 3283 αὐτὸς
1852 3220 2031 3299 μόνος,

455 3312 593 3366 ἀλλά
629 3295 724 3365 καὶ
749 3310 908 3379 ἡμεῖς
942 3322 955 3335 ·
991 3304 1359 3377 εὐκολώτερον
1389 3304 1447 3357 δέ
1480 3302 1655 3356 ταῦτα
1683 3302 1936 3372 ἀνύομεν,
1959 3295 2034 3356 ὧν

456 3396 612 3451 αὑτοί
643 3392 822 3465 κύριοί
856 3392 1045 3460 ἐσμεν.
1076 3390 1211 3444 Ἀτε
1240 3385 1332 3442 οῦν
1365 3387 1456 3441 καὶ
1483 3385 1667 3458 μεῖζον
1697 3384 1775 3450 ὃν,
1810 3385 2034 3457 ὕστερον

457 3479 590 3534 αὐτὸ
617 3476 823 3547 τίθησι.
857 3474 966 3527 Kal
1007 3473 1106 3543 οὐχ
1132 3472 1316 3537 ἁπλῶς
1347 3468 1519 3534 εἶπεν,
1556 3470 2032 3537 Ἐχϐραίνοιηας,

457 3561 615 3626 ἀλλὰ,
649 3553 1290 3626 Ἀπηλλοτριωμένους,
1321 3553 1349 3607 ὃ
1372 3553 1571 3623 πολλῆς
1612 3553 1811 3623 ἔχθρας
1852 3552 1996 3604 ἐστίν
2019 3565 2033 3579 ·

457 3644 580 3698 οὐδὲ
632 3641 1101 3713 ὴλλοτριωμένους
1128 3676 1143 3700 ,
1204 3637 1342 3690 ἀλλὰ
1421 3636 1553 3707 μηδὲ
1624 3633 2036 3713 προσδοκῶντας

458 3712 797 3779 ἐπανελθεῖν.
856 3722 967 3775 Kal
1023 3719 1274 3791 ἐχθροὺς,
1328 3719 1490 3788 φησί,
1546 3718 1611 3787 τῇ
1665 3715 1896 3786 διανοίᾳ,
1950 3712 2039 3767 διὰ

459 3806 648 3861 τούτου
682 3802 1120 3872 δηλῶν,ὃτιούχὶ
1157 3802 1318 3871 μέχρι
1346 3801 1446 3867 τῆς
1479 3800 1848 3870 προαιρέσεως
1879 3798 2037 3869 μόνον

460 3890 497 3959 η
552 3885 905 3955 ἀλλοτρίωσις
959 3877 1027 3952 ἦν
1083 3884 1302 3936 αὐτῶν·
1332 3883 1466 3935 ἀλλὰ
1504 3883 1589 3948 τίς
1620 3882 1729 3935 Καὶ
1791 3883 1863 3934 ἐν
1915 3881 2040 3948 τοῖς

460 3972 655 4038 ἔργοις
675 3965 800 4031 τοῖς
833 3964 1137 4034 πονηροῖς.
1180 3964 1289 4017 Kal
1321 3964 1503 4034 ἐχθροί
1531 3960 1651 4033 ἦτε,
1684 3964 1837 4034 φησὶ,
1857 3965 1950 4017 καὶ
1975 3965 2040 4018 τά

461 4052 572 4105 τῶν
626 4046 835 4119 ἐχθρῶν
880 4046 1200 4118 ἐπράττετε.
1232 4046 1385 4100 Νυνί
1424 4046 1493 4098 δὲ
1539 4045 2041 4111 ἀποκατήλλαξεν

462 4136 534 4190 ἐν
558 4131 639 4199 τῷ
666 4130 894 4199 σώματι
922 4128 1032 4197 τῆς
1055 4129 1281 4198 σαρκὸς
1298 4129 1484 4183 αὑτοῦ
1513 4128 1612 4183 διὰ
1627 4129 1731 4183 τοῦ
1757 4128 2038 4196 θανάτου,

464 4213 852 4286 παραστῆσαι
886 4211 1042 4281 ὑμᾶς
1067 4212 1274 4282 ἁγίους
1304 4212 1399 4266 καὶ
1430 4210 1705 4282 ἀμώμους
1734 4212 1830 4265 καί
1865 4213 2040 4281 ἀνεγ-

466 4304 731 4372 κλήτους
768 4296 1137 4354 κατενώπιον
1179 4297 1385 4352 αὐτοῦ.
1424 4297 1687 4353 Ἐνταῦθα
1725 4297 1911 4369 τίθησι
1949 4297 2042 4350 καὶ

465 4390 558 4442 τὸν
596 4388 794 4460 τρόπον
837 4388 937 4458 τῆς
977 4384 1341 4454 καταλλαγῆς,
1377 4386 1461 4439 ὅτι
1493 4386 1552 4439 ὲν
1578 4385 1656 4455 τῷ
1685 4384 1916 4456 σώματι,
1948 4384 2042 4438 καὶ

467 4476 550 4529 ὅτι
579 4475 677 4545 οὐχ
705 4472 891 4534 ἁπλῶς
922 4470 1171 4543 πληγεὶς,
1199 4471 1319 4525 οὐδέ
1345 4473 1728 4542 μαστιγωθεὶς,
1754 4473 1874 4525 οὐδὲ
1901 4489 2045 4542 πρα-

470 4561 604 4625 θεὶς,
645 4559 780 4612 ἀλλὰ
806 4558 899 4612 καὶ
934 4557 1219 4612 ἀποθανὼν
1250 4558 1328 4627 τῷ
1364 4558 1632 4630 αἰσχίστῳ
1662 4558 1895 4629 Θανάτῳ.
1929 4558 2045 4612 Πά-

470 4647 553 4701 λιν
582 4646 675 4699 τοῦ
702 4644 936 4715 σταυροῦ
967 4645 1259 4716 μέμνηται,
1295 4645 1389 4698 καὶ
1417 4647 1579 4698 πάλιν
1611 4646 1802 4717 ἑτέραν
1834 4646 2046 4716 τίθησιν

470 4732 805 4805 εὐεργεσίαν.
862 4732 934 4785 Ού
990 4733 1100 4802 γὰρ
1144 4731 1421 4802 ἀπήλλαξε
1473 4732 1665 4802 μόνον,
1712 4731 1845 4784 ἀλλά
1876 4732 1970 4784 καὶ
2017 4732 2046 4786 ὅ

473 4837 637 4892 φησιν
660 4820 939 4889 ἀνωτέρω,
975 4818 1059 4883 Τῷ
1083 4817 1443 4871 ἱκανώσαντι
1472 4817 1649 4886 ἡμᾶς,
1674 4817 1832 4870 τοῦτο
1861 4818 1917 4871 δὲ
1951 4817 2046 4871 καὶ

474 4906 708 4963 ἐνταῦθα
744 4905 1058 4959 αἰνίττεται.
1092 4905 1197 4959 Διὰ
1223 4905 1330 4958 τοῦ
1360 4904 1620 4959 θανάτου
1653 4904 1861 4969 αὐτοῦ,
1891 4907 2043 4975 φησί,

475 4994 862 5064 παραστῆσαι
894 4990 1051 5061 ὑμᾶς
1081 4994 1285 5062 ἁγίους
1321 4993 1418 5049 καί
1445 4993 1721 5063 ἀμώμους
1746 4992 1845 5047 καί
1876 4995 2048 5063 ἀνεγ-

483 5085 746 5150 κλήτους
784 5078 1148 5133 κατενώπιον
1177 5080 1383 5134 αὐτοῦ.
1419 5081 1492 5134 Οὐ
1521 5082 1628 5151 γὰρ
1658 5081 1721 5151 δὴ
1749 5081 1906 5150 μόνον
1940 5080 2048 5136 τῶν

481 5168 894 5241 ἁμαρτημάτων
938 5164 1247 5236 ἀπήλλαξεν
1268 5205 1283 5228 ,
1324 5166 1457 5220 ἀλλά
1484 5168 1579 5219 καὶ
1603 5168 1662 5219 ἐν
1688 5170 1798 5230 τοῖς
1838 5168 2048 5222 εὐδοκι-

481 5257 680 5328 μηκόσι
711 5255 1064 5324 κατέστησεν.
1089 5254 1161 5307 Οὐ
1188 5252 1294 5322 γὰρ
1318 5253 1401 5305 ἵνα
1430 5253 1615 5305 κακῶν
1642 5253 1919 5324 ἀπαλλάξῃ
1955 5256 2050 5324 μό-

479 5362 569 5397 νον
592 5341 829 5396 τοσαῦτα
851 5342 1073 5407 ἔπαθεν,
1100 5340 1213 5394 ἀλλ’
1244 5340 1331 5394 ἴνα
1356 5341 1449 5394 καὶ
1477 5340 1583 5394 τῶν
1610 5341 1839 5412 πρώτων
1866 5343 2051 5396 ἐπιτύ-

480 5443 701 5499 χωμεν·
741 5427 929 5498 ῶσπερ
966 5428 1032 5480 ἂν
1082 5429 1134 5481 εῖ
1179 5445 1266 5491 τις
1301 5428 1590 5482 κατάδικον
1638 5429 1712 5499 μὴ
1749 5429 1912 5499 μόνον
1951 5432 2049 5501 τῆς

481 5513 747 5586 τιμωρίας
779 5514 1138 5586 ἐλευθερώσῃ,
1179 5514 1313 5568 ἀλλά
1346 5514 1440 5568 καὶ
1473 5517 1551 5578 εἰς
1578 5515 1742 5587 τιμὴν
1775 5518 2045 5588 ἀναγάγῃ.

486 5602 595 5656 Καὶ
620 5603 729 5664 τοῖς
755 5601 905 5656 οὐδὲν
947 5600 1317 5672 ἡμαρτηκόσιν
1356 5603 1685 5671 ἐγκετέταξε
1713 5621 1726 5636 ·
1765 5605 1963 5676 μᾶλλον
1995 5606 2050 5659 δὲ

2106 638 2168 689 οὐ
2196 638 2309 698 τοῖς
2340 634 2414 705 μὴ
2440 631 2788 705 ἡμαρτηκόσι
2814 632 2974 702 μόνον
2994 668 3009 693 ,
3039 629 3178 685 ἀλλά
3202 628 3295 683 καί
3328 626 3441 692 τοῖς
3474 639 3698 699 κατωρ-

2111 721 2309 775 θωκόσι
2331 720 2398 773 τὰ
2429 720 2662 788 μέγιστα
2682 734 2697 750 ο
2730 719 2826 771 καὶ
2850 716 2914 770 τὸ
2932 717 2996 786 δὴ
3027 713 3232 787 μεῖζον,
3264 716 3348 769 ὅτι
3378 714 3702 787 ἁγιωσύνην

2108 807 2207 878 τὴν
2262 805 2599 859 κατενώπιον
2637 803 2804 857 αὐτοῦ
2844 801 3066 856 δέδωκε.
3105 803 3179 855 Τδ
3221 802 3278 855 δέ
3325 802 3702 873 ἀνέγκλητον,

2112 896 2361 959 ἐπίτασις
2390 894 2484 948 τοῦ
2512 892 2747 964 ἀμώμου
2774 907 2786 920 ·
2813 891 3146 962 ἀνέγκλητον
3175 891 3289 963 γὰρ
3309 890 3429 943 τότε
3452 889 3703 959 λέγεται,

2111 982 2239 1036 ὅταν
2284 980 2420 1052 μηδὲ
2466 980 2628 1051 μέχρι
2661 978 3090 1047 καταγνώσεως,
3127 977 3262 1048 μηδὲ
3298 977 3461 1047 μέχρι
3491 976 3704 1048 ἐγκλή-

2118 1064 2344 1143 ματοςῇ
2385 1085 2437 1120 τι
2465 1064 2851 1135 πεπραγμένον
2886 1067 3038 1137 ἡμῖν.
3079 1064 3219 1116 Ἀλλ’
3246 1063 3434 1134 ἐπειδὴ
3472 1063 3535 1117 τὸ
3570 1064 3705 1118 ὅλον

2115 1155 2280 1208 αὐτοῦ
2302 1153 2544 1207 τέθεικεν
2565 1150 2754 1216 εἰπὼν,
2782 1151 2864 1205 ὃτι
2888 1150 2973 1204 διὰ
2989 1150 3080 1203 τοῦ
3109 1150 3337 1203 θανάτου
3358 1149 3532 1203 ταῦτα
3559 1167 3710 1205 κατο

2114 1240 2401 1312 ὠρθωσεν,
2443 1239 2529 1292 ἵνα
2582 1240 2654 1310 μή
2709 1255 2796 1301 τις
2830 1238 2979 1311 εἴπῃ,
3010 1236 3216 1291 Οὐκοῦν
3258 1237 3468 1301 οὐδενος
3499 1236 3713 1308 χρῄεἷος⁸

2121 1344 2240 1399 μεν,
2277 1325 2366 1379 διά
2393 1324 2553 1378 τοῦτο
2588 1326 2866 1395 ἐπήγαγεν
2889 1341 2904 1355 σ
2947 1323 3020 1378 El
3049 1340 3115 1392 γε
3154 1323 3461 1393 ἐπιμένετε
3494 1322 3570 1393 τῇ
3604 1325 3713 1377 κιο

2119 1429 2250 1470 στει
2281 1411 2767 1483 τεθεμελιωμένοι
2797 1410 2895 1464 καί
2934 1409 3186 1478 ἑδραῖοι,
3216 1409 3312 1464 καί
3341 1410 3427 1480 μὴ
3458 1427 3713 1479 μετακι-

2120 1501 2399 1570 νούμενοι
2427 1499 2543 1554 ἀπὸ
2586 1498 2699 1567 τῆς
2734 1497 2984 1563 ἐλπίδος
3024 1496 3130 1551 τοῦ
3158 1498 3549 1567 Εὐαγγελίου.
3586 1497 3713 1568 Τὴν

2124 1587 2397 1660 ῥᾳθυμίαν
2433 1587 2610 1640 αὐτῶν
2640 1586 2871 1639 ἐνταῦθα
2905 1585 3210 1639 ἐπικύπτει.
3244 1586 3356 1639 Kal
3381 1584 3478 1656 οὐχ
3509 1584 3711 1649 ἁπλῶς

2124 1672 2296 1739 εἶπεν,
2340 1672 2674 1743 Ἑπιμένετε
2693 1690 2706 1704 ο
2740 1672 2853 1725 ἔστι
2880 1671 2990 1743 γάρ
3011 1672 3289 1743 ἐπιμένειν
3316 1673 3707 1743 σαλευόμενον,

2124 1763 2221 1818 καὶ
2249 1761 2666 1833 διχοστατοῦντα
2688 1775 2703 1789 ⁸
2732 1760 2878 1813 ἐστιν
2902 1761 3121 1814 ἑστάναι
3147 1761 3237 1813 καὶ
3265 1761 3446 1830 μένειν
3468 1778 3710 1832 περιφεο

2129 1850 2375 1920 ρόμενον.
2396 1849 2469 1904 ΕΖ
2489 1865 2553 1917 γε
2573 1847 2899 1917 ἐπιμένετε,
2925 1848 3076 1917 φησὶ,
3101 1846 3581 1916 τεθεμελιωμένοι
3601 1847 3716 1902 καὶ

2121 1936 2364 2004 ἑδραῖοι,
2395 1936 2493 1988 καί
2514 1935 2598 2003 μὴ
2628 1933 3141 2004 μετακινούμενοι.
3184 1932 3379 1999 Βασαὶ,
3417 1933 3583 2006 ἡλίκη
3621 1935 3716 1988 κέ-

2122 2040 2321 2094 χρηται
2343 2024 2519 2094 τροπῇ
2540 2060 2555 2076 .
2578 2022 2640 2074 οὐ
2664 2022 2825 2092 μόνον
2856 2020 2931 2090 μὴ
2959 2018 3330 2090 σαλευόμενοι,
3355 2022 3543 2092 φησὶν,
3568 2020 3717 2075 ἀλλᾶ

2127 2110 2262 2182 μηδέ
2287 2108 2436 2164 κινού
2445 2126 2613 2181 μενοι.
2632 2108 2745 2162 Καὶ
2770 2108 2870 2178 ὅρα
2892 2123 2906 2137 ’
2937 2107 3089 2161 οὐδὲν
3111 2108 3366 2177 φορτικὸν
3389 2108 3527 2172 τέως
3551 2108 3679 2179 τίθη
3697 2139 3721 2151 -

2126 2214 2229 2261 σιν,
2264 2197 2383 2250 οὐδὲ
2419 2196 2692 2259 ἐπίπονον,
2733 2193 2869 2248 ἀλλά
2916 2192 3098 2246 πίστιν
3147 2194 3240 2247 καὶ
3277 2193 3482 2248 ἐλπίδα.
3534 2196 3717 2247 Τουτ-

2129 2284 2314 2350 έστιν,
2359 2284 2454 2336 ἐὰν
2494 2282 2689 2353 μένητε
2726 2280 3093 2346 πιστεύοντες,
3126 2280 3207 2334 ὅτι
3243 2280 3448 2352 ἀληθὴς
3472 2283 3507 2352 ἡ
3549 2281 3721 2343 ἐλπὶς

2125 2369 2234 2423 τῶν
2281 2369 2604 2441 μελλόντων.
2659 2365 2927 2422 Ἐνταῦθα
2965 2366 3064 2437 μὲν
3088 2365 3196 2437 γὰρ
3230 2366 3484 2420 δυνατόν’
3516 2368 3613 2420 ἐπὶ
3650 2367 3715 2419 δὲ

2125 2459 2226 2527 τῆς
2256 2457 2455 2529 ἀρετῆς
2480 2456 2581 2510 οὐκ
2602 2455 2682 2509 ενι
2709 2455 2783 2527 μὴ
2815 2453 3307 2525 μετασαλευθῆναι,
3336 2456 3439 2509 κᾶν
3461 2457 3665 2525 μικρόν
3692 2472 3711 2488 ο

2127 2543 2299 2607 οὕτως
2334 2543 2436 2596 οὐκ
2469 2541 2616 2595 ἐστιν
2636 2541 2896 2611 ἐπαχθές.
2940 2540 3086 2595 Ἀπὸ
3117 2539 3224 2609 τῆς
3252 2542 3519 2609 ἐλπίδος,
3546 2544 3716 2612 φησὶ,

2133 2629 2240 2684 τοῦ
2266 2629 2633 2699 Ε’ὺαγγελίου
2652 2670 2667 2695 ,
2696 2624 2782 2684 οὗ·
2798 2628 3130 2696 ἠκούσατε,
3163 2627 3270 2681 τοῦ
3297 2631 3715 2697 κηρυχθέντος

2129 2718 2199 2772 ἐν
2228 2716 2395 2786 πάσῃ
2428 2718 2619 2770 κτίσει
2642 2715 2716 2785 τῇ
2750 2716 2867 2771 ὑπὸ
2897 2715 3005 2770 τὸν
3034 2717 3313 2783 οὐρανόν.
3348 2719 3441 2781 Τίς
3467 2718 3525 2771 δέ
3553 2720 3715 2772 ἐστιν

2131 2806 2164 2876 ἡ
2194 2804 2346 2867 ἐλπὶς
2365 2802 2461 2855 τοῦ
2492 2801 2640 2875 [552]
2666 2802 3020 2872 Εὐαγγελίου,
3049 2803 3166 2857 ἀλλ’
3196 2802 3229 2874 ἢ
3256 2805 3284 2857 ὁ
3310 2804 3540 2874 Χριστὸς
3559 2822 3573 2870 ;
3595 2796 3737 2865 Αύοῖ

2131 2890 2222 2953 τὸς
2260 2890 2368 2961 γάρ
2401 2891 2549 2942 ἐστιν
2586 2890 2619 2959 ὴ
2661 2890 2853 2959 εἰρήνη
2892 2889 3080 2960 ἡμῶν,
3115 2890 3209 2944 καὶ
3244 2890 3418 2944 πάντα
3460 2888 3634 2944 ταῦτα
3679 2892 3716 2944 ὀ

2133 2977 2526 3050 ἐργασάμενος.
2566 2975 2729 3028 Ὥστε
2763 2979 2791 3030 ὁ
2813 2978 3019 3047 ἐτέροις
3045 2978 3386 3047 ἐπιγράφων,
3422 2980 3685 3050 μετακεκί
3708 3007 3719 3012 ~

2134 3081 2325 3135 νηται·
2361 3063 2537 3118 πάντα
2577 3056 2688 3134 γὰρ
2736 3062 3038 3128 ἀπώλεσεν,
3079 3064 3173 3118 ἐὰν
3216 3066 3289 3137 μὴ
3335 3066 3415 3129 εἰς
3441 3064 3531 3119 τὸν
3568 3067 3713 3136 Χρι-

2142 3151 2266 3204 στὸν
2294 3147 2546 3220 πιστεύῃ.
2577 3147 2929 3215 Ἠκούσατε,
2958 3150 3114 3221 φησί.
3142 3151 3309 3205 Πάλιν
3335 3152 3529 3214 αὐτοὺς
3550 3153 3716 3222 φέρει

2144 3238 2463 3310 μάρτυρας,
2493 3233 2612 3289 εἶτα
2640 3235 2739 3307 τὴν
2768 3237 3096 3308 οἰκουμένην
3130 3236 3367 3293 ἃπασαν.
3409 3238 3485 3290 Οὐ
3524 3237 3741 3306 λέγει,“

3731 2984 3737 3013 1

2138 3325 2232 3379 τοῦ
2270 3325 2674 3396 κηρυττομένου
2696 3362 2712 3387 ,
2753 3323 2889 3390 ἀλλ’,
2925 3324 3025 3396 ἤδη
3065 3324 3444 3388 πιστευθέντος
3468 3325 3564 3378 καὶ
3595 3322 3741 3392 Kn-~

2133 3413 2499 3482 ρυχθέντοςο
2528 3413 2666 3484 ὅπερ
2702 3413 2795 3466 καὶ
2824 3413 3124 3484 ἀρχόμενος
3156 3413 3431 3483 ἐποίησεν,
3472 3413 3578 3467 ἀπὸ
3609 3413 3717 3484 τῆς

2139 3500 2248 3553 τῶν
2279 3499 2487 3552 πολλῶν
2516 3498 2818 3571 μαρτυρίας
2852 3499 2944 3552 καί
2969 3498 3191 3562 τούτους
3217 3502 3412 3570 στῆσαι
3448 3498 3721 3570 βουλόμε-

2142 3604 2248 3650 νος.
2282 3583 2364 3643 οὗ
2389 3587 2683 3656 ἐγενόμην
2706 3584 2821 3656 ἐγὼ
2844 3585 3084 3651 Παῦλος
3102 3585 3398 3652 διάκονος.
3428 3587 3538 3640 Καὶ
3557 3586 3723 3640 τοῦτο

2144 3675 2223 3737 εἰς
2266 3674 2328 3726 τὸ
2372 3672 2683 3737 ἀξιόπιστον
2730 3670 2990 3724 συντελεῖ.
3035 3671 3210 3740 Ἐγὼ,
3258 3673 3425 3742 φησί,
3470 3672 3722 3739 Παῦλος

2143 3759 2443 3826 διάκονος.
2497 3758 2656 3826 Μέγα
2708 3757 2816 3829 γὰρ
2864 3756 3030 3812 αὑτοῦ
3077 3754 3144 3827 ἦν
3181 3757 3242 3811 τὺ
3282 3758 3495 3831 ἀξίωμα
3526 3759 3718 3814 λοιπὸν

2146 3846 2424 3916 πανταχοῦ
2465 3845 2749 3916 ᾀδομένου,
2784 3845 3000 3911 καὶτῆς
3036 3844 3359 3917 οἰκουμένης
3393 3846 3544 3911 ὄντος
3565 3848 3719 3901 διδα-

2147 3933 2367 3988 σκάλου.
2410 3933 2540 3988 Νῦν
2576 3932 2760 4002 χαίρω
2800 3932 2870 3985 ἐν
2901 3931 3025 3998 τοῖς
3059 3931 3370 4001 παθήμασί
3411 3952 3530 4002 μου
3563 3936 3722 4005 ὑπὲρ

2145 4017 2332 4088 ὑμῶν,
2367 4018 2466 4072 καί
2487 4016 2924 4086 ἀνταναπληρῶ
2948 4016 3021 4070 τὰ
3044 4018 3423 4087 ὑστερήματα
3447 4019 3562 4073 τῶν
3588 4021 3722 4075 θλί-

2145 4109 2311 4175 ψεων
2341 4108 2448 4162 τοῦ
2472 4106 2729 4175 Χριστοῦ
2751 4106 2821 4160 ἐν
2848 4105 2921 4175 τῇ
2942 4106 3122 4174 σαρκί
3136 4124 3258 4175 μου
3289 4108 3442 4176 ὑπὲρ
3464 4109 3569 4164 τοῦ
3592 4108 3723 4164 σώ-

2141 4210 2331 4262 ματος
2359 4191 2547 4247 αὐτοῦ
2566 4232 2581 4258 ,
2622 4192 2656 4246 ὅ
2685 4194 2857 4246 ἐστιν
2889 4193 2927 4262 ἡ
2973 4193 3316 4260 Ἐκκλησία.

2202 4296 2267 4366 β’.
2288 4297 2396 4349 Καὶ
2413 4296 2542 4348 ποία
2559 4294 2696 4367 αῦτη
2712 4295 3027 4362 ἀκολουθία;
3049 4298 3206 4350 Δοκεῖ
3225 4297 3325 4367 μὲν
3343 4298 3719 4370 ἀπηρτῆσθαι,

2112 4462 2117 4467 ’
2150 4385 2349 4454 πολλὴν
2378 4385 2434 4437 δὲ
2467 4385 2580 4454 ἔχει
2605 4385 2702 4453 τὴν
2736 4385 3076 4439 ἀκολουθίαν.
3108 4386 3238 4451 Καὶ,
3271 4386 3721 4469 Δίωνος-,φη-

2146 4474 2258 4527 σίν’
2284 4473 2403 4526 ἀντὶ
2421 4472 2537 4535 τοῦ,
2568 4474 2718 4527 οὐδὲν
2745 4475 2874 4543 παρ’
2907 4472 3144 4541 ἐμαυτοῦ
3168 4474 3459 4547 εἰσφέρων,
3486 4475 3623 4528 ἀλλὰ
3646 4477 3723 4529 τὰ

2144 4558 2330 4630 ἐτέρου
2348 4560 2755 4628 καταγγέλλων.
2775 4559 2930 4614 Οῦτω
2950 4562 3007 4614 δέ
3029 4561 3288 4627 πιστεύω,
3308 4564 3391 4616 ὃτι
3410 4564 3504 4617 καί
3520 4564 3725 4633 πάσχω

2144 4649 2284 4719 ὑπὲρ
2313 4647 2510 4703 αὐτοῦ·
2548 4651 2640 4703 καί
2688 4652 2749 4703 οὐ
2797 4650 2989 4720 πάσχω
3030 4652 3213 4721 μόνον,
3245 4651 3381 4706 ἀλλὰ
3412 4653 3508 4706 καὶ
3545 4653 3730 4723 χαίρω

2145 4736 2401 4807 πάσχων,
2440 4733 2575 4806 πρὸς
2614 4734 2711 4805 τὴν
2754 4736 2945 4790 ἐλπίδα
2982 4737 3081 4807 τὴν
3117 4736 3416 4807 μέλλουσαν
3460 4738 3721 4810 ἀφορῶνο

2146 4825 2244 4880 καί
2277 4827 2470 4895 πάσχω
2500 4825 2599 4894 οὐχ
2622 4824 2762 4895 ὑπὲρ
2789 4823 3048 4894 ἐμαυτοῦ,
3081 4825 3196 4878 ἀλλ’
3232 4826 3371 4897 ὑπὲρ
3396 4827 3567 4897 ὑμῶν.
3610 4827 3724 4880 Καὶ

2146 4910 2603 4980 ἀνταναπληρῶ,
2628 4911 2781 4981 φησί,
2810 4910 2882 4965 τὰ
2912 4912 3291 4980 ὑστερήματα
3314 4911 3432 4967 τῶν
3456 4913 3727 4981 θλίψεων

2146 4999 2254 5054 τοῦ
2271 4999 2531 5066 Χριστοῦ
2555 4999 2623 5051 ἐν
2639 4997 2714 5067 τῇ
2738 4999 2923 5065 σαρκί
2936 5015 3077 5067 μου.
3107 5001 3267 5052 Δοκεῖ
3289 4999 3387 5070 μὲν
3409 5000 3553 5069 μέγα
3580 4995 3729 5054 εἶναι

2147 5090 2283 5160 ὅπερ
2319 5086 2648 5155 ἐφθέγξατο,
2705 5086 2822 5139 ἀλλ’
2855 5087 2955 5140 οὐκ
2995 5086 3143 5141 ἐστιν
3189 5087 3479 5157 ἀπονοίας,
3516 5089 3591 5159 μὴ
3634 5089 3733 5155 γέ-

2147 5191 2318 5238 νοιτο,
2367 5172 2503 5226 ἀλλά
2535 5172 2629 5226 καὶ
2670 5172 2872 5242 πολλῆς
2917 5172 3296 5245 φιλοστοργίας
3335 5174 3436 5243 τῆς
3469 5176 3597 5245 περὶ
3636 5174 3733 5228 τὸν

2148 5259 2380 5331 Χριστὸν
2406 5273 2418 5289 ·
2458 5260 2520 5311 οὐ
2556 5259 2665 5330 γὰρ
2696 5258 2943 5328 βούλεται
2972 5260 3137 5314 αὐτοῦ
3175 5256 3335 5321 εἶναι,
3369 5261 3484 5315 ἀλλ’
3514 5262 3729 5315 ἐκείνου

2149 5348 2219 5401 τὰ
2241 5346 2406 5414 πάθη.
2441 5345 2596 5399 Οὕτω
2620 5347 2677 5399 δὲ
2702 5343 2841 5412 εἰπε,
2871 5346 3093 5411 τούτους
3122 5349 3399 5403 οἰκειῶσαι
3428 5349 3579 5420 αὐτῷ
3603 5349 3734 5420 βουο

2150 5435 2394 5506 λόμενος.
2443 5434 2552 5487 Καὶ
2575 5432 2608 5487 ἃ
2638 5433 2749 5501 ἐγὼ
2785 5434 2999 5505 πάσχω,
3032 5434 3101 5489 δι’
3138 5435 3347 5493 ἐκεῖνον
3376 5436 3591 5507 πάσχω,
3622 5452 3734 5507 φη-

2154 5525 2237 5575 σίν
2261 5540 2273 5553 ·
2307 5521 2445 5575 ὥστε
2484 5522 2558 5590 μὴ
2592 5522 2715 5589 ἐμοὶ
2765 5522 2924 5590 χάριν
2947 5521 3279 5593 ᾲόμολογεῖτε
3301 5564 3315 5589 ,
3356 5524 3470 5578 ἀλλ’
3494 5524 3726 5592 ἐκείνῳ·

2154 5609 2314 5671 αὐτὸς
2340 5607 2447 5679 γὰρ
2479 5610 2672 5679 πάσχει
2702 5607 2893 5664 ταῦτα.
2925 5591 3138 5680 ’Ὥσπερ
3177 5610 3242 5664 ἂν
3265 5611 3425 5676 εἴτις
3448 5591 3734 5683 πεμφθεὶς
