  <div class='ocr_page' id='page_1' title='image "/cluster/home/n/w/nwhite01/storage/ocr_20150623/62/hvd.32044054086319/330.png"; bbox 0 0 4064 6210; ppageno 0'>
   <div class='ocr_carea' id='block_1_1' title="bbox 274 289 383 350">
    <p class='ocr_par' dir='ltr' id='par_1_1' title="bbox 274 289 383 350">
     <span class='ocr_line' id='line_1_1' title="bbox 274 289 383 350; baseline -0.073 0"><span class='ocrx_word' id='word_1_1' title='bbox 274 289 383 350; x_wconf 60' lang='grc' dir='ltr'><strong>τηις</strong></span> 
     </span>
    </p>
   </div>
   <div class='ocr_carea' id='block_1_2' title="bbox 1193 279 2621 340">
    <p class='ocr_par' dir='ltr' id='par_1_2' title="bbox 1193 279 2621 340">
     <span class='ocr_line' id='line_1_2' title="bbox 1193 279 2621 340; baseline -0.003 0"><span class='ocrx_word' id='word_1_2' title='bbox 1193 284 1260 340; x_wconf 68' lang='grc' dir='ltr'><strong>ΚΝ</strong></span> <span class='ocrx_word' id='word_1_3' title='bbox 1301 281 1514 339; x_wconf 77' lang='lat' dir='ltr'><strong>EPIST.</strong></span> <span class='ocrx_word' id='word_1_4' title='bbox 1554 281 1644 336; x_wconf 78' lang='lat' dir='ltr'><strong>AD</strong></span> <span class='ocrx_word' id='word_1_5' title='bbox 1683 279 1958 336; x_wconf 81' lang='lat' dir='ltr'><strong>COLOSS.</strong></span> <span class='ocrx_word' id='word_1_6' title='bbox 1997 279 2149 338; x_wconf 76' lang='lat' dir='ltr'><strong>CAP.</strong></span> <span class='ocrx_word' id='word_1_7' title='bbox 2191 282 2232 338; x_wconf 80' lang='grc' dir='ltr'><strong>ἰ.</strong></span> <span class='ocrx_word' id='word_1_8' title='bbox 2269 279 2496 340; x_wconf 78' lang='lat' dir='ltr'><strong>liOMlL.</strong></span> <span class='ocrx_word' id='word_1_9' title='bbox 2533 281 2621 337; x_wconf 89' lang='lat' dir='ltr'><strong>IV.</strong></span> 
     </span>
    </p>
   </div>
   <div class='ocr_carea' id='block_1_3' title="bbox 3441 283 3547 340">
    <p class='ocr_par' dir='ltr' id='par_1_3' title="bbox 3441 283 3547 340">
     <span class='ocr_line' id='line_1_3' title="bbox 3441 283 3547 340; baseline -0.028 0"><span class='ocrx_word' id='word_1_10' title='bbox 3441 283 3547 340; x_wconf 70' lang='lat'><strong>3‘26</strong></span> 
     </span>
    </p>
   </div>
   <div class='ocr_carea' id='block_1_4' title="bbox 1663 513 2158 577">
    <p class='ocr_par' dir='ltr' id='par_1_4' title="bbox 1663 513 2158 577">
     <span class='ocr_line' id='line_1_4' title="bbox 1663 513 2158 577; baseline 0 -2"><span class='ocrx_word' id='word_1_11' title='bbox 1663 513 2008 577; x_wconf 80' lang='lat' dir='ltr'><strong>HOMILIA</strong></span> <span class='ocrx_word' id='word_1_12' title='bbox 2052 515 2158 576; x_wconf 86' lang='lat' dir='ltr'><strong>IV.</strong></span> 
     </span>
    </p>
   </div>
   <div class='ocr_carea' id='block_1_5' title="bbox 264 655 1850 726">
    <p class='ocr_par' dir='ltr' id='par_1_5' title="bbox 264 655 1850 726">
     <span class='ocr_line' id='line_1_5' title="bbox 264 655 1850 726; baseline 0.001 -17"><span class='ocrx_word' id='word_1_13' title='bbox 264 658 399 714; x_wconf 63' lang='lat' dir='ltr'><strong>Cap.</strong></span> <span class='ocrx_word' id='word_1_14' title='bbox 442 659 485 710; x_wconf 77' lang='grc' dir='ltr'><strong>Ι.</strong></span> <span class='ocrx_word' id='word_1_15' title='bbox 536 674 586 709; x_wconf 92' lang='lat' dir='ltr'><strong>v.</strong></span> <span class='ocrx_word' id='word_1_16' title='bbox 623 655 714 709; x_wconf 74' lang='grc'><strong>21.</strong></span> <span class='ocrx_word' id='word_1_17' title='bbox 750 655 816 709; x_wconf 84' lang='lat' dir='ltr'><strong>Et</strong></span> <span class='ocrx_word' id='word_1_18' title='bbox 858 673 943 711; x_wconf 79' lang='lat' dir='ltr'><strong>vos</strong></span> <span class='ocrx_word' id='word_1_19' title='bbox 973 673 1085 711; x_wconf 84' lang='lat' dir='ltr'><strong>cum</strong></span> <span class='ocrx_word' id='word_1_20' title='bbox 1122 658 1291 713; x_wconf 84' lang='lat' dir='ltr'><strong>essetis</strong></span> <span class='ocrx_word' id='word_1_21' title='bbox 1332 657 1608 726; x_wconf 78' lang='lat' dir='ltr'><strong>aliquando</strong></span> <span class='ocrx_word' id='word_1_22' title='bbox 1643 658 1850 712; x_wconf 74' lang='lat' dir='ltr'><strong>alienati</strong></span> 
     </span>
    </p>
   </div>
   <div class='ocr_carea' id='block_1_6' title="bbox 337 747 1856 814">
    <p class='ocr_par' dir='ltr' id='par_1_6' title="bbox 337 747 1856 814">
     <span class='ocr_line' id='line_1_6' title="bbox 337 747 1856 814; baseline 0.001 -12"><span class='ocrx_word' id='word_1_23' title='bbox 337 759 388 802; x_wconf 83' lang='lat' dir='ltr'><strong>et</strong></span> <span class='ocrx_word' id='word_1_24' title='bbox 423 747 616 800; x_wconf 88' lang='lat' dir='ltr'><strong>inimici</strong></span> <span class='ocrx_word' id='word_1_25' title='bbox 656 763 806 802; x_wconf 86' lang='lat' dir='ltr'><strong>sensit</strong></span> <span class='ocrx_word' id='word_1_26' title='bbox 833 747 886 800; x_wconf 83' lang='lat' dir='ltr'><strong>in</strong></span> <span class='ocrx_word' id='word_1_27' title='bbox 922 747 1156 814; x_wconf 73' lang='lat' dir='ltr'><strong>operibus</strong></span> <span class='ocrx_word' id='word_1_28' title='bbox 1193 747 1361 812; x_wconf 86' lang='lat' dir='ltr'><strong>malis,</strong></span> <span class='ocrx_word' id='word_1_29' title='bbox 1406 749 1498 802; x_wconf 60' lang='grc' dir='ltr'><strong>Ἡ.</strong></span> <span class='ocrx_word' id='word_1_30' title='bbox 1531 765 1664 801; x_wconf 88' lang='lat' dir='ltr'><strong>nunc</strong></span> <span class='ocrx_word' id='word_1_31' title='bbox 1687 758 1856 804; x_wconf 87' lang='lat' dir='ltr'><strong>autem</strong></span> 
     </span>
    </p>
   </div>
   <div class='ocr_carea' id='block_1_7' title="bbox 336 839 1856 909">
    <p class='ocr_par' dir='ltr' id='par_1_7' title="bbox 336 839 1856 909">
     <span class='ocr_line' id='line_1_7' title="bbox 336 839 1856 909; baseline -0.001 -15"><span class='ocrx_word' id='word_1_32' title='bbox 336 839 682 894; x_wconf 79' lang='lat' dir='ltr'><strong>reconciliauit</strong></span> <span class='ocrx_word' id='word_1_33' title='bbox 713 839 764 892; x_wconf 89' lang='lat' dir='ltr'><strong>in</strong></span> <span class='ocrx_word' id='word_1_34' title='bbox 789 855 998 907; x_wconf 86' lang='lat' dir='ltr'><strong>corpore</strong></span> <span class='ocrx_word' id='word_1_35' title='bbox 1023 840 1191 892; x_wconf 87' lang='lat' dir='ltr'><strong>carnis</strong></span> <span class='ocrx_word' id='word_1_36' title='bbox 1209 840 1317 907; x_wconf 87' lang='lat' dir='ltr'><strong>ejus</strong></span> <span class='ocrx_word' id='word_1_37' title='bbox 1339 855 1428 909; x_wconf 87' lang='lat' dir='ltr'><strong>per</strong></span> <span class='ocrx_word' id='word_1_38' title='bbox 1453 848 1681 904; x_wconf 78' lang='lat' dir='ltr'><strong>mortem,</strong></span> <span class='ocrx_word' id='word_1_39' title='bbox 1707 841 1856 892; x_wconf 71' lang='lat' dir='ltr'><strong>exhi-</strong></span> 
     </span>
    </p>
   </div>
   <div class='ocr_carea' id='block_1_8' title="bbox 335 928 1855 1000">
    <p class='ocr_par' dir='ltr' id='par_1_8' title="bbox 335 928 1855 1000">
     <span class='ocr_line' id='line_1_8' title="bbox 335 928 1855 1000; baseline -0.001 -15"><span class='ocrx_word' id='word_1_40' title='bbox 335 932 454 985; x_wconf 89' lang='lat' dir='ltr'><strong>bere</strong></span> <span class='ocrx_word' id='word_1_41' title='bbox 483 947 566 982; x_wconf 77' lang='lat' dir='ltr'><strong>eos</strong></span> <span class='ocrx_word' id='word_1_42' title='bbox 600 943 800 982; x_wconf 77' lang='lat' dir='ltr'><strong>sanctos</strong></span> <span class='ocrx_word' id='word_1_43' title='bbox 841 939 887 982; x_wconf 88' lang='lat' dir='ltr'><strong><em>et</em></strong></span> <span class='ocrx_word' id='word_1_44' title='bbox 927 928 1278 982; x_wconf 88' lang='lat' dir='ltr'><strong>immaculatos</strong></span> <span class='ocrx_word' id='word_1_45' title='bbox 1319 939 1366 983; x_wconf 90' lang='lat' dir='ltr'><strong>et</strong></span> <span class='ocrx_word' id='word_1_46' title='bbox 1396 929 1855 1000; x_wconf 82' lang='lat' dir='ltr'><strong>irrepreliensibiles</strong></span> 
     </span>
    </p>
   </div>
   <div class='ocr_carea' id='block_1_9' title="bbox 336 1023 664 1092">
    <p class='ocr_par' dir='ltr' id='par_1_9' title="bbox 336 1023 664 1092">
     <span class='ocr_line' id='line_1_9' title="bbox 336 1023 664 1092; baseline -0.009 -16"><span class='ocrx_word' id='word_1_47' title='bbox 336 1040 510 1076; x_wconf 86' lang='lat' dir='ltr'><strong>coram</strong></span> <span class='ocrx_word' id='word_1_48' title='bbox 532 1023 664 1092; x_wconf 86' lang='lat' dir='ltr'><strong>ipso.</strong></span> 
     </span>
    </p>
   </div>
   <div class='ocr_carea' id='block_1_10' title="bbox 340 1113 1855 1184">
    <p class='ocr_par' dir='ltr' id='par_1_10' title="bbox 340 1113 1855 1184">
     <span class='ocr_line' id='line_1_10' title="bbox 340 1113 1855 1184; baseline -0.001 -14"><span class='ocrx_word' id='word_1_49' title='bbox 340 1117 394 1170; x_wconf 84' lang='lat' dir='ltr'><strong>l.</strong></span> <span class='ocrx_word' id='word_1_50' title='bbox 445 1116 542 1169; x_wconf 90' lang='lat' dir='ltr'><strong>llic</strong></span> <span class='ocrx_word' id='word_1_51' title='bbox 588 1115 842 1182; x_wconf 86' lang='lat' dir='ltr'><strong>deinceps</strong></span> <span class='ocrx_word' id='word_1_52' title='bbox 881 1113 1139 1179; x_wconf 73' lang='lat' dir='ltr'><strong>ostendit,</strong></span> <span class='ocrx_word' id='word_1_53' title='bbox 1169 1113 1308 1184; x_wconf 91' lang='lat' dir='ltr'><strong>quod</strong></span> <span class='ocrx_word' id='word_1_54' title='bbox 1331 1113 1494 1169; x_wconf 89' lang='lat' dir='ltr'><strong>etiam</strong></span> <span class='ocrx_word' id='word_1_55' title='bbox 1525 1128 1646 1169; x_wconf 93' lang='lat' dir='ltr'><strong>cum</strong></span> <span class='ocrx_word' id='word_1_56' title='bbox 1673 1123 1855 1168; x_wconf 88' lang='lat' dir='ltr'><strong>essent</strong></span> 
     </span>
    </p>
   </div>
   <div class='ocr_carea' id='block_1_11' title="bbox 265 1205 1852 1277">
    <p class='ocr_par' dir='ltr' id='par_1_11' title="bbox 265 1205 1852 1277">
     <span class='ocr_line' id='line_1_11' title="bbox 265 1205 1852 1277; baseline -0.003 -14"><span class='ocrx_word' id='word_1_57' title='bbox 265 1207 471 1277; x_wconf 81' lang='lat' dir='ltr'><strong><em>indigni</em></strong></span> <span class='ocrx_word' id='word_1_58' title='bbox 495 1205 951 1269; x_wconf 89' lang='lat' dir='ltr'><strong>reconciliatione,</strong></span> <span class='ocrx_word' id='word_1_59' title='bbox 975 1219 1070 1259; x_wconf 89' lang='lat' dir='ltr'><strong>eos</strong></span> <span class='ocrx_word' id='word_1_60' title='bbox 1087 1205 1474 1260; x_wconf 71' lang='lat' dir='ltr'><strong>reconciliavit.</strong></span> <span class='ocrx_word' id='word_1_61' title='bbox 1497 1205 1687 1260; x_wconf 82' lang='lat' dir='ltr'><strong>Dicere</strong></span> <span class='ocrx_word' id='word_1_62' title='bbox 1707 1206 1852 1261; x_wconf 88' lang='lat' dir='ltr'><strong>enim</strong></span> 
     </span>
    </p>
   </div>
   <div class='ocr_carea' id='block_1_12' title="bbox 263 1295 1852 1368">
    <p class='ocr_par' dir='ltr' id='par_1_12' title="bbox 263 1295 1852 1368">
     <span class='ocr_line' id='line_1_12' title="bbox 263 1295 1852 1368; baseline -0.003 -17"><span class='ocrx_word' id='word_1_63' title='bbox 263 1298 406 1368; x_wconf 90' lang='lat' dir='ltr'><strong>quod</strong></span> <span class='ocrx_word' id='word_1_64' title='bbox 452 1304 635 1352; x_wconf 77' lang='lat' dir='ltr'><strong>essent</strong></span> <span class='ocrx_word' id='word_1_65' title='bbox 676 1297 776 1350; x_wconf 87' lang='lat' dir='ltr'><strong>sub</strong></span> <span class='ocrx_word' id='word_1_66' title='bbox 804 1304 1064 1365; x_wconf 92' lang='lat' dir='ltr'><strong>potestate</strong></span> <span class='ocrx_word' id='word_1_67' title='bbox 1094 1295 1457 1362; x_wconf 84' lang='lat' dir='ltr'><strong>tenebrarum,</strong></span> <span class='ocrx_word' id='word_1_68' title='bbox 1491 1295 1725 1350; x_wconf 91' lang='lat' dir='ltr'><strong>ostendit</strong></span> <span class='ocrx_word' id='word_1_69' title='bbox 1761 1310 1852 1348; x_wconf 86' lang='lat' dir='ltr'><strong>ca-</strong></span> 
     </span>
    </p>
   </div>
   <div class='ocr_carea' id='block_1_13' title="bbox 266 1387 1851 1456">
    <p class='ocr_par' dir='ltr' id='par_1_13' title="bbox 266 1387 1851 1456">
     <span class='ocr_line' id='line_1_13' title="bbox 266 1387 1851 1456; baseline -0.001 -13"><span class='ocrx_word' id='word_1_70' title='bbox 266 1390 556 1443; x_wconf 84' lang='lat' dir='ltr'><strong>lamitatem</strong></span> <span class='ocrx_word' id='word_1_71' title='bbox 599 1389 652 1442; x_wconf 93' lang='lat' dir='ltr'><strong>in</strong></span> <span class='ocrx_word' id='word_1_72' title='bbox 692 1403 797 1456; x_wconf 91' lang='lat' dir='ltr'><strong>qua</strong></span> <span class='ocrx_word' id='word_1_73' title='bbox 826 1397 997 1442; x_wconf 87' lang='lat' dir='ltr'><strong>erant.</strong></span> <span class='ocrx_word' id='word_1_74' title='bbox 1026 1388 1132 1442; x_wconf 87' lang='lat' dir='ltr'><strong>Sed</strong></span> <span class='ocrx_word' id='word_1_75' title='bbox 1163 1402 1251 1453; x_wconf 92' lang='lat' dir='ltr'><strong>ne,</strong></span> <span class='ocrx_word' id='word_1_76' title='bbox 1278 1402 1402 1442; x_wconf 92' lang='lat' dir='ltr'><strong>cum</strong></span> <span class='ocrx_word' id='word_1_77' title='bbox 1433 1387 1666 1442; x_wconf 90' lang='lat' dir='ltr'><strong>audieris</strong></span> <span class='ocrx_word' id='word_1_78' title='bbox 1698 1396 1851 1456; x_wconf 91' lang='lat' dir='ltr'><strong>pote-</strong></span> 
     </span>
    </p>
   </div>
   <div class='ocr_carea' id='block_1_14' title="bbox 263 1478 1848 1542">
    <p class='ocr_par' dir='ltr' id='par_1_14' title="bbox 263 1478 1848 1542">
     <span class='ocr_line' id='line_1_14' title="bbox 263 1478 1848 1542; baseline -0.003 -8"><span class='ocrx_word' id='word_1_79' title='bbox 263 1491 454 1535; x_wconf 86' lang='lat' dir='ltr'><strong>statem</strong></span> <span class='ocrx_word' id='word_1_80' title='bbox 511 1479 852 1534; x_wconf 90' lang='lat' dir='ltr'><strong>tenebrarum</strong></span> <span class='ocrx_word' id='word_1_81' title='bbox 882 1518 896 1542; x_wconf 92' lang='lat'><strong>,</strong></span> <span class='ocrx_word' id='word_1_82' title='bbox 949 1478 1224 1533; x_wconf 83' lang='lat' dir='ltr'><strong>existimes</strong></span> <span class='ocrx_word' id='word_1_83' title='bbox 1271 1493 1394 1533; x_wconf 89' lang='lat' dir='ltr'><strong>esse</strong></span> <span class='ocrx_word' id='word_1_84' title='bbox 1440 1478 1848 1540; x_wconf 82' lang='lat' dir='ltr'><strong>necessitatem,</strong></span> 
     </span>
    </p>
   </div>
   <div class='ocr_carea' id='block_1_15' title="bbox 265 1569 1848 1639">
    <p class='ocr_par' dir='ltr' id='par_1_15' title="bbox 265 1569 1848 1639">
     <span class='ocr_line' id='line_1_15' title="bbox 265 1569 1848 1639; baseline -0.001 -13"><span class='ocrx_word' id='word_1_85' title='bbox 265 1572 542 1639; x_wconf 78' lang='lat' dir='ltr'><strong>subjunxit</strong></span> <span class='ocrx_word' id='word_1_86' title='bbox 576 1588 590 1624; x_wconf 91' lang='lat'>:</span> <span class='ocrx_word' id='word_1_87' title='bbox 624 1569 690 1622; x_wconf 74' lang='lat' dir='ltr'><strong>Et</strong></span> <span class='ocrx_word' id='word_1_88' title='bbox 735 1585 819 1622; x_wconf 81' lang='lat' dir='ltr'><strong>vos</strong></span> <span class='ocrx_word' id='word_1_89' title='bbox 856 1586 968 1622; x_wconf 89' lang='lat' dir='ltr'><strong>cum</strong></span> <span class='ocrx_word' id='word_1_90' title='bbox 1009 1572 1178 1624; x_wconf 89' lang='lat' dir='ltr'><strong>essetis</strong></span> <span class='ocrx_word' id='word_1_91' title='bbox 1214 1569 1443 1623; x_wconf 81' lang='lat' dir='ltr'><strong><em>alienati.</em></strong></span> <span class='ocrx_word' id='word_1_92' title='bbox 1493 1569 1848 1635; x_wconf 81' lang='lat' dir='ltr'><strong>Quamobrem</strong></span> 
     </span>
    </p>
   </div>
   <div class='ocr_carea' id='block_1_16' title="bbox 265 1658 1848 1730">
    <p class='ocr_par' dir='ltr' id='par_1_16' title="bbox 265 1658 1848 1730">
     <span class='ocr_line' id='line_1_16' title="bbox 265 1658 1848 1730; baseline 0.002 -19"><span class='ocrx_word' id='word_1_93' title='bbox 265 1661 474 1715; x_wconf 90' lang='lat' dir='ltr'><strong>videtur</strong></span> <span class='ocrx_word' id='word_1_94' title='bbox 497 1659 714 1730; x_wconf 88' lang='lat' dir='ltr'><strong>quidem</strong></span> <span class='ocrx_word' id='word_1_95' title='bbox 757 1658 896 1714; x_wconf 91' lang='lat' dir='ltr'><strong>idem</strong></span> <span class='ocrx_word' id='word_1_96' title='bbox 936 1658 1137 1723; x_wconf 91' lang='lat' dir='ltr'><strong>dicere,</strong></span> <span class='ocrx_word' id='word_1_97' title='bbox 1180 1673 1285 1713; x_wconf 93' lang='lat' dir='ltr'><strong>non</strong></span> <span class='ocrx_word' id='word_1_98' title='bbox 1326 1666 1410 1714; x_wconf 90' lang='lat' dir='ltr'><strong>est</strong></span> <span class='ocrx_word' id='word_1_99' title='bbox 1450 1667 1630 1712; x_wconf 89' lang='lat' dir='ltr'><strong>autem</strong></span> <span class='ocrx_word' id='word_1_100' title='bbox 1663 1658 1801 1714; x_wconf 91' lang='lat' dir='ltr'><strong>idem</strong></span> <span class='ocrx_word' id='word_1_101' title='bbox 1835 1680 1848 1714; x_wconf 88' lang='lat'><strong>:</strong></span> 
     </span>
    </p>
   </div>
   <div class='ocr_carea' id='block_1_17' title="bbox 266 1749 1853 1819">
    <p class='ocr_par' dir='ltr' id='par_1_17' title="bbox 266 1749 1853 1819">
     <span class='ocr_line' id='line_1_17' title="bbox 266 1749 1853 1819; baseline -0.001 -16"><span class='ocrx_word' id='word_1_102' title='bbox 266 1765 366 1803; x_wconf 89' lang='lat' dir='ltr'><strong>non</strong></span> <span class='ocrx_word' id='word_1_103' title='bbox 396 1760 525 1804; x_wconf 89' lang='lat' dir='ltr'><strong>sunt</strong></span> <span class='ocrx_word' id='word_1_104' title='bbox 569 1751 710 1804; x_wconf 89' lang='lat' dir='ltr'><strong>enim</strong></span> <span class='ocrx_word' id='word_1_105' title='bbox 744 1749 912 1817; x_wconf 88' lang='lat' dir='ltr'><strong>paria,</strong></span> <span class='ocrx_word' id='word_1_106' title='bbox 959 1764 1079 1803; x_wconf 90' lang='lat' dir='ltr'><strong>eum</strong></span> <span class='ocrx_word' id='word_1_107' title='bbox 1129 1749 1218 1819; x_wconf 90' lang='lat' dir='ltr'><strong>qui</strong></span> <span class='ocrx_word' id='word_1_108' title='bbox 1263 1763 1328 1803; x_wconf 79' lang='lat' dir='ltr'><strong>ex</strong></span> <span class='ocrx_word' id='word_1_109' title='bbox 1369 1750 1688 1804; x_wconf 89' lang='lat' dir='ltr'><strong>necessitate</strong></span> <span class='ocrx_word' id='word_1_110' title='bbox 1730 1764 1853 1818; x_wconf 89' lang='lat' dir='ltr'><strong>per-</strong></span> 
     </span>
    </p>
   </div>
   <div class='ocr_carea' id='block_1_18' title="bbox 265 1837 1850 1911">
    <p class='ocr_par' dir='ltr' id='par_1_18' title="bbox 265 1837 1850 1911">
     <span class='ocr_line' id='line_1_18' title="bbox 265 1837 1850 1911; baseline -0.003 -17"><span class='ocrx_word' id='word_1_111' title='bbox 265 1854 456 1911; x_wconf 86' lang='lat' dir='ltr'><strong>pessus</strong></span> <span class='ocrx_word' id='word_1_112' title='bbox 481 1848 586 1902; x_wconf 86' lang='lat' dir='ltr'><strong>est,</strong></span> <span class='ocrx_word' id='word_1_113' title='bbox 613 1849 668 1893; x_wconf 85' lang='lat' dir='ltr'><strong>et</strong></span> <span class='ocrx_word' id='word_1_114' title='bbox 693 1853 812 1894; x_wconf 89' lang='lat' dir='ltr'><strong>eum</strong></span> <span class='ocrx_word' id='word_1_115' title='bbox 840 1837 928 1907; x_wconf 92' lang='lat' dir='ltr'><strong>qui</strong></span> <span class='ocrx_word' id='word_1_116' title='bbox 961 1853 1055 1891; x_wconf 90' lang='lat' dir='ltr'><strong>sua</strong></span> <span class='ocrx_word' id='word_1_117' title='bbox 1085 1847 1276 1907; x_wconf 88' lang='lat' dir='ltr'><strong>sponte</strong></span> <span class='ocrx_word' id='word_1_118' title='bbox 1317 1845 1374 1892; x_wconf 90' lang='lat' dir='ltr'><strong>et</strong></span> <span class='ocrx_word' id='word_1_119' title='bbox 1415 1837 1599 1892; x_wconf 89' lang='lat' dir='ltr'><strong>volens</strong></span> <span class='ocrx_word' id='word_1_120' title='bbox 1623 1847 1706 1892; x_wconf 88' lang='lat' dir='ltr'><strong>est</strong></span> <span class='ocrx_word' id='word_1_121' title='bbox 1731 1852 1850 1906; x_wconf 88' lang='lat' dir='ltr'><strong>pas-</strong></span> 
     </span>
    </p>
   </div>
   <div class='ocr_carea' id='block_1_19' title="bbox 266 1928 1849 1998">
    <p class='ocr_par' dir='ltr' id='par_1_19' title="bbox 266 1928 1849 1998">
     <span class='ocr_line' id='line_1_19' title="bbox 266 1928 1849 1998; baseline 0 -13"><span class='ocrx_word' id='word_1_122' title='bbox 266 1945 359 1986; x_wconf 89' lang='lat' dir='ltr'><strong>sus</strong></span> <span class='ocrx_word' id='word_1_123' title='bbox 383 1970 398 1994; x_wconf 96' lang='lat'><strong>,</strong></span> <span class='ocrx_word' id='word_1_124' title='bbox 439 1945 470 1983; x_wconf 88' lang='lat' dir='ltr'><strong>a</strong></span> <span class='ocrx_word' id='word_1_125' title='bbox 507 1930 671 1984; x_wconf 87' lang='lat' dir='ltr'><strong>malis</strong></span> <span class='ocrx_word' id='word_1_126' title='bbox 710 1931 979 1984; x_wconf 80' lang='lat' dir='ltr'><strong>liberasse.</strong></span> <span class='ocrx_word' id='word_1_127' title='bbox 1009 1928 1140 1983; x_wconf 80' lang='lat' dir='ltr'><strong>Nam</strong></span> <span class='ocrx_word' id='word_1_128' title='bbox 1186 1929 1274 1983; x_wconf 91' lang='lat' dir='ltr'><strong>ille</strong></span> <span class='ocrx_word' id='word_1_129' title='bbox 1305 1929 1516 1998; x_wconf 88' lang='lat' dir='ltr'><strong>quidem</strong></span> <span class='ocrx_word' id='word_1_130' title='bbox 1543 1929 1734 1998; x_wconf 79' lang='lat' dir='ltr'><strong>dignus</strong></span> <span class='ocrx_word' id='word_1_131' title='bbox 1768 1939 1849 1985; x_wconf 90' lang='lat' dir='ltr'><strong>est</strong></span> 
     </span>
    </p>
   </div>
   <div class='ocr_carea' id='block_1_20' title="bbox 273 2019 1847 2089">
    <p class='ocr_par' dir='ltr' id='par_1_20' title="bbox 273 2019 1847 2089">
     <span class='ocr_line' id='line_1_20' title="bbox 273 2019 1847 2089; baseline 0.001 -15"><span class='ocrx_word' id='word_1_132' title='bbox 273 2020 677 2086; x_wconf 84' lang='lat' dir='ltr'><strong>misericordia;</strong></span> <span class='ocrx_word' id='word_1_133' title='bbox 710 2019 792 2074; x_wconf 91' lang='lat' dir='ltr'><strong>hic</strong></span> <span class='ocrx_word' id='word_1_134' title='bbox 817 2029 996 2074; x_wconf 90' lang='lat' dir='ltr'><strong>autem</strong></span> <span class='ocrx_word' id='word_1_135' title='bbox 1041 2020 1231 2089; x_wconf 83' lang='lat' dir='ltr'><strong>dignus</strong></span> <span class='ocrx_word' id='word_1_136' title='bbox 1262 2029 1351 2074; x_wconf 91' lang='lat' dir='ltr'><strong>est</strong></span> <span class='ocrx_word' id='word_1_137' title='bbox 1379 2021 1466 2089; x_wconf 86' lang='lat' dir='ltr'><strong>qui</strong></span> <span class='ocrx_word' id='word_1_138' title='bbox 1497 2021 1621 2074; x_wconf 88' lang='lat' dir='ltr'><strong>odio</strong></span> <span class='ocrx_word' id='word_1_139' title='bbox 1650 2019 1847 2076; x_wconf 85' lang='lat' dir='ltr'><strong>habea-</strong></span> 
     </span>
    </p>
   </div>
   <div class='ocr_carea' id='block_1_21' title="bbox 270 2111 1848 2180">
    <p class='ocr_par' dir='ltr' id='par_1_21' title="bbox 270 2111 1848 2180">
     <span class='ocr_line' id='line_1_21' title="bbox 270 2111 1848 2180; baseline 0.002 -15"><span class='ocrx_word' id='word_1_140' title='bbox 270 2120 374 2166; x_wconf 89' lang='lat' dir='ltr'><strong>tur.</strong></span> <span class='ocrx_word' id='word_1_141' title='bbox 403 2112 511 2166; x_wconf 88' lang='lat' dir='ltr'><strong>Sed</strong></span> <span class='ocrx_word' id='word_1_142' title='bbox 545 2121 716 2166; x_wconf 88' lang='lat' dir='ltr'><strong>tamen</strong></span> <span class='ocrx_word' id='word_1_143' title='bbox 745 2125 862 2174; x_wconf 86' lang='lat' dir='ltr'><strong>vos,</strong></span> <span class='ocrx_word' id='word_1_144' title='bbox 902 2111 1091 2180; x_wconf 89' lang='lat' dir='ltr'><strong>inquit,</strong></span> <span class='ocrx_word' id='word_1_145' title='bbox 1139 2126 1245 2166; x_wconf 91' lang='lat' dir='ltr'><strong>non</strong></span> <span class='ocrx_word' id='word_1_146' title='bbox 1278 2113 1495 2178; x_wconf 91' lang='lat' dir='ltr'><strong>invitos,</strong></span> <span class='ocrx_word' id='word_1_147' title='bbox 1530 2128 1628 2167; x_wconf 92' lang='lat' dir='ltr'><strong>nec</strong></span> <span class='ocrx_word' id='word_1_148' title='bbox 1659 2127 1848 2168; x_wconf 84' lang='lat' dir='ltr'><strong>neces-</strong></span> 
     </span>
    </p>
   </div>
   <div class='ocr_carea' id='block_1_22' title="bbox 263 2203 1849 2276">
    <p class='ocr_par' dir='ltr' id='par_1_22' title="bbox 263 2203 1849 2276">
     <span class='ocr_line' id='line_1_22' title="bbox 263 2203 1849 2276; baseline 0.003 -19"><span class='ocrx_word' id='word_1_149' title='bbox 263 2205 418 2258; x_wconf 89' lang='lat' dir='ltr'><strong>sitate</strong></span> <span class='ocrx_word' id='word_1_150' title='bbox 448 2204 778 2274; x_wconf 87' lang='lat' dir='ltr'><strong>compulsos,</strong></span> <span class='ocrx_word' id='word_1_151' title='bbox 810 2203 905 2258; x_wconf 91' lang='lat' dir='ltr'><strong>sed</strong></span> <span class='ocrx_word' id='word_1_152' title='bbox 947 2204 1191 2259; x_wconf 83' lang='lat' dir='ltr'><strong>labentes</strong></span> <span class='ocrx_word' id='word_1_153' title='bbox 1219 2215 1274 2261; x_wconf 93' lang='lat' dir='ltr'><strong>et</strong></span> <span class='ocrx_word' id='word_1_154' title='bbox 1307 2205 1603 2260; x_wconf 74' lang='lat' dir='ltr'><strong>voluntarie</strong></span> <span class='ocrx_word' id='word_1_155' title='bbox 1638 2206 1706 2261; x_wconf 86' lang='lat' dir='ltr'><strong>ab</strong></span> <span class='ocrx_word' id='word_1_156' title='bbox 1734 2206 1849 2276; x_wconf 93' lang='lat' dir='ltr'><strong>ipso</strong></span> 
     </span>
    </p>
   </div>
   <div class='ocr_carea' id='block_1_23' title="bbox 261 2296 1848 2367">
    <p class='ocr_par' dir='ltr' id='par_1_23' title="bbox 261 2296 1848 2367">
     <span class='ocr_line' id='line_1_23' title="bbox 261 2296 1848 2367; baseline 0.002 -17"><span class='ocrx_word' id='word_1_157' title='bbox 261 2297 582 2363; x_wconf 87' lang='lat' dir='ltr'><strong>resilientes,</strong></span> <span class='ocrx_word' id='word_1_158' title='bbox 603 2311 722 2351; x_wconf 89' lang='lat' dir='ltr'><strong>cum</strong></span> <span class='ocrx_word' id='word_1_159' title='bbox 747 2297 937 2352; x_wconf 89' lang='lat' dir='ltr'><strong>essetis</strong></span> <span class='ocrx_word' id='word_1_160' title='bbox 960 2296 1182 2366; x_wconf 78' lang='lat' dir='ltr'><strong>indigni,</strong></span> <span class='ocrx_word' id='word_1_161' title='bbox 1210 2297 1475 2352; x_wconf 85' lang='lat' dir='ltr'><strong>liberavit.</strong></span> <span class='ocrx_word' id='word_1_162' title='bbox 1503 2297 1570 2351; x_wconf 89' lang='lat' dir='ltr'><strong>Et</strong></span> <span class='ocrx_word' id='word_1_163' title='bbox 1595 2299 1848 2367; x_wconf 92' lang='lat' dir='ltr'><strong>quoniam</strong></span> 
     </span>
    </p>
   </div>
   <div class='ocr_carea' id='block_1_24' title="bbox 262 2389 1848 2459">
    <p class='ocr_par' dir='ltr' id='par_1_24' title="bbox 262 2389 1848 2459">
     <span class='ocr_line' id='line_1_24' title="bbox 262 2389 1848 2459; baseline 0.001 -17"><span class='ocrx_word' id='word_1_164' title='bbox 262 2389 506 2444; x_wconf 88' lang='lat' dir='ltr'><strong>meminit</strong></span> <span class='ocrx_word' id='word_1_165' title='bbox 532 2405 720 2444; x_wconf 92' lang='lat' dir='ltr'><strong>eorum</strong></span> <span class='ocrx_word' id='word_1_166' title='bbox 759 2404 879 2459; x_wconf 75' lang='lat' dir='ltr'><strong>qua:</strong></span> <span class='ocrx_word' id='word_1_167' title='bbox 909 2398 1033 2443; x_wconf 91' lang='lat' dir='ltr'><strong>sunt</strong></span> <span class='ocrx_word' id='word_1_168' title='bbox 1075 2390 1126 2443; x_wconf 93' lang='lat' dir='ltr'><strong>in</strong></span> <span class='ocrx_word' id='word_1_169' title='bbox 1167 2390 1341 2454; x_wconf 57' lang='lat' dir='ltr'><strong>caelis,</strong></span> <span class='ocrx_word' id='word_1_170' title='bbox 1391 2389 1622 2444; x_wconf 90' lang='lat' dir='ltr'><strong>ostendit</strong></span> <span class='ocrx_word' id='word_1_171' title='bbox 1661 2403 1848 2444; x_wconf 88' lang='lat' dir='ltr'><strong>omnes</strong></span> 
     </span>
    </p>
   </div>
   <div class='ocr_carea' id='block_1_25' title="bbox 260 2479 1846 2545">
    <p class='ocr_par' dir='ltr' id='par_1_25' title="bbox 260 2479 1846 2545">
     <span class='ocr_line' id='line_1_25' title="bbox 260 2479 1846 2545; baseline 0 -10"><span class='ocrx_word' id='word_1_172' title='bbox 260 2481 568 2535; x_wconf 75' lang='lat' dir='ltr'><strong>inimicitias</strong></span> <span class='ocrx_word' id='word_1_173' title='bbox 597 2481 743 2545; x_wconf 90' lang='lat' dir='ltr'><strong>hinc,</strong></span> <span class='ocrx_word' id='word_1_174' title='bbox 772 2496 878 2534; x_wconf 91' lang='lat' dir='ltr'><strong>non</strong></span> <span class='ocrx_word' id='word_1_175' title='bbox 908 2480 1055 2533; x_wconf 92' lang='lat' dir='ltr'><strong>illinc</strong></span> <span class='ocrx_word' id='word_1_176' title='bbox 1086 2480 1310 2534; x_wconf 71' lang='lat' dir='ltr'><strong>duxisse</strong></span> <span class='ocrx_word' id='word_1_177' title='bbox 1342 2480 1570 2534; x_wconf 90' lang='lat' dir='ltr'><strong>initium.</strong></span> <span class='ocrx_word' id='word_1_178' title='bbox 1601 2479 1732 2534; x_wconf 83' lang='lat' dir='ltr'><strong>Nam</strong></span> <span class='ocrx_word' id='word_1_179' title='bbox 1771 2480 1846 2535; x_wconf 89' lang='lat' dir='ltr'><strong>illi</strong></span> 
     </span>
    </p>
   </div>
   <div class='ocr_carea' id='block_1_26' title="bbox 257 2572 1847 2642">
    <p class='ocr_par' dir='ltr' id='par_1_26' title="bbox 257 2572 1847 2642">
     <span class='ocr_line' id='line_1_26' title="bbox 257 2572 1847 2642; baseline 0.001 -16"><span class='ocrx_word' id='word_1_180' title='bbox 257 2572 360 2642; x_wconf 82' lang='lat' dir='ltr'><strong>jam</strong></span> <span class='ocrx_word' id='word_1_181' title='bbox 391 2573 524 2626; x_wconf 89' lang='lat' dir='ltr'><strong>olim</strong></span> <span class='ocrx_word' id='word_1_182' title='bbox 553 2572 822 2638; x_wconf 88' lang='lat' dir='ltr'><strong>volebant,</strong></span> <span class='ocrx_word' id='word_1_183' title='bbox 848 2582 901 2627; x_wconf 91' lang='lat' dir='ltr'><strong>et</strong></span> <span class='ocrx_word' id='word_1_184' title='bbox 931 2573 1070 2627; x_wconf 89' lang='lat' dir='ltr'><strong>Deus</strong></span> <span class='ocrx_word' id='word_1_185' title='bbox 1097 2573 1302 2636; x_wconf 88' lang='lat' dir='ltr'><strong>voluit;</strong></span> <span class='ocrx_word' id='word_1_186' title='bbox 1336 2588 1430 2627; x_wconf 91' lang='lat' dir='ltr'><strong>vos</strong></span> <span class='ocrx_word' id='word_1_187' title='bbox 1461 2583 1636 2627; x_wconf 89' lang='lat' dir='ltr'><strong>autem</strong></span> <span class='ocrx_word' id='word_1_188' title='bbox 1668 2573 1847 2628; x_wconf 89' lang='lat' dir='ltr'><strong>nolui-</strong></span> 
     </span>
    </p>
   </div>
   <div class='ocr_carea' id='block_1_27' title="bbox 259 2663 1849 2730">
    <p class='ocr_par' dir='ltr' id='par_1_27' title="bbox 259 2663 1849 2730">
     <span class='ocr_line' id='line_1_27' title="bbox 259 2663 1849 2730; baseline 0.002 -13"><span class='ocrx_word' id='word_1_189' title='bbox 259 2664 373 2717; x_wconf 87' lang='lat' dir='ltr'><strong>stis.</strong></span> <span class='ocrx_word' id='word_1_190' title='bbox 413 2664 478 2717; x_wconf 86' lang='lat' dir='ltr'><strong>Et</strong></span> <span class='ocrx_word' id='word_1_191' title='bbox 504 2665 726 2718; x_wconf 90' lang='lat' dir='ltr'><strong>omnino</strong></span> <span class='ocrx_word' id='word_1_192' title='bbox 750 2663 988 2718; x_wconf 87' lang='lat' dir='ltr'><strong>ostendit</strong></span> <span class='ocrx_word' id='word_1_193' title='bbox 1015 2663 1152 2730; x_wconf 87' lang='lat' dir='ltr'><strong>l&#39;orc,</strong></span> <span class='ocrx_word' id='word_1_194' title='bbox 1187 2673 1243 2717; x_wconf 90' lang='lat' dir='ltr'><strong>ut</strong></span> <span class='ocrx_word' id='word_1_195' title='bbox 1270 2665 1320 2717; x_wconf 92' lang='lat' dir='ltr'><strong>in</strong></span> <span class='ocrx_word' id='word_1_196' title='bbox 1352 2663 1691 2719; x_wconf 80' lang='lat' dir='ltr'><strong>interioribus</strong></span> <span class='ocrx_word' id='word_1_197' title='bbox 1713 2673 1849 2720; x_wconf 87' lang='lat' dir='ltr'><strong>tem-</strong></span> 
     </span>
    </p>
   </div>
   <div class='ocr_carea' id='block_1_28' title="bbox 260 2755 1844 2826">
    <p class='ocr_par' dir='ltr' id='par_1_28' title="bbox 260 2755 1844 2826">
     <span class='ocr_line' id='line_1_28' title="bbox 260 2755 1844 2826; baseline 0.003 -19"><span class='ocrx_word' id='word_1_198' title='bbox 260 2755 478 2824; x_wconf 87' lang='lat' dir='ltr'><strong>poribus</strong></span> <span class='ocrx_word' id='word_1_199' title='bbox 525 2756 652 2809; x_wconf 84' lang='lat' dir='ltr'><strong>nihil</strong></span> <span class='ocrx_word' id='word_1_200' title='bbox 690 2765 908 2825; x_wconf 86' lang='lat' dir='ltr'><strong>possent</strong></span> <span class='ocrx_word' id='word_1_201' title='bbox 936 2757 1131 2826; x_wconf 79' lang='lat' dir='ltr'><strong>angeli,</strong></span> <span class='ocrx_word' id='word_1_202' title='bbox 1175 2756 1219 2810; x_wconf 91' lang='lat' dir='ltr'><strong>si</strong></span> <span class='ocrx_word' id='word_1_203' title='bbox 1253 2756 1576 2812; x_wconf 90' lang='lat' dir='ltr'><strong>mansissent</strong></span> <span class='ocrx_word' id='word_1_204' title='bbox 1605 2756 1844 2823; x_wconf 89' lang='lat' dir='ltr'><strong>inimici;</strong></span> 
     </span>
    </p>
   </div>
   <div class='ocr_carea' id='block_1_29' title="bbox 258 2849 1846 2919">
    <p class='ocr_par' dir='ltr' id='par_1_29' title="bbox 258 2849 1846 2919">
     <span class='ocr_line' id='line_1_29' title="bbox 258 2849 1846 2919; baseline 0.003 -20"><span class='ocrx_word' id='word_1_205' title='bbox 258 2854 308 2899; x_wconf 91' lang='lat' dir='ltr'><strong>et</strong></span> <span class='ocrx_word' id='word_1_206' title='bbox 335 2861 516 2915; x_wconf 81' lang='lat' dir='ltr'><strong>neque</strong></span> <span class='ocrx_word' id='word_1_207' title='bbox 561 2856 782 2917; x_wconf 87' lang='lat' dir='ltr'><strong>possent</strong></span> <span class='ocrx_word' id='word_1_208' title='bbox 811 2849 1155 2919; x_wconf 87' lang='lat' dir='ltr'><strong>persuadere,</strong></span> <span class='ocrx_word' id='word_1_209' title='bbox 1190 2864 1362 2919; x_wconf 91' lang='lat' dir='ltr'><strong>neque</strong></span> <span class='ocrx_word' id='word_1_210' title='bbox 1391 2863 1675 2918; x_wconf 89' lang='lat' dir='ltr'><strong>persuasos</strong></span> <span class='ocrx_word' id='word_1_211' title='bbox 1709 2849 1846 2903; x_wconf 86' lang='lat' dir='ltr'><strong>libe-</strong></span> 
     </span>
    </p>
   </div>
   <div class='ocr_carea' id='block_1_30' title="bbox 259 2937 1847 3011">
    <p class='ocr_par' dir='ltr' id='par_1_30' title="bbox 259 2937 1847 3011">
     <span class='ocr_line' id='line_1_30' title="bbox 259 2937 1847 3011; baseline 0.003 -22"><span class='ocrx_word' id='word_1_212' title='bbox 259 2951 374 2991; x_wconf 86' lang='lat' dir='ltr'><strong>rare</strong></span> <span class='ocrx_word' id='word_1_213' title='bbox 398 2952 431 2990; x_wconf 88' lang='lat' dir='ltr'><strong>a</strong></span> <span class='ocrx_word' id='word_1_214' title='bbox 457 2937 697 2993; x_wconf 85' lang='lat' dir='ltr'><strong>diabolo.</strong></span> <span class='ocrx_word' id='word_1_215' title='bbox 738 2939 922 3010; x_wconf 81' lang='lat' dir='ltr'><strong>Neque</strong></span> <span class='ocrx_word' id='word_1_216' title='bbox 949 2941 1093 2996; x_wconf 90' lang='lat' dir='ltr'><strong>enim</strong></span> <span class='ocrx_word' id='word_1_217' title='bbox 1135 2941 1467 3011; x_wconf 88' lang='lat' dir='ltr'><strong>persuasisse</strong></span> <span class='ocrx_word' id='word_1_218' title='bbox 1495 2939 1696 3010; x_wconf 87' lang='lat' dir='ltr'><strong>aliquid</strong></span> <span class='ocrx_word' id='word_1_219' title='bbox 1723 2955 1847 3010; x_wconf 84' lang='lat' dir='ltr'><strong>pro-</strong></span> 
     </span>
    </p>
   </div>
   <div class='ocr_carea' id='block_1_31' title="bbox 257 3030 1847 3103">
    <p class='ocr_par' dir='ltr' id='par_1_31' title="bbox 257 3030 1847 3103">
     <span class='ocr_line' id='line_1_31' title="bbox 257 3030 1847 3103; baseline 0.003 -20"><span class='ocrx_word' id='word_1_220' title='bbox 257 3030 469 3098; x_wconf 79' lang='lat' dir='ltr'><strong>fuisset,</strong></span> <span class='ocrx_word' id='word_1_221' title='bbox 517 3033 562 3087; x_wconf 85' lang='lat' dir='ltr'><strong>si</strong></span> <span class='ocrx_word' id='word_1_222' title='bbox 604 3034 694 3103; x_wconf 90' lang='lat' dir='ltr'><strong>qui</strong></span> <span class='ocrx_word' id='word_1_223' title='bbox 735 3033 1008 3088; x_wconf 89' lang='lat' dir='ltr'><strong>detinebat</strong></span> <span class='ocrx_word' id='word_1_224' title='bbox 1037 3050 1145 3088; x_wconf 89' lang='lat' dir='ltr'><strong>non</strong></span> <span class='ocrx_word' id='word_1_225' title='bbox 1195 3033 1382 3088; x_wconf 80' lang='lat' dir='ltr'><strong>fuisset</strong></span> <span class='ocrx_word' id='word_1_226' title='bbox 1403 3034 1633 3103; x_wconf 78' lang='lat' dir='ltr'><strong>ligatus;</strong></span> <span class='ocrx_word' id='word_1_227' title='bbox 1675 3047 1847 3102; x_wconf 87' lang='lat' dir='ltr'><strong>neque</strong></span> 
     </span>
    </p>
   </div>
   <div class='ocr_carea' id='block_1_32' title="bbox 257 3120 1845 3192">
    <p class='ocr_par' dir='ltr' id='par_1_32' title="bbox 257 3120 1845 3192">
     <span class='ocr_line' id='line_1_32' title="bbox 257 3120 1845 3192; baseline 0.001 -18"><span class='ocrx_word' id='word_1_228' title='bbox 257 3135 378 3175; x_wconf 86' lang='lat' dir='ltr'><strong>esse</strong></span> <span class='ocrx_word' id='word_1_229' title='bbox 411 3120 631 3190; x_wconf 74' lang='lat' dir='ltr'><strong>ligatum</strong></span> <span class='ocrx_word' id='word_1_230' title='bbox 671 3123 870 3192; x_wconf 88' lang='lat' dir='ltr'><strong>aliquid</strong></span> <span class='ocrx_word' id='word_1_231' title='bbox 905 3122 1229 3192; x_wconf 81' lang='lat' dir='ltr'><strong>profuisset,</strong></span> <span class='ocrx_word' id='word_1_232' title='bbox 1281 3124 1324 3178; x_wconf 92' lang='lat' dir='ltr'><strong>si</strong></span> <span class='ocrx_word' id='word_1_233' title='bbox 1357 3124 1446 3192; x_wconf 92' lang='lat' dir='ltr'><strong>qui</strong></span> <span class='ocrx_word' id='word_1_234' title='bbox 1473 3122 1845 3178; x_wconf 83' lang='lat' dir='ltr'><strong>detinebantur</strong></span> 
     </span>
    </p>
   </div>
   <div class='ocr_carea' id='block_1_33' title="bbox 260 3211 1846 3284">
    <p class='ocr_par' dir='ltr' id='par_1_33' title="bbox 260 3211 1846 3284">
     <span class='ocr_line' id='line_1_33' title="bbox 260 3211 1846 3284; baseline 0 -18"><span class='ocrx_word' id='word_1_235' title='bbox 260 3215 473 3267; x_wconf 88' lang='lat' dir='ltr'><strong>nollent</strong></span> <span class='ocrx_word' id='word_1_236' title='bbox 503 3215 697 3268; x_wconf 86' lang='lat' dir='ltr'><strong>redire.</strong></span> <span class='ocrx_word' id='word_1_237' title='bbox 727 3214 835 3269; x_wconf 86' lang='lat' dir='ltr'><strong>Sed</strong></span> <span class='ocrx_word' id='word_1_238' title='bbox 863 3223 1148 3284; x_wconf 88' lang='lat' dir='ltr'><strong>utrumque</strong></span> <span class='ocrx_word' id='word_1_239' title='bbox 1175 3213 1482 3282; x_wconf 83' lang='lat' dir='ltr'><strong>oportebat,</strong></span> <span class='ocrx_word' id='word_1_240' title='bbox 1516 3228 1742 3283; x_wconf 90' lang='lat' dir='ltr'><strong>quorum</strong></span> <span class='ocrx_word' id='word_1_241' title='bbox 1768 3211 1846 3266; x_wconf 91' lang='lat' dir='ltr'><strong>illi</strong></span> 
     </span>
    </p>
   </div>
   <div class='ocr_carea' id='block_1_34' title="bbox 256 3303 1847 3373">
    <p class='ocr_par' dir='ltr' id='par_1_34' title="bbox 256 3303 1847 3373">
     <span class='ocr_line' id='line_1_34' title="bbox 256 3303 1847 3373; baseline 0 -16"><span class='ocrx_word' id='word_1_242' title='bbox 256 3305 476 3372; x_wconf 90' lang='lat' dir='ltr'><strong>quidem</strong></span> <span class='ocrx_word' id='word_1_243' title='bbox 506 3303 661 3367; x_wconf 88' lang='lat' dir='ltr'><strong>nihil,</strong></span> <span class='ocrx_word' id='word_1_244' title='bbox 690 3303 936 3358; x_wconf 86' lang='lat' dir='ltr'><strong>Christus</strong></span> <span class='ocrx_word' id='word_1_245' title='bbox 971 3315 1148 3359; x_wconf 89' lang='lat' dir='ltr'><strong>autem</strong></span> <span class='ocrx_word' id='word_1_246' title='bbox 1178 3304 1300 3358; x_wconf 79' lang='lat' dir='ltr'><strong>fecit</strong></span> <span class='ocrx_word' id='word_1_247' title='bbox 1331 3313 1634 3373; x_wconf 89' lang='lat' dir='ltr'><strong>utrumque.</strong></span> <span class='ocrx_word' id='word_1_248' title='bbox 1667 3303 1847 3372; x_wconf 80' lang='lat' dir='ltr'><strong>Itaque</strong></span> 
     </span>
    </p>
   </div>
   <div class='ocr_carea' id='block_1_35' title="bbox 257 3393 1844 3463">
    <p class='ocr_par' dir='ltr' id='par_1_35' title="bbox 257 3393 1844 3463">
     <span class='ocr_line' id='line_1_35' title="bbox 257 3393 1844 3463; baseline -0.003 -15"><span class='ocrx_word' id='word_1_249' title='bbox 257 3395 558 3448; x_wconf 88' lang='lat' dir='ltr'><strong>mirabilius</strong></span> <span class='ocrx_word' id='word_1_250' title='bbox 589 3403 705 3448; x_wconf 90' lang='lat' dir='ltr'><strong>erat</strong></span> <span class='ocrx_word' id='word_1_251' title='bbox 750 3395 1107 3463; x_wconf 87' lang='lat' dir='ltr'><strong>persuadere,</strong></span> <span class='ocrx_word' id='word_1_252' title='bbox 1151 3409 1310 3463; x_wconf 90' lang='lat' dir='ltr'><strong>quam</strong></span> <span class='ocrx_word' id='word_1_253' title='bbox 1355 3403 1580 3447; x_wconf 90' lang='lat' dir='ltr'><strong>mortem</strong></span> <span class='ocrx_word' id='word_1_254' title='bbox 1613 3393 1844 3448; x_wconf 86' lang='lat' dir='ltr'><strong>solvere.</strong></span> 
     </span>
    </p>
   </div>
   <div class='ocr_carea' id='block_1_36' title="bbox 255 3485 1845 3555">
    <p class='ocr_par' dir='ltr' id='par_1_36' title="bbox 255 3485 1845 3555">
     <span class='ocr_line' id='line_1_36' title="bbox 255 3485 1845 3555; baseline -0.002 -14"><span class='ocrx_word' id='word_1_255' title='bbox 255 3486 383 3541; x_wconf 82' lang='lat' dir='ltr'><strong>Nam</strong></span> <span class='ocrx_word' id='word_1_256' title='bbox 421 3486 552 3539; x_wconf 91' lang='lat' dir='ltr'><strong>illud</strong></span> <span class='ocrx_word' id='word_1_257' title='bbox 589 3485 802 3555; x_wconf 90' lang='lat' dir='ltr'><strong>quidem</strong></span> <span class='ocrx_word' id='word_1_258' title='bbox 852 3495 1020 3540; x_wconf 86' lang='lat' dir='ltr'><strong>totum</strong></span> <span class='ocrx_word' id='word_1_259' title='bbox 1079 3495 1195 3540; x_wconf 87' lang='lat' dir='ltr'><strong>erat</strong></span> <span class='ocrx_word' id='word_1_260' title='bbox 1244 3487 1294 3540; x_wconf 93' lang='lat' dir='ltr'><strong>in</strong></span> <span class='ocrx_word' id='word_1_261' title='bbox 1342 3486 1456 3554; x_wconf 83' lang='lat' dir='ltr'><strong>ejus</strong></span> <span class='ocrx_word' id='word_1_262' title='bbox 1497 3485 1662 3539; x_wconf 90' lang='lat' dir='ltr'><strong>solius</strong></span> <span class='ocrx_word' id='word_1_263' title='bbox 1693 3493 1845 3554; x_wconf 81' lang='lat' dir='ltr'><strong>pote-</strong></span> 
     </span>
    </p>
   </div>
   <div class='ocr_carea' id='block_1_37' title="bbox 253 3573 1845 3645">
    <p class='ocr_par' dir='ltr' id='par_1_37' title="bbox 253 3573 1845 3645">
     <span class='ocr_line' id='line_1_37' title="bbox 253 3573 1845 3645; baseline -0.002 -14"><span class='ocrx_word' id='word_1_264' title='bbox 253 3586 424 3640; x_wconf 81' lang='lat' dir='ltr'><strong>state;</strong></span> <span class='ocrx_word' id='word_1_265' title='bbox 465 3576 565 3630; x_wconf 89' lang='lat' dir='ltr'><strong>hoc</strong></span> <span class='ocrx_word' id='word_1_266' title='bbox 591 3585 766 3630; x_wconf 87' lang='lat' dir='ltr'><strong>autem</strong></span> <span class='ocrx_word' id='word_1_267' title='bbox 813 3592 918 3630; x_wconf 91' lang='lat' dir='ltr'><strong>non</strong></span> <span class='ocrx_word' id='word_1_268' title='bbox 966 3578 1020 3630; x_wconf 91' lang='lat' dir='ltr'><strong>in</strong></span> <span class='ocrx_word' id='word_1_269' title='bbox 1058 3577 1176 3645; x_wconf 88' lang='lat' dir='ltr'><strong>ejus</strong></span> <span class='ocrx_word' id='word_1_270' title='bbox 1215 3577 1379 3629; x_wconf 91' lang='lat' dir='ltr'><strong>solius</strong></span> <span class='ocrx_word' id='word_1_271' title='bbox 1426 3584 1711 3645; x_wconf 85' lang='lat' dir='ltr'><strong>potestate,</strong></span> <span class='ocrx_word' id='word_1_272' title='bbox 1751 3573 1845 3628; x_wconf 83' lang='lat' dir='ltr'><strong>sed</strong></span> 
     </span>
    </p>
   </div>
   <div class='ocr_carea' id='block_1_38' title="bbox 253 3667 1848 3733">
    <p class='ocr_par' dir='ltr' id='par_1_38' title="bbox 253 3667 1848 3733">
     <span class='ocr_line' id='line_1_38' title="bbox 253 3667 1848 3733; baseline -0.003 -12"><span class='ocrx_word' id='word_1_273' title='bbox 253 3669 416 3721; x_wconf 85' lang='lat' dir='ltr'><strong>etiam</strong></span> <span class='ocrx_word' id='word_1_274' title='bbox 452 3675 569 3721; x_wconf 91' lang='lat' dir='ltr'><strong>erat</strong></span> <span class='ocrx_word' id='word_1_275' title='bbox 595 3668 648 3721; x_wconf 92' lang='lat' dir='ltr'><strong>in</strong></span> <span class='ocrx_word' id='word_1_276' title='bbox 679 3676 857 3721; x_wconf 89' lang='lat' dir='ltr'><strong>nostra</strong></span> <span class='ocrx_word' id='word_1_277' title='bbox 892 3685 904 3720; x_wconf 91' lang='lat'><strong>:</strong></span> <span class='ocrx_word' id='word_1_278' title='bbox 937 3667 1144 3721; x_wconf 78' lang='lat' dir='ltr'><strong>facilius</strong></span> <span class='ocrx_word' id='word_1_279' title='bbox 1169 3677 1346 3722; x_wconf 87' lang='lat' dir='ltr'><strong>autem</strong></span> <span class='ocrx_word' id='word_1_280' title='bbox 1366 3667 1626 3721; x_wconf 85' lang='lat' dir='ltr'><strong>ellicimus</strong></span> <span class='ocrx_word' id='word_1_281' title='bbox 1643 3681 1702 3718; x_wconf 89' lang='lat' dir='ltr'><strong>ea</strong></span> <span class='ocrx_word' id='word_1_282' title='bbox 1728 3679 1848 3733; x_wconf 74' lang='lat' dir='ltr'><strong>qua:</strong></span> 
     </span>
    </p>
   </div>
   <div class='ocr_carea' id='block_1_39' title="bbox 255 3756 1848 3830">
    <p class='ocr_par' dir='ltr' id='par_1_39' title="bbox 255 3756 1848 3830">
     <span class='ocr_line' id='line_1_39' title="bbox 255 3756 1848 3830; baseline -0.002 -16"><span class='ocrx_word' id='word_1_283' title='bbox 255 3768 379 3814; x_wconf 78' lang='lat' dir='ltr'><strong>sunt</strong></span> <span class='ocrx_word' id='word_1_284' title='bbox 413 3761 473 3814; x_wconf 91' lang='lat' dir='ltr'><strong>in</strong></span> <span class='ocrx_word' id='word_1_285' title='bbox 517 3767 701 3814; x_wconf 89' lang='lat' dir='ltr'><strong>nostra</strong></span> <span class='ocrx_word' id='word_1_286' title='bbox 749 3769 1032 3830; x_wconf 88' lang='lat' dir='ltr'><strong>potestate.</strong></span> <span class='ocrx_word' id='word_1_287' title='bbox 1079 3760 1216 3830; x_wconf 80' lang='lat' dir='ltr'><strong>Ergo</strong></span> <span class='ocrx_word' id='word_1_288' title='bbox 1261 3768 1530 3829; x_wconf 81' lang='lat' dir='ltr'><strong>tamquam</strong></span> <span class='ocrx_word' id='word_1_289' title='bbox 1574 3757 1762 3826; x_wconf 84' lang='lat' dir='ltr'><strong>majus,</strong></span> <span class='ocrx_word' id='word_1_290' title='bbox 1795 3756 1848 3811; x_wconf 91' lang='lat' dir='ltr'><strong>id</strong></span> 
     </span>
    </p>
   </div>
   <div class='ocr_carea' id='block_1_40' title="bbox 256 3850 1847 3921">
    <p class='ocr_par' dir='ltr' id='par_1_40' title="bbox 256 3850 1847 3921">
     <span class='ocr_line' id='line_1_40' title="bbox 256 3850 1847 3921; baseline -0.001 -17"><span class='ocrx_word' id='word_1_291' title='bbox 256 3854 406 3921; x_wconf 88' lang='lat' dir='ltr'><strong>ponit</strong></span> <span class='ocrx_word' id='word_1_292' title='bbox 439 3853 730 3920; x_wconf 87' lang='lat' dir='ltr'><strong>posterius.</strong></span> <span class='ocrx_word' id='word_1_293' title='bbox 794 3852 974 3921; x_wconf 79' lang='lat' dir='ltr'><strong>Neque</strong></span> <span class='ocrx_word' id='word_1_294' title='bbox 1014 3852 1187 3906; x_wconf 91' lang='lat' dir='ltr'><strong>solum</strong></span> <span class='ocrx_word' id='word_1_295' title='bbox 1215 3852 1364 3916; x_wconf 85' lang='lat' dir='ltr'><strong>dixit,</strong></span> <span class='ocrx_word' id='word_1_296' title='bbox 1393 3850 1519 3906; x_wconf 86' lang='lat' dir='ltr'><strong>Cum</strong></span> <span class='ocrx_word' id='word_1_297' title='bbox 1553 3851 1745 3904; x_wconf 87' lang='lat' dir='ltr'><strong>inimici</strong></span> <span class='ocrx_word' id='word_1_298' title='bbox 1769 3866 1847 3904; x_wconf 84' lang='lat' dir='ltr'><strong>es-</strong></span> 
     </span>
    </p>
   </div>
   <div class='ocr_carea' id='block_1_41' title="bbox 255 3939 1850 4012">
    <p class='ocr_par' dir='ltr' id='par_1_41' title="bbox 255 3939 1850 4012">
     <span class='ocr_line' id='line_1_41' title="bbox 255 3939 1850 4012; baseline -0.001 -18"><span class='ocrx_word' id='word_1_299' title='bbox 255 3944 388 4005; x_wconf 83' lang='lat' dir='ltr'><strong>setis,</strong></span> <span class='ocrx_word' id='word_1_300' title='bbox 422 3941 524 3996; x_wconf 87' lang='lat' dir='ltr'><strong>sed</strong></span> <span class='ocrx_word' id='word_1_301' title='bbox 551 3941 735 4008; x_wconf 88' lang='lat' dir='ltr'><strong>etiam,</strong></span> <span class='ocrx_word' id='word_1_302' title='bbox 768 3941 987 3994; x_wconf 77' lang='lat' dir='ltr'><strong>Alienati</strong></span> <span class='ocrx_word' id='word_1_303' title='bbox 1011 3957 1030 3995; x_wconf 90' lang='lat'><strong><em>:</em></strong></span> <span class='ocrx_word' id='word_1_304' title='bbox 1058 3941 1198 4010; x_wconf 92' lang='lat' dir='ltr'><strong>quod</strong></span> <span class='ocrx_word' id='word_1_305' title='bbox 1232 3956 1478 4012; x_wconf 77' lang='lat' dir='ltr'><strong>magnam</strong></span> <span class='ocrx_word' id='word_1_306' title='bbox 1509 3939 1725 4010; x_wconf 60' lang='lat' dir='ltr'><strong>praefert</strong></span> <span class='ocrx_word' id='word_1_307' title='bbox 1750 3940 1850 3994; x_wconf 87' lang='lat' dir='ltr'><strong>iiii-</strong></span> 
     </span>
    </p>
   </div>
   <div class='ocr_carea' id='block_1_42' title="bbox 254 4030 1850 4100">
    <p class='ocr_par' dir='ltr' id='par_1_42' title="bbox 254 4030 1850 4100">
     <span class='ocr_line' id='line_1_42' title="bbox 254 4030 1850 4100; baseline 0.001 -17"><span class='ocrx_word' id='word_1_308' title='bbox 254 4031 561 4085; x_wconf 84' lang='lat' dir='ltr'><strong>niicitiam:</strong></span> <span class='ocrx_word' id='word_1_309' title='bbox 597 4045 769 4099; x_wconf 90' lang='lat' dir='ltr'><strong>neque</strong></span> <span class='ocrx_word' id='word_1_310' title='bbox 810 4032 981 4084; x_wconf 91' lang='lat' dir='ltr'><strong>solum</strong></span> <span class='ocrx_word' id='word_1_311' title='bbox 1022 4030 1269 4097; x_wconf 85' lang='lat' dir='ltr'><strong>alienati,</strong></span> <span class='ocrx_word' id='word_1_312' title='bbox 1314 4030 1406 4085; x_wconf 91' lang='lat' dir='ltr'><strong>sed</strong></span> <span class='ocrx_word' id='word_1_313' title='bbox 1444 4045 1617 4100; x_wconf 85' lang='lat' dir='ltr'><strong>neque</strong></span> <span class='ocrx_word' id='word_1_314' title='bbox 1651 4044 1850 4099; x_wconf 82' lang='lat' dir='ltr'><strong>exspe-</strong></span> 
     </span>
    </p>
   </div>
   <div class='ocr_carea' id='block_1_43' title="bbox 253 4120 1845 4185">
    <p class='ocr_par' dir='ltr' id='par_1_43' title="bbox 253 4120 1845 4185">
     <span class='ocr_line' id='line_1_43' title="bbox 253 4120 1845 4185; baseline -0.001 -10"><span class='ocrx_word' id='word_1_315' title='bbox 253 4130 477 4176; x_wconf 78' lang='lat' dir='ltr'><strong>ctantes</strong></span> <span class='ocrx_word' id='word_1_316' title='bbox 505 4121 719 4175; x_wconf 81' lang='lat' dir='ltr'><strong>reverti.</strong></span> <span class='ocrx_word' id='word_1_317' title='bbox 757 4120 824 4174; x_wconf 84' lang='lat' dir='ltr'><strong>Et</strong></span> <span class='ocrx_word' id='word_1_318' title='bbox 857 4121 1103 4176; x_wconf 89' lang='lat' dir='ltr'><strong>inimicos</strong></span> <span class='ocrx_word' id='word_1_319' title='bbox 1133 4121 1261 4176; x_wconf 88' lang='lat' dir='ltr'><strong>dicit</strong></span> <span class='ocrx_word' id='word_1_320' title='bbox 1300 4137 1458 4175; x_wconf 91' lang='lat' dir='ltr'><strong>sensu</strong></span> <span class='ocrx_word' id='word_1_321' title='bbox 1502 4137 1596 4176; x_wconf 89' lang='lat' dir='ltr'><strong>seu</strong></span> <span class='ocrx_word' id='word_1_322' title='bbox 1632 4121 1845 4185; x_wconf 87' lang='lat' dir='ltr'><strong>animo;</strong></span> 
     </span>
    </p>
   </div>
   <div class='ocr_carea' id='block_1_44' title="bbox 253 4212 1850 4283">
    <p class='ocr_par' dir='ltr' id='par_1_44' title="bbox 253 4212 1850 4283">
     <span class='ocr_line' id='line_1_44' title="bbox 253 4212 1850 4283; baseline 0.001 -18"><span class='ocrx_word' id='word_1_323' title='bbox 253 4213 378 4266; x_wconf 89' lang='lat' dir='ltr'><strong>hinc</strong></span> <span class='ocrx_word' id='word_1_324' title='bbox 407 4212 698 4266; x_wconf 84' lang='lat' dir='ltr'><strong>declarans</strong></span> <span class='ocrx_word' id='word_1_325' title='bbox 723 4227 908 4266; x_wconf 90' lang='lat' dir='ltr'><strong>eorum</strong></span> <span class='ocrx_word' id='word_1_326' title='bbox 945 4213 1321 4267; x_wconf 87' lang='lat' dir='ltr'><strong>alienationem</strong></span> <span class='ocrx_word' id='word_1_327' title='bbox 1355 4229 1457 4266; x_wconf 92' lang='lat' dir='ltr'><strong>non</strong></span> <span class='ocrx_word' id='word_1_328' title='bbox 1491 4213 1544 4266; x_wconf 94' lang='lat' dir='ltr'><strong>in</strong></span> <span class='ocrx_word' id='word_1_329' title='bbox 1576 4214 1850 4283; x_wconf 88' lang='lat' dir='ltr'><strong>proposito</strong></span> 
     </span>
    </p>
   </div>
   <div class='ocr_carea' id='block_1_45' title="bbox 255 4302 1846 4372">
    <p class='ocr_par' dir='ltr' id='par_1_45' title="bbox 255 4302 1846 4372">
     <span class='ocr_line' id='line_1_45' title="bbox 255 4302 1846 4372; baseline 0.003 -18"><span class='ocrx_word' id='word_1_330' title='bbox 255 4312 471 4358; x_wconf 87' lang='lat' dir='ltr'><strong>tantum</strong></span> <span class='ocrx_word' id='word_1_331' title='bbox 501 4303 740 4366; x_wconf 85' lang='lat' dir='ltr'><strong>stetisse;</strong></span> <span class='ocrx_word' id='word_1_332' title='bbox 784 4303 875 4357; x_wconf 83' lang='lat' dir='ltr'><strong>sed</strong></span> <span class='ocrx_word' id='word_1_333' title='bbox 904 4303 1073 4371; x_wconf 89' lang='lat' dir='ltr'><strong>quid?</strong></span> <span class='ocrx_word' id='word_1_334' title='bbox 1115 4302 1179 4355; x_wconf 86' lang='lat' dir='ltr'><strong>Et</strong></span> <span class='ocrx_word' id='word_1_335' title='bbox 1220 4303 1272 4355; x_wconf 86' lang='lat' dir='ltr'><strong>in</strong></span> <span class='ocrx_word' id='word_1_336' title='bbox 1314 4303 1548 4372; x_wconf 80' lang='lat' dir='ltr'><strong>operibus</strong></span> <span class='ocrx_word' id='word_1_337' title='bbox 1588 4304 1753 4357; x_wconf 88' lang='lat' dir='ltr'><strong>malis.</strong></span> <span class='ocrx_word' id='word_1_338' title='bbox 1787 4304 1846 4358; x_wconf 79' lang='lat' dir='ltr'><strong>Et</strong></span> 
     </span>
    </p>
   </div>
   <div class='ocr_carea' id='block_1_46' title="bbox 255 4393 1849 4464">
    <p class='ocr_par' dir='ltr' id='par_1_46' title="bbox 255 4393 1849 4464">
     <span class='ocr_line' id='line_1_46' title="bbox 255 4393 1849 4464; baseline 0.002 -17"><span class='ocrx_word' id='word_1_339' title='bbox 255 4393 492 4456; x_wconf 86' lang='lat' dir='ltr'><strong>inimici,</strong></span> <span class='ocrx_word' id='word_1_340' title='bbox 540 4395 730 4463; x_wconf 91' lang='lat' dir='ltr'><strong>inquit,</strong></span> <span class='ocrx_word' id='word_1_341' title='bbox 758 4395 950 4460; x_wconf 85' lang='lat' dir='ltr'><strong>eratis;</strong></span> <span class='ocrx_word' id='word_1_342' title='bbox 993 4405 1046 4448; x_wconf 92' lang='lat' dir='ltr'><strong>et</strong></span> <span class='ocrx_word' id='word_1_343' title='bbox 1083 4395 1320 4464; x_wconf 81' lang='lat' dir='ltr'><strong>agebatis</strong></span> <span class='ocrx_word' id='word_1_344' title='bbox 1349 4411 1468 4464; x_wconf 68' lang='lat' dir='ltr'><strong>qum</strong></span> <span class='ocrx_word' id='word_1_345' title='bbox 1509 4403 1634 4448; x_wconf 91' lang='lat' dir='ltr'><strong>sunt</strong></span> <span class='ocrx_word' id='word_1_346' title='bbox 1676 4396 1849 4450; x_wconf 86' lang='lat' dir='ltr'><strong>inimi-</strong></span> 
     </span>
    </p>
   </div>
   <div class='ocr_carea' id='block_1_47' title="bbox 253 4485 1852 4558">
    <p class='ocr_par' dir='ltr' id='par_1_47' title="bbox 253 4485 1852 4558">
     <span class='ocr_line' id='line_1_47' title="bbox 253 4485 1852 4558; baseline 0.001 -18"><span class='ocrx_word' id='word_1_347' title='bbox 253 4502 470 4540; x_wconf 73' lang='lat' dir='ltr'><strong>eorum.</strong></span> <span class='ocrx_word' id='word_1_348' title='bbox 502 4485 654 4538; x_wconf 75' lang='lat' dir='ltr'><strong>Nunc</strong></span> <span class='ocrx_word' id='word_1_349' title='bbox 681 4497 846 4540; x_wconf 88' lang='lat' dir='ltr'><strong>autem</strong></span> <span class='ocrx_word' id='word_1_350' title='bbox 876 4487 1214 4540; x_wconf 81' lang='lat' dir='ltr'><strong>reconciliavit</strong></span> <span class='ocrx_word' id='word_1_351' title='bbox 1237 4489 1286 4539; x_wconf 89' lang='lat' dir='ltr'><strong>iu</strong></span> <span class='ocrx_word' id='word_1_352' title='bbox 1315 4502 1526 4555; x_wconf 87' lang='lat' dir='ltr'><strong>corpore</strong></span> <span class='ocrx_word' id='word_1_353' title='bbox 1546 4487 1714 4540; x_wconf 89' lang='lat' dir='ltr'><strong>carnis</strong></span> <span class='ocrx_word' id='word_1_354' title='bbox 1743 4489 1852 4558; x_wconf 83' lang='lat' dir='ltr'><strong>ejus</strong></span> 
     </span>
    </p>
   </div>
   <div class='ocr_carea' id='block_1_48' title="bbox 253 4577 1852 4645">
    <p class='ocr_par' dir='ltr' id='par_1_48' title="bbox 253 4577 1852 4645">
     <span class='ocr_line' id='line_1_48' title="bbox 253 4577 1852 4645; baseline 0.004 -19"><span class='ocrx_word' id='word_1_355' title='bbox 253 4596 341 4645; x_wconf 78' lang='lat' dir='ltr'><strong>per</strong></span> <span class='ocrx_word' id='word_1_356' title='bbox 382 4589 634 4642; x_wconf 88' lang='lat' dir='ltr'><strong>mortem,</strong></span> <span class='ocrx_word' id='word_1_357' title='bbox 681 4577 913 4631; x_wconf 75' lang='lat' dir='ltr'><strong>exhibere</strong></span> <span class='ocrx_word' id='word_1_358' title='bbox 960 4595 1046 4632; x_wconf 84' lang='lat' dir='ltr'><strong>ves</strong></span> <span class='ocrx_word' id='word_1_359' title='bbox 1086 4588 1284 4632; x_wconf 86' lang='lat' dir='ltr'><strong>sanctos</strong></span> <span class='ocrx_word' id='word_1_360' title='bbox 1320 4588 1365 4630; x_wconf 91' lang='lat' dir='ltr'><strong><em>et</em></strong></span> <span class='ocrx_word' id='word_1_361' title='bbox 1412 4579 1763 4633; x_wconf 82' lang='lat' dir='ltr'><strong>immaculatos</strong></span> <span class='ocrx_word' id='word_1_362' title='bbox 1806 4591 1852 4632; x_wconf 90' lang='lat' dir='ltr'><strong><em>et</em></strong></span> 
     </span>
    </p>
   </div>
   <div class='ocr_carea' id='block_1_49' title="bbox 255 4667 1850 4738">
    <p class='ocr_par' dir='ltr' id='par_1_49' title="bbox 255 4667 1850 4738">
     <span class='ocr_line' id='line_1_49' title="bbox 255 4667 1850 4738; baseline 0.005 -23"><span class='ocrx_word' id='word_1_363' title='bbox 255 4667 728 4735; x_wconf 76' lang='lat' dir='ltr'><strong>trt&#39;epreltettsibiles</strong></span> <span class='ocrx_word' id='word_1_364' title='bbox 763 4669 1083 4738; x_wconf 85' lang='lat' dir='ltr'><strong>coramipso.</strong></span> <span class='ocrx_word' id='word_1_365' title='bbox 1128 4669 1220 4722; x_wconf 89' lang='lat' dir='ltr'><strong>llic</strong></span> <span class='ocrx_word' id='word_1_366' title='bbox 1245 4669 1392 4737; x_wconf 88' lang='lat' dir='ltr'><strong>ponit</strong></span> <span class='ocrx_word' id='word_1_367' title='bbox 1436 4669 1596 4722; x_wconf 90' lang='lat' dir='ltr'><strong>etiam</strong></span> <span class='ocrx_word' id='word_1_368' title='bbox 1637 4670 1850 4724; x_wconf 89' lang='lat' dir='ltr'><strong>modum</strong></span> 
     </span>
    </p>
   </div>
   <div class='ocr_carea' id='block_1_50' title="bbox 257 4758 1852 4830">
    <p class='ocr_par' dir='ltr' id='par_1_50' title="bbox 257 4758 1852 4830">
     <span class='ocr_line' id='line_1_50' title="bbox 257 4758 1852 4830; baseline 0.004 -20"><span class='ocrx_word' id='word_1_369' title='bbox 257 4758 722 4813; x_wconf 81' lang='lat' dir='ltr'><strong>reconciliationis</strong></span> <span class='ocrx_word' id='word_1_370' title='bbox 753 4773 770 4813; x_wconf 88' lang='lat'>:</span> <span class='ocrx_word' id='word_1_371' title='bbox 799 4759 938 4830; x_wconf 90' lang='lat' dir='ltr'><strong>quod</strong></span> <span class='ocrx_word' id='word_1_372' title='bbox 990 4761 1041 4813; x_wconf 91' lang='lat' dir='ltr'><strong>in</strong></span> <span class='ocrx_word' id='word_1_373' title='bbox 1091 4774 1316 4830; x_wconf 88' lang='lat' dir='ltr'><strong>corpore</strong></span> <span class='ocrx_word' id='word_1_374' title='bbox 1366 4775 1470 4814; x_wconf 91' lang='lat' dir='ltr'><strong>non</strong></span> <span class='ocrx_word' id='word_1_375' title='bbox 1517 4761 1690 4814; x_wconf 88' lang='lat' dir='ltr'><strong>solum</strong></span> <span class='ocrx_word' id='word_1_376' title='bbox 1732 4778 1852 4830; x_wconf 88' lang='lat' dir='ltr'><strong>per-</strong></span> 
     </span>
    </p>
   </div>
   <div class='ocr_carea' id='block_1_51' title="bbox 255 4847 1851 4922">
    <p class='ocr_par' dir='ltr' id='par_1_51' title="bbox 255 4847 1851 4922">
     <span class='ocr_line' id='line_1_51' title="bbox 255 4847 1851 4922; baseline 0.001 -19"><span class='ocrx_word' id='word_1_377' title='bbox 255 4864 478 4914; x_wconf 76' lang='lat' dir='ltr'><strong>cussus,</strong></span> <span class='ocrx_word' id='word_1_378' title='bbox 513 4847 814 4917; x_wconf 80' lang='lat' dir='ltr'><strong>ﬂagellatus</strong></span> <span class='ocrx_word' id='word_1_379' title='bbox 838 4861 892 4904; x_wconf 91' lang='lat' dir='ltr'><strong>et</strong></span> <span class='ocrx_word' id='word_1_380' title='bbox 919 4851 1186 4915; x_wconf 89' lang='lat' dir='ltr'><strong>venditus,</strong></span> <span class='ocrx_word' id='word_1_381' title='bbox 1214 4852 1308 4905; x_wconf 86' lang='lat' dir='ltr'><strong>sed</strong></span> <span class='ocrx_word' id='word_1_382' title='bbox 1360 4853 1521 4906; x_wconf 89' lang='lat' dir='ltr'><strong>etiam</strong></span> <span class='ocrx_word' id='word_1_383' title='bbox 1551 4853 1851 4922; x_wconf 84' lang='lat' dir='ltr'><strong>turpissima</strong></span> 
     </span>
    </p>
   </div>
   <div class='ocr_carea' id='block_1_52' title="bbox 258 4941 1855 5008">
    <p class='ocr_par' dir='ltr' id='par_1_52' title="bbox 258 4941 1855 5008">
     <span class='ocr_line' id='line_1_52' title="bbox 258 4941 1855 5008; baseline 0.004 -18"><span class='ocrx_word' id='word_1_384' title='bbox 258 4951 434 4999; x_wconf 84' lang='lat' dir='ltr'><strong>inorte</strong></span> <span class='ocrx_word' id='word_1_385' title='bbox 467 4949 711 4992; x_wconf 84' lang='lat' dir='ltr'><strong>mortuus</strong></span> <span class='ocrx_word' id='word_1_386' title='bbox 738 4941 826 4994; x_wconf 88' lang='lat' dir='ltr'><strong>sit.</strong></span> <span class='ocrx_word' id='word_1_387' title='bbox 858 4941 1061 4995; x_wconf 80' lang='lat' dir='ltr'><strong>Rursus</strong></span> <span class='ocrx_word' id='word_1_388' title='bbox 1084 4942 1329 4996; x_wconf 87' lang='lat' dir='ltr'><strong>meminit</strong></span> <span class='ocrx_word' id='word_1_389' title='bbox 1353 4944 1557 5008; x_wconf 83' lang='lat' dir='ltr'><strong>crucis;</strong></span> <span class='ocrx_word' id='word_1_390' title='bbox 1586 4952 1639 4997; x_wconf 87' lang='lat' dir='ltr'><strong>et</strong></span> <span class='ocrx_word' id='word_1_391' title='bbox 1672 4958 1855 4997; x_wconf 87' lang='lat' dir='ltr'><strong>rursus</strong></span> 
     </span>
    </p>
   </div>
   <div class='ocr_carea' id='block_1_53' title="bbox 256 5031 1849 5102">
    <p class='ocr_par' dir='ltr' id='par_1_53' title="bbox 256 5031 1849 5102">
     <span class='ocr_line' id='line_1_53' title="bbox 256 5031 1849 5102; baseline 0.002 -19"><span class='ocrx_word' id='word_1_392' title='bbox 256 5033 401 5085; x_wconf 82' lang='lat' dir='ltr'><strong>aliud</strong></span> <span class='ocrx_word' id='word_1_393' title='bbox 435 5031 593 5102; x_wconf 85' lang='lat' dir='ltr'><strong>ponit</strong></span> <span class='ocrx_word' id='word_1_394' title='bbox 641 5031 980 5087; x_wconf 87' lang='lat' dir='ltr'><strong>benelicium.</strong></span> <span class='ocrx_word' id='word_1_395' title='bbox 1034 5033 1147 5087; x_wconf 83' lang='lat' dir='ltr'><strong>Non</strong></span> <span class='ocrx_word' id='word_1_396' title='bbox 1196 5034 1366 5086; x_wconf 85' lang='lat' dir='ltr'><strong>solum</strong></span> <span class='ocrx_word' id='word_1_397' title='bbox 1399 5035 1540 5088; x_wconf 89' lang='lat' dir='ltr'><strong>enim</strong></span> <span class='ocrx_word' id='word_1_398' title='bbox 1591 5034 1849 5098; x_wconf 83' lang='lat' dir='ltr'><strong>liberavit,</strong></span> 
     </span>
    </p>
   </div>
   <div class='ocr_carea' id='block_1_54' title="bbox 258 5121 1855 5194">
    <p class='ocr_par' dir='ltr' id='par_1_54' title="bbox 258 5121 1855 5194">
     <span class='ocr_line' id='line_1_54' title="bbox 258 5121 1855 5194; baseline 0.001 -20"><span class='ocrx_word' id='word_1_399' title='bbox 258 5123 356 5174; x_wconf 77' lang='lat' dir='ltr'><strong>sed</strong></span> <span class='ocrx_word' id='word_1_400' title='bbox 402 5123 572 5174; x_wconf 86' lang='lat' dir='ltr'><strong>etiam</strong></span> <span class='ocrx_word' id='word_1_401' title='bbox 601 5121 746 5190; x_wconf 88' lang='lat' dir='ltr'><strong>quod</strong></span> <span class='ocrx_word' id='word_1_402' title='bbox 786 5123 1030 5190; x_wconf 89' lang='lat' dir='ltr'><strong>superius</strong></span> <span class='ocrx_word' id='word_1_403' title='bbox 1073 5121 1223 5188; x_wconf 90' lang='lat' dir='ltr'><strong>dicit,</strong></span> <span class='ocrx_word' id='word_1_404' title='bbox 1261 5123 1356 5188; x_wconf 79' lang='lat' dir='ltr'><strong>Qui</strong></span> <span class='ocrx_word' id='word_1_405' title='bbox 1386 5138 1477 5176; x_wconf 90' lang='lat' dir='ltr'><strong>uos</strong></span> <span class='ocrx_word' id='word_1_406' title='bbox 1505 5125 1624 5194; x_wconf 77' lang='lat' dir='ltr'><strong>fecit</strong></span> <span class='ocrx_word' id='word_1_407' title='bbox 1649 5123 1855 5176; x_wconf 86' lang='lat' dir='ltr'><strong>idoneas</strong></span> 
     </span>
    </p>
   </div>
   <div class='ocr_carea' id='block_1_55' title="bbox 258 5212 1856 5284">
    <p class='ocr_par' dir='ltr' id='par_1_55' title="bbox 258 5212 1856 5284">
     <span class='ocr_line' id='line_1_55' title="bbox 258 5212 1856 5284; baseline 0.002 -20"><span class='ocrx_word' id='word_1_408' title='bbox 258 5222 305 5264; x_wconf 91' lang='lat' dir='ltr'><strong><em>et</em></strong></span> <span class='ocrx_word' id='word_1_409' title='bbox 328 5213 657 5283; x_wconf 58' lang='lat' dir='ltr'><strong>suﬁcieutes,</strong></span> <span class='ocrx_word' id='word_1_410' title='bbox 690 5212 776 5266; x_wconf 90' lang='lat' dir='ltr'><strong>hic</strong></span> <span class='ocrx_word' id='word_1_411' title='bbox 797 5228 1008 5283; x_wconf 88' lang='lat' dir='ltr'><strong>quoque</strong></span> <span class='ocrx_word' id='word_1_412' title='bbox 1035 5215 1191 5268; x_wconf 87' lang='lat' dir='ltr'><strong>tacite</strong></span> <span class='ocrx_word' id='word_1_413' title='bbox 1211 5213 1492 5284; x_wconf 73' lang='lat' dir='ltr'><strong>significat.</strong></span> <span class='ocrx_word' id='word_1_414' title='bbox 1519 5213 1622 5268; x_wconf 80' lang='lat' dir='ltr'><strong>I’er</strong></span> <span class='ocrx_word' id='word_1_415' title='bbox 1647 5225 1856 5269; x_wconf 87' lang='lat' dir='ltr'><strong>mortem</strong></span> 
     </span>
    </p>
   </div>
   <div class='ocr_carea' id='block_1_56' title="bbox 259 5303 1856 5375">
    <p class='ocr_par' dir='ltr' id='par_1_56' title="bbox 259 5303 1856 5375">
     <span class='ocr_line' id='line_1_56' title="bbox 259 5303 1856 5375; baseline 0.003 -19"><span class='ocrx_word' id='word_1_416' title='bbox 259 5306 396 5374; x_wconf 78' lang='lat' dir='ltr'><strong>ejus,</strong></span> <span class='ocrx_word' id='word_1_417' title='bbox 429 5306 624 5375; x_wconf 86' lang='lat' dir='ltr'><strong>inquit,</strong></span> <span class='ocrx_word' id='word_1_418' title='bbox 654 5303 886 5359; x_wconf 69' lang='lat' dir='ltr'><strong>exhibere</strong></span> <span class='ocrx_word' id='word_1_419' title='bbox 919 5322 1000 5358; x_wconf 75' lang='lat' dir='ltr'><strong>vos</strong></span> <span class='ocrx_word' id='word_1_420' title='bbox 1024 5317 1225 5359; x_wconf 78' lang='lat' dir='ltr'><strong>sanctas</strong></span> <span class='ocrx_word' id='word_1_421' title='bbox 1258 5316 1302 5358; x_wconf 88' lang='lat' dir='ltr'><strong>et</strong></span> <span class='ocrx_word' id='word_1_422' title='bbox 1329 5305 1679 5359; x_wconf 83' lang='lat' dir='ltr'><strong>immaculalos</strong></span> <span class='ocrx_word' id='word_1_423' title='bbox 1709 5317 1753 5360; x_wconf 86' lang='lat' dir='ltr'><strong>et</strong></span> <span class='ocrx_word' id='word_1_424' title='bbox 1781 5308 1856 5359; x_wconf 87' lang='lat' dir='ltr'><strong>ir-</strong></span> 
     </span>
    </p>
   </div>
   <div class='ocr_carea' id='block_1_57' title="bbox 260 5395 1859 5464">
    <p class='ocr_par' dir='ltr' id='par_1_57' title="bbox 260 5395 1859 5464">
     <span class='ocr_line' id='line_1_57' title="bbox 260 5395 1859 5464; baseline 0.004 -18"><span class='ocrx_word' id='word_1_425' title='bbox 260 5395 688 5462; x_wconf 76' lang='lat' dir='ltr'><strong>reprelteusibiles</strong></span> <span class='ocrx_word' id='word_1_426' title='bbox 714 5412 884 5448; x_wconf 86' lang='lat' dir='ltr'><strong>coram</strong></span> <span class='ocrx_word' id='word_1_427' title='bbox 914 5397 1046 5464; x_wconf 81' lang='lat' dir='ltr'><strong>ipso.</strong></span> <span class='ocrx_word' id='word_1_428' title='bbox 1089 5396 1202 5450; x_wconf 84' lang='lat' dir='ltr'><strong>Non</strong></span> <span class='ocrx_word' id='word_1_429' title='bbox 1232 5397 1404 5450; x_wconf 84' lang='lat' dir='ltr'><strong>Solum</strong></span> <span class='ocrx_word' id='word_1_430' title='bbox 1441 5398 1582 5450; x_wconf 87' lang='lat' dir='ltr'><strong>enim</strong></span> <span class='ocrx_word' id='word_1_431' title='bbox 1617 5397 1859 5452; x_wconf 82' lang='lat' dir='ltr'><strong>liberavit</strong></span> 
     </span>
    </p>
   </div>
   <div class='ocr_carea' id='block_1_58' title="bbox 264 5486 1859 5556">
    <p class='ocr_par' dir='ltr' id='par_1_58' title="bbox 264 5486 1859 5556">
     <span class='ocr_line' id='line_1_58' title="bbox 264 5486 1859 5556; baseline 0.003 -19"><span class='ocrx_word' id='word_1_432' title='bbox 264 5501 292 5537; x_wconf 87' lang='lat' dir='ltr'><strong>a</strong></span> <span class='ocrx_word' id='word_1_433' title='bbox 323 5487 590 5554; x_wconf 83' lang='lat' dir='ltr'><strong>peccatis,</strong></span> <span class='ocrx_word' id='word_1_434' title='bbox 621 5486 713 5539; x_wconf 91' lang='lat' dir='ltr'><strong>sed</strong></span> <span class='ocrx_word' id='word_1_435' title='bbox 745 5487 902 5540; x_wconf 90' lang='lat' dir='ltr'><strong>etiam</strong></span> <span class='ocrx_word' id='word_1_436' title='bbox 949 5487 1001 5540; x_wconf 91' lang='lat' dir='ltr'><strong>in</strong></span> <span class='ocrx_word' id='word_1_437' title='bbox 1035 5487 1323 5556; x_wconf 87' lang='lat' dir='ltr'><strong>proborum</strong></span> <span class='ocrx_word' id='word_1_438' title='bbox 1354 5502 1418 5541; x_wconf 89' lang='lat' dir='ltr'><strong>ac</strong></span> <span class='ocrx_word' id='word_1_439' title='bbox 1463 5487 1722 5540; x_wconf 91' lang='lat' dir='ltr'><strong>bonorum</strong></span> <span class='ocrx_word' id='word_1_440' title='bbox 1756 5502 1859 5542; x_wconf 83' lang='lat' dir='ltr'><strong>nit-</strong></span> 
     </span>
    </p>
   </div>
   <div class='ocr_carea' id='block_1_59' title="bbox 267 5577 1861 5649">
    <p class='ocr_par' dir='ltr' id='par_1_59' title="bbox 267 5577 1861 5649">
     <span class='ocr_line' id='line_1_59' title="bbox 267 5577 1861 5649; baseline 0.001 -19"><span class='ocrx_word' id='word_1_441' title='bbox 267 5594 488 5632; x_wconf 82' lang='lat' dir='ltr'><strong>nieruni</strong></span> <span class='ocrx_word' id='word_1_442' title='bbox 519 5579 720 5630; x_wconf 89' lang='lat' dir='ltr'><strong>retulit.</strong></span> <span class='ocrx_word' id='word_1_443' title='bbox 762 5577 879 5632; x_wconf 79' lang='lat' dir='ltr'><strong>Non</strong></span> <span class='ocrx_word' id='word_1_444' title='bbox 918 5579 1061 5634; x_wconf 81' lang='lat' dir='ltr'><strong>cnim</strong></span> <span class='ocrx_word' id='word_1_445' title='bbox 1086 5588 1228 5633; x_wconf 89' lang='lat' dir='ltr'><strong>tanta</strong></span> <span class='ocrx_word' id='word_1_446' title='bbox 1257 5595 1444 5649; x_wconf 82' lang='lat' dir='ltr'><strong>passus</strong></span> <span class='ocrx_word' id='word_1_447' title='bbox 1482 5589 1563 5634; x_wconf 89' lang='lat' dir='ltr'><strong>est</strong></span> <span class='ocrx_word' id='word_1_448' title='bbox 1598 5579 1769 5633; x_wconf 88' lang='lat' dir='ltr'><strong>solum</strong></span> <span class='ocrx_word' id='word_1_449' title='bbox 1804 5589 1861 5633; x_wconf 92' lang='lat' dir='ltr'><strong>ut</strong></span> 
     </span>
    </p>
   </div>
   <div class='ocr_carea' id='block_1_60' title="bbox 271 5668 1862 5742">
    <p class='ocr_par' dir='ltr' id='par_1_60' title="bbox 271 5668 1862 5742">
     <span class='ocr_line' id='line_1_60' title="bbox 271 5668 1862 5742; baseline 0.003 -23"><span class='ocrx_word' id='word_1_450' title='bbox 271 5684 371 5721; x_wconf 84' lang='lat' dir='ltr'><strong>nos</strong></span> <span class='ocrx_word' id='word_1_451' title='bbox 401 5669 667 5721; x_wconf 82' lang='lat' dir='ltr'><strong>liberaret</strong></span> <span class='ocrx_word' id='word_1_452' title='bbox 706 5681 733 5719; x_wconf 92' lang='lat' dir='ltr'><strong>a</strong></span> <span class='ocrx_word' id='word_1_453' title='bbox 783 5668 958 5734; x_wconf 87' lang='lat' dir='ltr'><strong>malis,</strong></span> <span class='ocrx_word' id='word_1_454' title='bbox 1005 5668 1100 5722; x_wconf 90' lang='lat' dir='ltr'><strong>sed</strong></span> <span class='ocrx_word' id='word_1_455' title='bbox 1143 5669 1304 5723; x_wconf 91' lang='lat' dir='ltr'><strong>etiam</strong></span> <span class='ocrx_word' id='word_1_456' title='bbox 1351 5681 1406 5724; x_wconf 89' lang='lat' dir='ltr'><strong>ut</strong></span> <span class='ocrx_word' id='word_1_457' title='bbox 1440 5671 1637 5741; x_wconf 89' lang='lat' dir='ltr'><strong>primas</strong></span> <span class='ocrx_word' id='word_1_458' title='bbox 1679 5678 1862 5742; x_wconf 78' lang='lat' dir='ltr'><strong>partes</strong></span> 
     </span>
    </p>
   </div>
   <div class='ocr_carea' id='block_1_61' title="bbox 269 5757 1862 5830">
    <p class='ocr_par' dir='ltr' id='par_1_61' title="bbox 269 5757 1862 5830">
     <span class='ocr_line' id='line_1_61' title="bbox 269 5757 1862 5830; baseline 0.007 -24"><span class='ocrx_word' id='word_1_459' title='bbox 269 5773 696 5830; x_wconf 51' lang='lat' dir='ltr'><strong>assequereinur</strong></span> <span class='ocrx_word' id='word_1_460' title='bbox 726 5777 737 5810; x_wconf 91' lang='lat'>:</span> <span class='ocrx_word' id='word_1_461' title='bbox 772 5769 826 5810; x_wconf 90' lang='lat' dir='ltr'><strong>ut</strong></span> <span class='ocrx_word' id='word_1_462' title='bbox 881 5757 924 5809; x_wconf 91' lang='lat' dir='ltr'><strong>si</strong></span> <span class='ocrx_word' id='word_1_463' title='bbox 950 5757 1069 5825; x_wconf 88' lang='lat' dir='ltr'><strong>quis</strong></span> <span class='ocrx_word' id='word_1_464' title='bbox 1098 5771 1247 5811; x_wconf 86' lang='lat' dir='ltr'><strong>reum</strong></span> <span class='ocrx_word' id='word_1_465' title='bbox 1279 5775 1381 5816; x_wconf 86' lang='lat' dir='ltr'><strong>non</strong></span> <span class='ocrx_word' id='word_1_466' title='bbox 1410 5760 1581 5818; x_wconf 87' lang='lat' dir='ltr'><strong>solum</strong></span> <span class='ocrx_word' id='word_1_467' title='bbox 1610 5764 1862 5822; x_wconf 81' lang='lat' dir='ltr'><strong>liberaret</strong></span> 
     </span>
    </p>
   </div>
   <div class='ocr_carea' id='block_1_62' title="bbox 610 5869 1282 5934">
    <p class='ocr_par' dir='ltr' id='par_1_62' title="bbox 610 5869 1282 5934">
     <span class='ocr_line' id='line_1_62' title="bbox 610 5869 1282 5934; baseline 0.001 -1"><span class='ocrx_word' id='word_1_468' title='bbox 610 5871 879 5933; x_wconf 65' lang='lat' dir='ltr'><strong>Parnoc.</strong></span> <span class='ocrx_word' id='word_1_469' title='bbox 924 5871 1040 5933; x_wconf 83' lang='lat' dir='ltr'><strong>Gn.</strong></span> <span class='ocrx_word' id='word_1_470' title='bbox 1099 5869 1282 5934; x_wconf 75' lang='lat' dir='ltr'><strong>LXII.</strong></span> 
     </span>
    </p>
   </div>
   <div class='ocr_carea' id='block_1_63' title="bbox 1963 660 3535 730">
    <p class='ocr_par' dir='ltr' id='par_1_63' title="bbox 1963 660 3535 730">
     <span class='ocr_line' id='line_1_63' title="bbox 1963 660 3535 730; baseline 0.009 -18"><span class='ocrx_word' id='word_1_471' title='bbox 1963 673 1993 712; x_wconf 89' lang='lat' dir='ltr'><strong>a</strong></span> <span class='ocrx_word' id='word_1_472' title='bbox 2021 660 2304 730; x_wconf 88' lang='lat' dir='ltr'><strong>supplicio,</strong></span> <span class='ocrx_word' id='word_1_473' title='bbox 2335 661 2427 718; x_wconf 91' lang='lat' dir='ltr'><strong>sed</strong></span> <span class='ocrx_word' id='word_1_474' title='bbox 2455 663 2616 718; x_wconf 87' lang='lat' dir='ltr'><strong>etiam</strong></span> <span class='ocrx_word' id='word_1_475' title='bbox 2642 664 2708 720; x_wconf 88' lang='lat' dir='ltr'><strong>ad</strong></span> <span class='ocrx_word' id='word_1_476' title='bbox 2741 664 2998 722; x_wconf 83' lang='lat' dir='ltr'><strong>honorem</strong></span> <span class='ocrx_word' id='word_1_477' title='bbox 3048 669 3323 728; x_wconf 89' lang='lat' dir='ltr'><strong>eveheret.</strong></span> <span class='ocrx_word' id='word_1_478' title='bbox 3361 674 3426 730; x_wconf 75' lang='lat' dir='ltr'><strong>Et</strong></span> <span class='ocrx_word' id='word_1_479' title='bbox 3446 690 3535 728; x_wconf 68' lang='lat' dir='ltr'><strong>reo</strong></span> 
     </span>
    </p>
   </div>
   <div class='ocr_carea' id='block_1_64' title="bbox 1964 751 3546 835">
    <p class='ocr_par' dir='ltr' id='par_1_64' title="bbox 1964 751 3546 835">
     <span class='ocr_line' id='line_1_64' title="bbox 1964 751 3546 835; baseline 0.011 -32"><span class='ocrx_word' id='word_1_480' title='bbox 1964 751 2081 804; x_wconf 93' lang='lat' dir='ltr'><strong>tulit</strong></span> <span class='ocrx_word' id='word_1_481' title='bbox 2105 752 2155 805; x_wconf 93' lang='lat' dir='ltr'><strong>in</strong></span> <span class='ocrx_word' id='word_1_482' title='bbox 2184 767 2484 820; x_wconf 89' lang='lat' dir='ltr'><strong>numerum,</strong></span> <span class='ocrx_word' id='word_1_483' title='bbox 2515 770 2620 809; x_wconf 92' lang='lat' dir='ltr'><strong>non</strong></span> <span class='ocrx_word' id='word_1_484' title='bbox 2658 757 2832 811; x_wconf 87' lang='lat' dir='ltr'><strong>solum</strong></span> <span class='ocrx_word' id='word_1_485' title='bbox 2862 773 3046 813; x_wconf 92' lang='lat' dir='ltr'><strong>eorum</strong></span> <span class='ocrx_word' id='word_1_486' title='bbox 3073 762 3164 830; x_wconf 90' lang='lat' dir='ltr'><strong>qui</strong></span> <span class='ocrx_word' id='word_1_487' title='bbox 3191 761 3322 819; x_wconf 86' lang='lat' dir='ltr'><strong>nihil</strong></span> <span class='ocrx_word' id='word_1_488' title='bbox 3352 780 3546 835; x_wconf 84' lang='lat' dir='ltr'><strong>pecca-</strong></span> 
     </span>
    </p>
   </div>
   <div class='ocr_carea' id='block_1_65' title="bbox 1961 841 3538 917">
    <p class='ocr_par' dir='ltr' id='par_1_65' title="bbox 1961 841 3538 917">
     <span class='ocr_line' id='line_1_65' title="bbox 1961 841 3538 917; baseline 0.011 -24"><span class='ocrx_word' id='word_1_489' title='bbox 1961 850 2105 906; x_wconf 90' lang='lat' dir='ltr'><strong>runt,</strong></span> <span class='ocrx_word' id='word_1_490' title='bbox 2129 841 2222 895; x_wconf 90' lang='lat' dir='ltr'><strong>sed</strong></span> <span class='ocrx_word' id='word_1_491' title='bbox 2247 843 2408 895; x_wconf 89' lang='lat' dir='ltr'><strong>etiam</strong></span> <span class='ocrx_word' id='word_1_492' title='bbox 2437 859 2620 898; x_wconf 90' lang='lat' dir='ltr'><strong>eorum</strong></span> <span class='ocrx_word' id='word_1_493' title='bbox 2648 847 2737 914; x_wconf 90' lang='lat' dir='ltr'><strong>qui</strong></span> <span class='ocrx_word' id='word_1_494' title='bbox 2773 862 2861 902; x_wconf 91' lang='lat' dir='ltr'><strong>res</strong></span> <span class='ocrx_word' id='word_1_495' title='bbox 2885 859 3170 917; x_wconf 75' lang='lat' dir='ltr'><strong>gesserunt</strong></span> <span class='ocrx_word' id='word_1_496' title='bbox 3198 855 3458 909; x_wconf 81' lang='lat' dir='ltr'><strong>maximas</strong></span> <span class='ocrx_word' id='word_1_497' title='bbox 3481 864 3538 910; x_wconf 87' lang='lat' dir='ltr'><strong>et</strong></span> 
     </span>
    </p>
   </div>
   <div class='ocr_carea' id='block_1_66' title="bbox 1961 929 3538 1005">
    <p class='ocr_par' dir='ltr' id='par_1_66' title="bbox 1961 929 3538 1005">
     <span class='ocr_line' id='line_1_66' title="bbox 1961 929 3538 1005; baseline 0.011 -23"><span class='ocrx_word' id='word_1_498' title='bbox 1961 929 2401 998; x_wconf 73' lang='lat' dir='ltr'><strong>princlarissimas</strong></span> <span class='ocrx_word' id='word_1_499' title='bbox 2431 949 2444 985; x_wconf 91' lang='lat'><strong>:</strong></span> <span class='ocrx_word' id='word_1_500' title='bbox 2474 942 2528 987; x_wconf 91' lang='lat' dir='ltr'><strong>et</strong></span> <span class='ocrx_word' id='word_1_501' title='bbox 2570 935 2710 1003; x_wconf 90' lang='lat' dir='ltr'><strong>quod</strong></span> <span class='ocrx_word' id='word_1_502' title='bbox 2750 936 2921 1005; x_wconf 90' lang='lat' dir='ltr'><strong>majus</strong></span> <span class='ocrx_word' id='word_1_503' title='bbox 2951 949 3054 1004; x_wconf 92' lang='lat' dir='ltr'><strong>est,</strong></span> <span class='ocrx_word' id='word_1_504' title='bbox 3086 941 3234 997; x_wconf 91' lang='lat' dir='ltr'><strong>dedit</strong></span> <span class='ocrx_word' id='word_1_505' title='bbox 3278 945 3538 999; x_wconf 83' lang='lat' dir='ltr'><strong>sanctita-</strong></span> 
     </span>
    </p>
   </div>
   <div class='ocr_carea' id='block_1_67' title="bbox 1961 1024 3541 1102">
    <p class='ocr_par' dir='ltr' id='par_1_67' title="bbox 1961 1024 3541 1102">
     <span class='ocr_line' id='line_1_67' title="bbox 1961 1024 3541 1102; baseline 0.012 -31"><span class='ocrx_word' id='word_1_506' title='bbox 1961 1026 2066 1072; x_wconf 87' lang='lat' dir='ltr'><strong>tem</strong></span> <span class='ocrx_word' id='word_1_507' title='bbox 2091 1035 2210 1087; x_wconf 73' lang='lat' dir='ltr'><strong>qua:</strong></span> <span class='ocrx_word' id='word_1_508' title='bbox 2239 1029 2321 1075; x_wconf 89' lang='lat' dir='ltr'><strong>est</strong></span> <span class='ocrx_word' id='word_1_509' title='bbox 2347 1035 2526 1076; x_wconf 88' lang='lat' dir='ltr'><strong>coram</strong></span> <span class='ocrx_word' id='word_1_510' title='bbox 2558 1024 2694 1094; x_wconf 92' lang='lat' dir='ltr'><strong>ipso.</strong></span> <span class='ocrx_word' id='word_1_511' title='bbox 2723 1024 2855 1080; x_wconf 89' lang='lat' dir='ltr'><strong>Illud</strong></span> <span class='ocrx_word' id='word_1_512' title='bbox 2896 1038 3098 1097; x_wconf 87' lang='lat' dir='ltr'><strong>autem,</strong></span> <span class='ocrx_word' id='word_1_513' title='bbox 3148 1031 3541 1102; x_wconf 85' lang='lat' dir='ltr'><strong>irreprehensi-</strong></span> 
     </span>
    </p>
   </div>
   <div class='ocr_carea' id='block_1_68' title="bbox 1960 1106 3538 1192">
    <p class='ocr_par' dir='ltr' id='par_1_68' title="bbox 1960 1106 3538 1192">
     <span class='ocr_line' id='line_1_68' title="bbox 1960 1106 3538 1192; baseline 0.011 -31"><span class='ocrx_word' id='word_1_514' title='bbox 1960 1106 2144 1173; x_wconf 88' lang='lat' dir='ltr'><strong>bilem,</strong></span> <span class='ocrx_word' id='word_1_515' title='bbox 2171 1109 2345 1178; x_wconf 87' lang='lat' dir='ltr'><strong>majus</strong></span> <span class='ocrx_word' id='word_1_516' title='bbox 2384 1119 2485 1178; x_wconf 90' lang='lat' dir='ltr'><strong>est,</strong></span> <span class='ocrx_word' id='word_1_517' title='bbox 2532 1128 2692 1182; x_wconf 90' lang='lat' dir='ltr'><strong>quam</strong></span> <span class='ocrx_word' id='word_1_518' title='bbox 2734 1115 3107 1186; x_wconf 89' lang='lat' dir='ltr'><strong>inculpatum:</strong></span> <span class='ocrx_word' id='word_1_519' title='bbox 3150 1120 3538 1192; x_wconf 87' lang='lat' dir='ltr'><strong>irreprehensi-</strong></span> 
     </span>
    </p>
   </div>
   <div class='ocr_carea' id='block_1_69' title="bbox 1959 1197 3540 1277">
    <p class='ocr_par' dir='ltr' id='par_1_69' title="bbox 1959 1197 3540 1277">
     <span class='ocr_line' id='line_1_69' title="bbox 1959 1197 3540 1277; baseline 0.012 -26"><span class='ocrx_word' id='word_1_520' title='bbox 1959 1197 2090 1252; x_wconf 90' lang='lat' dir='ltr'><strong>biles</strong></span> <span class='ocrx_word' id='word_1_521' title='bbox 2118 1199 2258 1254; x_wconf 92' lang='lat' dir='ltr'><strong>enim</strong></span> <span class='ocrx_word' id='word_1_522' title='bbox 2296 1199 2555 1267; x_wconf 89' lang='lat' dir='ltr'><strong>dicimur,</strong></span> <span class='ocrx_word' id='word_1_523' title='bbox 2595 1205 2808 1274; x_wconf 88' lang='lat' dir='ltr'><strong>quando</strong></span> <span class='ocrx_word' id='word_1_524' title='bbox 2851 1222 2952 1262; x_wconf 89' lang='lat' dir='ltr'><strong>nec</strong></span> <span class='ocrx_word' id='word_1_525' title='bbox 2991 1209 3406 1277; x_wconf 88' lang='lat' dir='ltr'><strong>reprehensione</strong></span> <span class='ocrx_word' id='word_1_526' title='bbox 3438 1229 3540 1270; x_wconf 75' lang='lat' dir='ltr'><strong>neu</strong></span> 
     </span>
    </p>
   </div>
   <div class='ocr_carea' id='block_1_70' title="bbox 1956 1290 3539 1373">
    <p class='ocr_par' dir='ltr' id='par_1_70' title="bbox 1956 1290 3539 1373">
     <span class='ocr_line' id='line_1_70' title="bbox 1956 1290 3539 1373; baseline 0.012 -30"><span class='ocrx_word' id='word_1_527' title='bbox 1956 1290 2332 1347; x_wconf 89' lang='lat' dir='ltr'><strong>criminatione</strong></span> <span class='ocrx_word' id='word_1_528' title='bbox 2357 1293 2576 1364; x_wconf 78' lang='lat' dir='ltr'><strong>dignum</strong></span> <span class='ocrx_word' id='word_1_529' title='bbox 2616 1297 2742 1366; x_wconf 91' lang='lat' dir='ltr'><strong>quid</strong></span> <span class='ocrx_word' id='word_1_530' title='bbox 2769 1299 3010 1354; x_wconf 81' lang='lat' dir='ltr'><strong>fecimus.</strong></span> <span class='ocrx_word' id='word_1_531' title='bbox 3038 1301 3142 1356; x_wconf 89' lang='lat' dir='ltr'><strong>Sed</strong></span> <span class='ocrx_word' id='word_1_532' title='bbox 3166 1305 3416 1373; x_wconf 90' lang='lat' dir='ltr'><strong>quoniam</strong></span> <span class='ocrx_word' id='word_1_533' title='bbox 3451 1317 3539 1361; x_wconf 77' lang='lat' dir='ltr'><strong>to-</strong></span> 
     </span>
    </p>
   </div>
   <div class='ocr_carea' id='block_1_71' title="bbox 1957 1383 3539 1468">
    <p class='ocr_par' dir='ltr' id='par_1_71' title="bbox 1957 1383 3539 1468">
     <span class='ocr_line' id='line_1_71' title="bbox 1957 1383 3539 1468; baseline 0.013 -34"><span class='ocrx_word' id='word_1_534' title='bbox 1957 1389 2067 1435; x_wconf 93' lang='lat' dir='ltr'><strong>tum</strong></span> <span class='ocrx_word' id='word_1_535' title='bbox 2094 1383 2143 1437; x_wconf 89' lang='lat' dir='ltr'><strong>ei</strong></span> <span class='ocrx_word' id='word_1_536' title='bbox 2168 1385 2430 1453; x_wconf 89' lang='lat' dir='ltr'><strong>attribuit,</strong></span> <span class='ocrx_word' id='word_1_537' title='bbox 2463 1387 2668 1454; x_wconf 88' lang='lat' dir='ltr'><strong>dicens,</strong></span> <span class='ocrx_word' id='word_1_538' title='bbox 2697 1390 2836 1459; x_wconf 92' lang='lat' dir='ltr'><strong>quod</strong></span> <span class='ocrx_word' id='word_1_539' title='bbox 2870 1407 2966 1460; x_wconf 89' lang='lat' dir='ltr'><strong>per</strong></span> <span class='ocrx_word' id='word_1_540' title='bbox 3005 1402 3233 1449; x_wconf 88' lang='lat' dir='ltr'><strong>mortem</strong></span> <span class='ocrx_word' id='word_1_541' title='bbox 3265 1396 3381 1453; x_wconf 68' lang='lat' dir='ltr'><strong>haec</strong></span> <span class='ocrx_word' id='word_1_542' title='bbox 3415 1415 3539 1468; x_wconf 74' lang='lat' dir='ltr'><strong>ges-</strong></span> 
     </span>
    </p>
   </div>
   <div class='ocr_carea' id='block_1_72' title="bbox 1955 1475 3538 1558">
    <p class='ocr_par' dir='ltr' id='par_1_72' title="bbox 1955 1475 3538 1558">
     <span class='ocr_line' id='line_1_72' title="bbox 1955 1475 3538 1558; baseline 0.009 -28"><span class='ocrx_word' id='word_1_543' title='bbox 1955 1475 2109 1541; x_wconf 85' lang='lat' dir='ltr'><strong>serit,</strong></span> <span class='ocrx_word' id='word_1_544' title='bbox 2138 1491 2203 1530; x_wconf 92' lang='lat' dir='ltr'><strong>ne</strong></span> <span class='ocrx_word' id='word_1_545' title='bbox 2225 1477 2344 1546; x_wconf 91' lang='lat' dir='ltr'><strong>quis</strong></span> <span class='ocrx_word' id='word_1_546' title='bbox 2372 1477 2532 1542; x_wconf 88' lang='lat' dir='ltr'><strong>dicat,</strong></span> <span class='ocrx_word' id='word_1_547' title='bbox 2566 1479 2716 1534; x_wconf 85' lang='lat' dir='ltr'><strong>Nulla</strong></span> <span class='ocrx_word' id='word_1_548' title='bbox 2745 1497 2873 1552; x_wconf 83' lang='lat' dir='ltr'><strong>ergo</strong></span> <span class='ocrx_word' id='word_1_549' title='bbox 2899 1498 2958 1536; x_wconf 85' lang='lat' dir='ltr'><strong>re</strong></span> <span class='ocrx_word' id='word_1_550' title='bbox 2984 1499 3223 1552; x_wconf 78' lang='lat' dir='ltr'><strong>egemus,</strong></span> <span class='ocrx_word' id='word_1_551' title='bbox 3253 1497 3538 1558; x_wconf 82' lang='lat' dir='ltr'><strong>propterea</strong></span> 
     </span>
    </p>
   </div>
   <div class='ocr_carea' id='block_1_73' title="bbox 1955 1564 3540 1646">
    <p class='ocr_par' dir='ltr' id='par_1_73' title="bbox 1955 1564 3540 1646">
     <span class='ocr_line' id='line_1_73' title="bbox 1955 1564 3540 1646; baseline 0.008 -28"><span class='ocrx_word' id='word_1_552' title='bbox 1955 1564 2229 1633; x_wconf 80' lang='lat' dir='ltr'><strong>subjunxit</strong></span> <span class='ocrx_word' id='word_1_553' title='bbox 2259 1583 2271 1619; x_wconf 91' lang='lat'><strong>:</strong></span> <span class='ocrx_word' id='word_1_554' title='bbox 2305 1567 2394 1622; x_wconf 76' lang='grc'><strong>25.</strong></span> <span class='ocrx_word' id='word_1_555' title='bbox 2426 1566 2485 1622; x_wconf 89' lang='lat' dir='ltr'><strong>Si</strong></span> <span class='ocrx_word' id='word_1_556' title='bbox 2514 1576 2679 1622; x_wconf 83' lang='lat' dir='ltr'><strong>tamen</strong></span> <span class='ocrx_word' id='word_1_557' title='bbox 2709 1573 3013 1640; x_wconf 82' lang='lat' dir='ltr'><strong>permanetis</strong></span> <span class='ocrx_word' id='word_1_558' title='bbox 3038 1574 3090 1627; x_wconf 88' lang='lat' dir='ltr'><strong>in</strong></span> <span class='ocrx_word' id='word_1_559' title='bbox 3119 1575 3221 1642; x_wconf 83' lang='lat' dir='ltr'><strong>fide</strong></span> <span class='ocrx_word' id='word_1_560' title='bbox 3246 1576 3466 1646; x_wconf 79' lang='lat' dir='ltr'><strong>fundati,</strong></span> <span class='ocrx_word' id='word_1_561' title='bbox 3493 1589 3540 1634; x_wconf 85' lang='lat' dir='ltr'><strong>et</strong></span> 
     </span>
    </p>
   </div>
   <div class='ocr_carea' id='block_1_74' title="bbox 1953 1657 3536 1735">
    <p class='ocr_par' dir='ltr' id='par_1_74' title="bbox 1953 1657 3536 1735">
     <span class='ocr_line' id='line_1_74' title="bbox 1953 1657 3536 1735; baseline 0.011 -27"><span class='ocrx_word' id='word_1_562' title='bbox 1953 1657 2176 1723; x_wconf 80' lang='lat' dir='ltr'><strong>stabiles,</strong></span> <span class='ocrx_word' id='word_1_563' title='bbox 2201 1669 2247 1713; x_wconf 94' lang='lat' dir='ltr'><strong><em>et</em></strong></span> <span class='ocrx_word' id='word_1_564' title='bbox 2276 1660 2551 1715; x_wconf 84' lang='lat' dir='ltr'><strong>immobiles</strong></span> <span class='ocrx_word' id='word_1_565' title='bbox 2568 1679 2599 1715; x_wconf 91' lang='lat' dir='ltr'><strong>a</strong></span> <span class='ocrx_word' id='word_1_566' title='bbox 2621 1679 2709 1730; x_wconf 85' lang='lat' dir='ltr'><strong>spe</strong></span> <span class='ocrx_word' id='word_1_567' title='bbox 2727 1667 2993 1735; x_wconf 81' lang='lat' dir='ltr'><strong>evangelii.</strong></span> <span class='ocrx_word' id='word_1_568' title='bbox 3017 1667 3212 1724; x_wconf 87' lang='lat' dir='ltr'><strong>Eorum</strong></span> <span class='ocrx_word' id='word_1_569' title='bbox 3235 1672 3536 1726; x_wconf 88' lang='lat' dir='ltr'><strong>socordiam</strong></span> 
     </span>
    </p>
   </div>
   <div class='ocr_carea' id='block_1_75' title="bbox 1955 1744 3538 1830">
    <p class='ocr_par' dir='ltr' id='par_1_75' title="bbox 1955 1744 3538 1830">
     <span class='ocr_line' id='line_1_75' title="bbox 1955 1744 3538 1830; baseline 0.009 -31"><span class='ocrx_word' id='word_1_570' title='bbox 1955 1744 2041 1800; x_wconf 79' lang='lat' dir='ltr'><strong>hic</strong></span> <span class='ocrx_word' id='word_1_571' title='bbox 2070 1749 2418 1820; x_wconf 77' lang='lat' dir='ltr'><strong>perstringit:</strong></span> <span class='ocrx_word' id='word_1_572' title='bbox 2449 1761 2504 1807; x_wconf 93' lang='lat' dir='ltr'><strong>et</strong></span> <span class='ocrx_word' id='word_1_573' title='bbox 2529 1768 2634 1806; x_wconf 91' lang='lat' dir='ltr'><strong>non</strong></span> <span class='ocrx_word' id='word_1_574' title='bbox 2667 1754 2840 1808; x_wconf 91' lang='lat' dir='ltr'><strong>solum</strong></span> <span class='ocrx_word' id='word_1_575' title='bbox 2869 1756 3022 1823; x_wconf 84' lang='lat' dir='ltr'><strong>dixit,</strong></span> <span class='ocrx_word' id='word_1_576' title='bbox 3061 1757 3375 1815; x_wconf 86' lang='lat' dir='ltr'><strong>Permanetis</strong></span> <span class='ocrx_word' id='word_1_577' title='bbox 3397 1777 3416 1815; x_wconf 93' lang='lat'><strong><em>:</em></strong></span> <span class='ocrx_word' id='word_1_578' title='bbox 3445 1777 3538 1830; x_wconf 88' lang='lat' dir='ltr'><strong>po-</strong></span> 
     </span>
    </p>
   </div>
   <div class='ocr_carea' id='block_1_76' title="bbox 1954 1840 3534 1913">
    <p class='ocr_par' dir='ltr' id='par_1_76' title="bbox 1954 1840 3534 1913">
     <span class='ocr_line' id='line_1_76' title="bbox 1954 1840 3534 1913; baseline 0.009 -23"><span class='ocrx_word' id='word_1_579' title='bbox 1954 1844 2059 1892; x_wconf 92' lang='lat' dir='ltr'><strong>test</strong></span> <span class='ocrx_word' id='word_1_580' title='bbox 2108 1840 2248 1892; x_wconf 91' lang='lat' dir='ltr'><strong>enim</strong></span> <span class='ocrx_word' id='word_1_581' title='bbox 2297 1854 2412 1896; x_wconf 90' lang='lat' dir='ltr'><strong>esse</strong></span> <span class='ocrx_word' id='word_1_582' title='bbox 2452 1850 2509 1896; x_wconf 91' lang='lat' dir='ltr'><strong>ut</strong></span> <span class='ocrx_word' id='word_1_583' title='bbox 2545 1855 2855 1913; x_wconf 82' lang='lat' dir='ltr'><strong>permath</strong></span> <span class='ocrx_word' id='word_1_584' title='bbox 2905 1846 3092 1901; x_wconf 88' lang='lat' dir='ltr'><strong>labans</strong></span> <span class='ocrx_word' id='word_1_585' title='bbox 3123 1856 3176 1902; x_wconf 92' lang='lat' dir='ltr'><strong>et</strong></span> <span class='ocrx_word' id='word_1_586' title='bbox 3218 1849 3534 1907; x_wconf 86' lang='lat' dir='ltr'><strong>seditionem</strong></span> 
     </span>
    </p>
   </div>
   <div class='ocr_carea' id='block_1_77' title="bbox 1949 1926 3535 2000">
    <p class='ocr_par' dir='ltr' id='par_1_77' title="bbox 1949 1926 3535 2000">
     <span class='ocr_line' id='line_1_77' title="bbox 1949 1926 3535 2000; baseline 0.011 -21"><span class='ocrx_word' id='word_1_587' title='bbox 1949 1926 2199 1998; x_wconf 77' lang='lat' dir='ltr'><strong>agitans;</strong></span> <span class='ocrx_word' id='word_1_588' title='bbox 2231 1938 2406 2000; x_wconf 91' lang='lat' dir='ltr'><strong>potest</strong></span> <span class='ocrx_word' id='word_1_589' title='bbox 2433 1933 2593 1987; x_wconf 89' lang='lat' dir='ltr'><strong>etiam</strong></span> <span class='ocrx_word' id='word_1_590' title='bbox 2618 1950 2738 1990; x_wconf 92' lang='lat' dir='ltr'><strong>esse</strong></span> <span class='ocrx_word' id='word_1_591' title='bbox 2770 1946 2824 1989; x_wconf 94' lang='lat' dir='ltr'><strong>ut</strong></span> <span class='ocrx_word' id='word_1_592' title='bbox 2853 1947 2958 1991; x_wconf 93' lang='lat' dir='ltr'><strong>stet</strong></span> <span class='ocrx_word' id='word_1_593' title='bbox 2986 1947 3040 1992; x_wconf 91' lang='lat' dir='ltr'><strong>et</strong></span> <span class='ocrx_word' id='word_1_594' title='bbox 3061 1949 3274 1994; x_wconf 90' lang='lat' dir='ltr'><strong>maneat</strong></span> <span class='ocrx_word' id='word_1_595' title='bbox 3306 1942 3535 1996; x_wconf 91' lang='lat' dir='ltr'><strong>circum-</strong></span> 
     </span>
    </p>
   </div>
   <div class='ocr_carea' id='block_1_78' title="bbox 1949 2020 3534 2099">
    <p class='ocr_par' dir='ltr' id='par_1_78' title="bbox 1949 2020 3534 2099">
     <span class='ocr_line' id='line_1_78' title="bbox 1949 2020 3534 2099; baseline 0.01 -28"><span class='ocrx_word' id='word_1_596' title='bbox 1949 2027 2100 2074; x_wconf 81' lang='lat' dir='ltr'><strong>actus</strong></span> <span class='ocrx_word' id='word_1_597' title='bbox 2132 2039 2144 2073; x_wconf 90' lang='lat'>:</span> <span class='ocrx_word' id='word_1_598' title='bbox 2181 2020 2243 2075; x_wconf 88' lang='lat' dir='ltr'><strong>Si</strong></span> <span class='ocrx_word' id='word_1_599' title='bbox 2270 2031 2435 2077; x_wconf 87' lang='lat' dir='ltr'><strong>tamen</strong></span> <span class='ocrx_word' id='word_1_600' title='bbox 2482 2028 2806 2094; x_wconf 86' lang='lat' dir='ltr'><strong>permanetis,</strong></span> <span class='ocrx_word' id='word_1_601' title='bbox 2849 2029 3036 2099; x_wconf 87' lang='lat' dir='ltr'><strong>inquit,</strong></span> <span class='ocrx_word' id='word_1_602' title='bbox 3092 2030 3294 2099; x_wconf 78' lang='lat' dir='ltr'><strong>fundati</strong></span> <span class='ocrx_word' id='word_1_603' title='bbox 3338 2042 3386 2086; x_wconf 88' lang='lat' dir='ltr'><strong><em>et</em></strong></span> <span class='ocrx_word' id='word_1_604' title='bbox 3426 2043 3534 2087; x_wconf 84' lang='lat' dir='ltr'><strong>sta-</strong></span> 
     </span>
    </p>
   </div>
   <div class='ocr_carea' id='block_1_79' title="bbox 1953 2109 3532 2192">
    <p class='ocr_par' dir='ltr' id='par_1_79' title="bbox 1953 2109 3532 2192">
     <span class='ocr_line' id='line_1_79' title="bbox 1953 2109 3532 2192; baseline 0.01 -30"><span class='ocrx_word' id='word_1_605' title='bbox 1953 2109 2094 2177; x_wconf 85' lang='lat' dir='ltr'><strong>biles,</strong></span> <span class='ocrx_word' id='word_1_606' title='bbox 2125 2121 2170 2164; x_wconf 91' lang='lat' dir='ltr'><strong>et</strong></span> <span class='ocrx_word' id='word_1_607' title='bbox 2193 2112 2488 2168; x_wconf 81' lang='lat' dir='ltr'><strong>immobiles.</strong></span> <span class='ocrx_word' id='word_1_608' title='bbox 2519 2115 2705 2185; x_wconf 66' lang='lat' dir='ltr'><strong>Papm!</strong></span> <span class='ocrx_word' id='word_1_609' title='bbox 2739 2126 2934 2186; x_wconf 89' lang='lat' dir='ltr'><strong>quanta</strong></span> <span class='ocrx_word' id='word_1_610' title='bbox 2959 2133 3084 2172; x_wconf 91' lang='lat' dir='ltr'><strong>usus</strong></span> <span class='ocrx_word' id='word_1_611' title='bbox 3113 2130 3196 2174; x_wconf 90' lang='lat' dir='ltr'><strong>est</strong></span> <span class='ocrx_word' id='word_1_612' title='bbox 3221 2121 3532 2192; x_wconf 84' lang='lat' dir='ltr'><strong>metaphora</strong></span> 
     </span>
    </p>
   </div>
   <div class='ocr_carea' id='block_1_80' title="bbox 1950 2204 3530 2281">
    <p class='ocr_par' dir='ltr' id='par_1_80' title="bbox 1950 2204 3530 2281">
     <span class='ocr_line' id='line_1_80' title="bbox 1950 2204 3530 2281; baseline 0.011 -28"><span class='ocrx_word' id='word_1_613' title='bbox 1950 2215 2013 2254; x_wconf 91' lang='lat' dir='ltr'><strong>ac</strong></span> <span class='ocrx_word' id='word_1_614' title='bbox 2042 2204 2421 2262; x_wconf 86' lang='lat' dir='ltr'><strong>translatione!</strong></span> <span class='ocrx_word' id='word_1_615' title='bbox 2463 2207 2577 2261; x_wconf 88' lang='lat' dir='ltr'><strong>Non</strong></span> <span class='ocrx_word' id='word_1_616' title='bbox 2624 2209 2820 2276; x_wconf 91' lang='lat' dir='ltr'><strong>solum,</strong></span> <span class='ocrx_word' id='word_1_617' title='bbox 2869 2210 3077 2281; x_wconf 89' lang='lat' dir='ltr'><strong>inquit,</strong></span> <span class='ocrx_word' id='word_1_618' title='bbox 3120 2229 3225 2269; x_wconf 91' lang='lat' dir='ltr'><strong>non</strong></span> <span class='ocrx_word' id='word_1_619' title='bbox 3269 2215 3530 2278; x_wconf 89' lang='lat' dir='ltr'><strong>labantes.</strong></span> 
     </span>
    </p>
   </div>
   <div class='ocr_carea' id='block_1_81' title="bbox 1951 2291 3535 2376">
    <p class='ocr_par' dir='ltr' id='par_1_81' title="bbox 1951 2291 3535 2376">
     <span class='ocr_line' id='line_1_81' title="bbox 1951 2291 3535 2376; baseline 0.009 -31"><span class='ocrx_word' id='word_1_620' title='bbox 1951 2291 2044 2346; x_wconf 86' lang='lat' dir='ltr'><strong>sed</strong></span> <span class='ocrx_word' id='word_1_621' title='bbox 2073 2309 2140 2349; x_wconf 92' lang='lat' dir='ltr'><strong>ne</strong></span> <span class='ocrx_word' id='word_1_622' title='bbox 2163 2296 2289 2349; x_wconf 87' lang='lat' dir='ltr'><strong>moti</strong></span> <span class='ocrx_word' id='word_1_623' title='bbox 2318 2297 2553 2366; x_wconf 87' lang='lat' dir='ltr'><strong>quidem.</strong></span> <span class='ocrx_word' id='word_1_624' title='bbox 2579 2298 2712 2354; x_wconf 84' lang='lat' dir='ltr'><strong>Vide</strong></span> <span class='ocrx_word' id='word_1_625' title='bbox 2736 2311 2914 2355; x_wconf 90' lang='lat' dir='ltr'><strong>autem</strong></span> <span class='ocrx_word' id='word_1_626' title='bbox 2938 2317 2952 2367; x_wconf 93' lang='lat'><strong>;</strong></span> <span class='ocrx_word' id='word_1_627' title='bbox 2985 2302 3116 2356; x_wconf 91' lang='lat' dir='ltr'><strong>nihil</strong></span> <span class='ocrx_word' id='word_1_628' title='bbox 3145 2305 3354 2359; x_wconf 91' lang='lat' dir='ltr'><strong>interim</strong></span> <span class='ocrx_word' id='word_1_629' title='bbox 3387 2311 3535 2376; x_wconf 87' lang='lat' dir='ltr'><strong>ponit</strong></span> 
     </span>
    </p>
   </div>
   <div class='ocr_carea' id='block_1_82' title="bbox 1951 2386 3530 2459">
    <p class='ocr_par' dir='ltr' id='par_1_82' title="bbox 1951 2386 3530 2459">
     <span class='ocr_line' id='line_1_82' title="bbox 1951 2386 3530 2459; baseline 0.011 -24"><span class='ocrx_word' id='word_1_630' title='bbox 1951 2397 2114 2450; x_wconf 79' lang='lat' dir='ltr'><strong>grave</strong></span> <span class='ocrx_word' id='word_1_631' title='bbox 2144 2400 2240 2438; x_wconf 90' lang='lat' dir='ltr'><strong>nec</strong></span> <span class='ocrx_word' id='word_1_632' title='bbox 2269 2386 2616 2454; x_wconf 84' lang='lat' dir='ltr'><strong>laboriosum,</strong></span> <span class='ocrx_word' id='word_1_633' title='bbox 2660 2389 2754 2444; x_wconf 92' lang='lat' dir='ltr'><strong>sed</strong></span> <span class='ocrx_word' id='word_1_634' title='bbox 2787 2391 2943 2445; x_wconf 84' lang='lat' dir='ltr'><strong>iidem</strong></span> <span class='ocrx_word' id='word_1_635' title='bbox 2974 2401 3234 2459; x_wconf 80' lang='lat' dir='ltr'><strong>et-spem.</strong></span> <span class='ocrx_word' id='word_1_636' title='bbox 3279 2395 3390 2452; x_wconf 90' lang='lat' dir='ltr'><strong>lloc</strong></span> <span class='ocrx_word' id='word_1_637' title='bbox 3427 2409 3530 2459; x_wconf 87' lang='lat' dir='ltr'><strong>est.</strong></span> 
     </span>
    </p>
   </div>
   <div class='ocr_carea' id='block_1_83' title="bbox 1950 2470 3532 2552">
    <p class='ocr_par' dir='ltr' id='par_1_83' title="bbox 1950 2470 3532 2552">
     <span class='ocr_line' id='line_1_83' title="bbox 1950 2470 3532 2552; baseline 0.008 -26"><span class='ocrx_word' id='word_1_638' title='bbox 1950 2470 2006 2526; x_wconf 91' lang='lat' dir='ltr'><strong>Si</strong></span> <span class='ocrx_word' id='word_1_639' title='bbox 2055 2476 2313 2528; x_wconf 91' lang='lat' dir='ltr'><strong>maneatis</strong></span> <span class='ocrx_word' id='word_1_640' title='bbox 2352 2476 2635 2532; x_wconf 90' lang='lat' dir='ltr'><strong>credentes</strong></span> <span class='ocrx_word' id='word_1_641' title='bbox 2688 2480 2831 2550; x_wconf 91' lang='lat' dir='ltr'><strong>quod</strong></span> <span class='ocrx_word' id='word_1_642' title='bbox 2872 2496 2997 2535; x_wconf 87' lang='lat' dir='ltr'><strong>vera</strong></span> <span class='ocrx_word' id='word_1_643' title='bbox 3028 2483 3098 2536; x_wconf 93' lang='lat' dir='ltr'><strong>sit</strong></span> <span class='ocrx_word' id='word_1_644' title='bbox 3143 2499 3266 2552; x_wconf 89' lang='lat' dir='ltr'><strong>spes</strong></span> <span class='ocrx_word' id='word_1_645' title='bbox 3311 2483 3532 2540; x_wconf 79' lang='lat' dir='ltr'><strong>futuro—</strong></span> 
     </span>
    </p>
   </div>
   <div class='ocr_carea' id='block_1_84' title="bbox 1951 2565 3531 2641">
    <p class='ocr_par' dir='ltr' id='par_1_84' title="bbox 1951 2565 3531 2641">
     <span class='ocr_line' id='line_1_84' title="bbox 1951 2565 3531 2641; baseline 0.009 -24"><span class='ocrx_word' id='word_1_646' title='bbox 1951 2579 2090 2618; x_wconf 88' lang='lat' dir='ltr'><strong>rum.</strong></span> <span class='ocrx_word' id='word_1_647' title='bbox 2123 2565 2250 2620; x_wconf 86' lang='lat' dir='ltr'><strong>Nam</strong></span> <span class='ocrx_word' id='word_1_648' title='bbox 2280 2567 2365 2623; x_wconf 92' lang='lat' dir='ltr'><strong>hic</strong></span> <span class='ocrx_word' id='word_1_649' title='bbox 2394 2569 2609 2639; x_wconf 90' lang='lat' dir='ltr'><strong>quidem</strong></span> <span class='ocrx_word' id='word_1_650' title='bbox 2639 2581 2813 2641; x_wconf 91' lang='lat' dir='ltr'><strong>potest</strong></span> <span class='ocrx_word' id='word_1_651' title='bbox 2854 2572 2996 2638; x_wconf 84' lang='lat' dir='ltr'><strong>ﬁeri;</strong></span> <span class='ocrx_word' id='word_1_652' title='bbox 3031 2575 3082 2629; x_wconf 91' lang='lat' dir='ltr'><strong>in</strong></span> <span class='ocrx_word' id='word_1_653' title='bbox 3126 2577 3319 2632; x_wconf 91' lang='lat' dir='ltr'><strong>virtute</strong></span> <span class='ocrx_word' id='word_1_654' title='bbox 3353 2588 3531 2634; x_wconf 82' lang='lat' dir='ltr'><strong>autem</strong></span> 
     </span>
    </p>
   </div>
   <div class='ocr_carea' id='block_1_85' title="bbox 1952 2659 3530 2734">
    <p class='ocr_par' dir='ltr' id='par_1_85' title="bbox 1952 2659 3530 2734">
     <span class='ocr_line' id='line_1_85' title="bbox 1952 2659 3530 2734; baseline 0.009 -24"><span class='ocrx_word' id='word_1_655' title='bbox 1952 2672 2058 2711; x_wconf 90' lang='lat' dir='ltr'><strong>non</strong></span> <span class='ocrx_word' id='word_1_656' title='bbox 2082 2659 2204 2713; x_wconf 91' lang='lat' dir='ltr'><strong>licet</strong></span> <span class='ocrx_word' id='word_1_657' title='bbox 2237 2675 2304 2716; x_wconf 91' lang='lat' dir='ltr'><strong>ne</strong></span> <span class='ocrx_word' id='word_1_658' title='bbox 2341 2663 2426 2717; x_wconf 86' lang='lat' dir='ltr'><strong>vel</strong></span> <span class='ocrx_word' id='word_1_659' title='bbox 2453 2679 2637 2732; x_wconf 88' lang='lat' dir='ltr'><strong>parum</strong></span> <span class='ocrx_word' id='word_1_660' title='bbox 2669 2665 2880 2734; x_wconf 90' lang='lat' dir='ltr'><strong>quidem</strong></span> <span class='ocrx_word' id='word_1_661' title='bbox 2907 2669 3230 2722; x_wconf 78' lang='lat' dir='ltr'><strong>commoveri</strong></span> <span class='ocrx_word' id='word_1_662' title='bbox 3262 2686 3273 2720; x_wconf 90' lang='lat'>:</span> <span class='ocrx_word' id='word_1_663' title='bbox 3309 2670 3378 2725; x_wconf 86' lang='lat' dir='ltr'><strong>ita</strong></span> <span class='ocrx_word' id='word_1_664' title='bbox 3425 2687 3530 2724; x_wconf 87' lang='lat' dir='ltr'><strong>non</strong></span> 
     </span>
    </p>
   </div>
   <div class='ocr_carea' id='block_1_86' title="bbox 1951 2752 3530 2828">
    <p class='ocr_par' dir='ltr' id='par_1_86' title="bbox 1951 2752 3530 2828">
     <span class='ocr_line' id='line_1_86' title="bbox 1951 2752 3530 2828; baseline 0.006 -26"><span class='ocrx_word' id='word_1_665' title='bbox 1951 2759 2034 2803; x_wconf 90' lang='lat' dir='ltr'><strong>est</strong></span> <span class='ocrx_word' id='word_1_666' title='bbox 2067 2767 2244 2819; x_wconf 79' lang='lat' dir='ltr'><strong>grave.</strong></span> <span class='ocrx_word' id='word_1_667' title='bbox 2273 2752 2316 2804; x_wconf 83' lang='lat' dir='ltr'><strong><em>A</em></strong></span> <span class='ocrx_word' id='word_1_668' title='bbox 2341 2769 2448 2824; x_wconf 92' lang='lat' dir='ltr'><strong>spe,</strong></span> <span class='ocrx_word' id='word_1_669' title='bbox 2480 2755 2668 2822; x_wconf 89' lang='lat' dir='ltr'><strong>inquit,</strong></span> <span class='ocrx_word' id='word_1_670' title='bbox 2690 2757 2954 2826; x_wconf 75' lang='lat' dir='ltr'><strong>euangelii,</strong></span> <span class='ocrx_word' id='word_1_671' title='bbox 2977 2758 3110 2824; x_wconf 88' lang='lat' dir='ltr'><strong>quod</strong></span> <span class='ocrx_word' id='word_1_672' title='bbox 3134 2758 3365 2822; x_wconf 82' lang='lat' dir='ltr'><strong>audistis,</strong></span> <span class='ocrx_word' id='word_1_673' title='bbox 3396 2762 3530 2828; x_wconf 83' lang='lat' dir='ltr'><strong>quod</strong></span> 
     </span>
    </p>
   </div>
   <div class='ocr_carea' id='block_1_87' title="bbox 1952 2840 3530 2919">
    <p class='ocr_par' dir='ltr' id='par_1_87' title="bbox 1952 2840 3530 2919">
     <span class='ocr_line' id='line_1_87' title="bbox 1952 2840 3530 2919; baseline 0.009 -27"><span class='ocrx_word' id='word_1_674' title='bbox 1952 2840 2284 2909; x_wconf 70' lang='lat' dir='ltr'><strong>prardicatum</strong></span> <span class='ocrx_word' id='word_1_675' title='bbox 2312 2855 2386 2898; x_wconf 93' lang='lat' dir='ltr'><strong>est</strong></span> <span class='ocrx_word' id='word_1_676' title='bbox 2412 2846 2463 2897; x_wconf 85' lang='lat' dir='ltr'><strong>in</strong></span> <span class='ocrx_word' id='word_1_677' title='bbox 2488 2848 2721 2898; x_wconf 82' lang='lat' dir='ltr'><strong>uniuersa</strong></span> <span class='ocrx_word' id='word_1_678' title='bbox 2745 2858 2977 2902; x_wconf 84' lang='lat' dir='ltr'><strong>creatura</strong></span> <span class='ocrx_word' id='word_1_679' title='bbox 3017 2865 3129 2919; x_wconf 68' lang='lat' dir='ltr'><strong>qua</strong></span> <span class='ocrx_word' id='word_1_680' title='bbox 3157 2851 3247 2904; x_wconf 89' lang='lat' dir='ltr'><strong>sub</strong></span> <span class='ocrx_word' id='word_1_681' title='bbox 3285 2851 3408 2906; x_wconf 79' lang='lat' dir='ltr'><strong>ctelo</strong></span> <span class='ocrx_word' id='word_1_682' title='bbox 3435 2865 3530 2906; x_wconf 84' lang='lat' dir='ltr'><strong>est.</strong></span> 
     </span>
    </p>
   </div>
   <div class='ocr_carea' id='block_1_88' title="bbox 1951 2930 3529 3011">
    <p class='ocr_par' dir='ltr' id='par_1_88' title="bbox 1951 2930 3529 3011">
     <span class='ocr_line' id='line_1_88' title="bbox 1951 2930 3529 3011; baseline 0.006 -26"><span class='ocrx_word' id='word_1_683' title='bbox 1951 2930 2206 2997; x_wconf 62' lang='lat' dir='ltr'><strong>Quaenam</strong></span> <span class='ocrx_word' id='word_1_684' title='bbox 2238 2944 2319 2988; x_wconf 91' lang='lat' dir='ltr'><strong>est</strong></span> <span class='ocrx_word' id='word_1_685' title='bbox 2345 2943 2524 2990; x_wconf 88' lang='lat' dir='ltr'><strong>autem</strong></span> <span class='ocrx_word' id='word_1_686' title='bbox 2553 2937 2656 2991; x_wconf 89' lang='lat' dir='ltr'><strong>alia</strong></span> <span class='ocrx_word' id='word_1_687' title='bbox 2704 2951 2829 3008; x_wconf 88' lang='lat' dir='ltr'><strong>spes</strong></span> <span class='ocrx_word' id='word_1_688' title='bbox 2867 2941 3150 3008; x_wconf 81' lang='lat' dir='ltr'><strong>evangelii,</strong></span> <span class='ocrx_word' id='word_1_689' title='bbox 3182 2957 3340 3011; x_wconf 91' lang='lat' dir='ltr'><strong>quam</strong></span> <span class='ocrx_word' id='word_1_690' title='bbox 3379 2943 3529 2998; x_wconf 82' lang='lat' dir='ltr'><strong>Chri-</strong></span> 
     </span>
    </p>
   </div>
   <div class='ocr_carea' id='block_1_89' title="bbox 1950 3022 3530 3101">
    <p class='ocr_par' dir='ltr' id='par_1_89' title="bbox 1950 3022 3530 3101">
     <span class='ocr_line' id='line_1_89' title="bbox 1950 3022 3530 3101; baseline 0.007 -26"><span class='ocrx_word' id='word_1_691' title='bbox 1950 3023 2108 3076; x_wconf 89' lang='lat' dir='ltr'><strong>stus?</strong></span> <span class='ocrx_word' id='word_1_692' title='bbox 2139 3022 2250 3092; x_wconf 88' lang='lat' dir='ltr'><strong>ipse</strong></span> <span class='ocrx_word' id='word_1_693' title='bbox 2276 3026 2419 3080; x_wconf 92' lang='lat' dir='ltr'><strong>enim</strong></span> <span class='ocrx_word' id='word_1_694' title='bbox 2451 3034 2532 3082; x_wconf 92' lang='lat' dir='ltr'><strong>est</strong></span> <span class='ocrx_word' id='word_1_695' title='bbox 2570 3041 2696 3096; x_wconf 90' lang='lat' dir='ltr'><strong>spes</strong></span> <span class='ocrx_word' id='word_1_696' title='bbox 2736 3039 2942 3096; x_wconf 91' lang='lat' dir='ltr'><strong>nostra,</strong></span> <span class='ocrx_word' id='word_1_697' title='bbox 2988 3040 3042 3086; x_wconf 90' lang='lat' dir='ltr'><strong>et</strong></span> <span class='ocrx_word' id='word_1_698' title='bbox 3070 3032 3160 3101; x_wconf 92' lang='lat' dir='ltr'><strong>qui</strong></span> <span class='ocrx_word' id='word_1_699' title='bbox 3202 3032 3314 3086; x_wconf 67' lang='lat' dir='ltr'><strong>haec</strong></span> <span class='ocrx_word' id='word_1_700' title='bbox 3353 3040 3530 3088; x_wconf 87' lang='lat' dir='ltr'><strong>omnia</strong></span> 
     </span>
    </p>
   </div>
   <div class='ocr_carea' id='block_1_90' title="bbox 1949 3116 3533 3190">
    <p class='ocr_par' dir='ltr' id='par_1_90' title="bbox 1949 3116 3533 3190">
     <span class='ocr_line' id='line_1_90' title="bbox 1949 3116 3533 3190; baseline 0.008 -22"><span class='ocrx_word' id='word_1_701' title='bbox 1949 3122 2035 3168; x_wconf 89' lang='lat' dir='ltr'><strong>est</strong></span> <span class='ocrx_word' id='word_1_702' title='bbox 2061 3124 2332 3183; x_wconf 89' lang='lat' dir='ltr'><strong>operatus.</strong></span> <span class='ocrx_word' id='word_1_703' title='bbox 2359 3116 2720 3184; x_wconf 86' lang='lat' dir='ltr'><strong>Quamobrem</strong></span> <span class='ocrx_word' id='word_1_704' title='bbox 2751 3119 2841 3190; x_wconf 89' lang='lat' dir='ltr'><strong>qui</strong></span> <span class='ocrx_word' id='word_1_705' title='bbox 2864 3137 2981 3175; x_wconf 89' lang='lat' dir='ltr'><strong>eam</strong></span> <span class='ocrx_word' id='word_1_706' title='bbox 3007 3122 3124 3176; x_wconf 91' lang='lat' dir='ltr'><strong>aliis</strong></span> <span class='ocrx_word' id='word_1_707' title='bbox 3150 3122 3422 3186; x_wconf 91' lang='lat' dir='ltr'><strong>adscribit,</strong></span> <span class='ocrx_word' id='word_1_708' title='bbox 3449 3135 3533 3180; x_wconf 87' lang='lat' dir='ltr'><strong>est</strong></span> 
     </span>
    </p>
   </div>
   <div class='ocr_carea' id='block_1_91' title="bbox 1952 3213 3527 3284">
    <p class='ocr_par' dir='ltr' id='par_1_91' title="bbox 1952 3213 3527 3284">
     <span class='ocr_line' id='line_1_91' title="bbox 1952 3213 3527 3284; baseline 0.003 -25"><span class='ocrx_word' id='word_1_709' title='bbox 1952 3214 2282 3260; x_wconf 87' lang='lat' dir='ltr'><strong>transmotus</strong></span> <span class='ocrx_word' id='word_1_710' title='bbox 2316 3223 2378 3262; x_wconf 92' lang='lat' dir='ltr'><strong>ac</strong></span> <span class='ocrx_word' id='word_1_711' title='bbox 2425 3218 2847 3265; x_wconf 76' lang='lat' dir='ltr'><strong>transmutatus:</strong></span> <span class='ocrx_word' id='word_1_712' title='bbox 2879 3213 3058 3266; x_wconf 90' lang='lat' dir='ltr'><strong>omnia</strong></span> <span class='ocrx_word' id='word_1_713' title='bbox 3097 3213 3238 3268; x_wconf 90' lang='lat' dir='ltr'><strong>enim</strong></span> <span class='ocrx_word' id='word_1_714' title='bbox 3281 3214 3527 3284; x_wconf 78' lang='lat' dir='ltr'><strong>perdidit,</strong></span> 
     </span>
    </p>
   </div>
   <div class='ocr_carea' id='block_1_92' title="bbox 1951 3296 3533 3373">
    <p class='ocr_par' dir='ltr' id='par_1_92' title="bbox 1951 3296 3533 3373">
     <span class='ocr_line' id='line_1_92' title="bbox 1951 3296 3533 3373; baseline 0.005 -23"><span class='ocrx_word' id='word_1_715' title='bbox 1951 3296 2053 3350; x_wconf 90' lang='lat' dir='ltr'><strong>nisi</strong></span> <span class='ocrx_word' id='word_1_716' title='bbox 2099 3297 2282 3352; x_wconf 89' lang='lat' dir='ltr'><strong>credat</strong></span> <span class='ocrx_word' id='word_1_717' title='bbox 2326 3298 2378 3352; x_wconf 91' lang='lat' dir='ltr'><strong>in</strong></span> <span class='ocrx_word' id='word_1_718' title='bbox 2409 3298 2704 3353; x_wconf 85' lang='lat' dir='ltr'><strong>Christum.</strong></span> <span class='ocrx_word' id='word_1_719' title='bbox 2733 3301 3024 3366; x_wconf 76' lang='lat' dir='ltr'><strong>Aadivistis,</strong></span> <span class='ocrx_word' id='word_1_720' title='bbox 3059 3302 3249 3373; x_wconf 90' lang='lat' dir='ltr'><strong>inquit.</strong></span> <span class='ocrx_word' id='word_1_721' title='bbox 3282 3305 3386 3360; x_wconf 89' lang='lat' dir='ltr'><strong>Eos</strong></span> <span class='ocrx_word' id='word_1_722' title='bbox 3412 3321 3533 3360; x_wconf 86' lang='lat' dir='ltr'><strong>rur-</strong></span> 
     </span>
    </p>
   </div>
   <div class='ocr_carea' id='block_1_93' title="bbox 1951 3390 3534 3452">
    <p class='ocr_par' dir='ltr' id='par_1_93' title="bbox 1951 3390 3534 3452">
     <span class='ocr_line' id='line_1_93' title="bbox 1951 3390 3534 3452; baseline 0.007 -11"><span class='ocrx_word' id='word_1_723' title='bbox 1951 3403 2042 3443; x_wconf 89' lang='lat' dir='ltr'><strong>sus</strong></span> <span class='ocrx_word' id='word_1_724' title='bbox 2070 3390 2200 3443; x_wconf 90' lang='lat' dir='ltr'><strong>citat</strong></span> <span class='ocrx_word' id='word_1_725' title='bbox 2227 3397 2413 3452; x_wconf 89' lang='lat' dir='ltr'><strong>testes,</strong></span> <span class='ocrx_word' id='word_1_726' title='bbox 2451 3391 2646 3446; x_wconf 88' lang='lat' dir='ltr'><strong>deinde</strong></span> <span class='ocrx_word' id='word_1_727' title='bbox 2675 3400 2842 3446; x_wconf 92' lang='lat' dir='ltr'><strong>totum</strong></span> <span class='ocrx_word' id='word_1_728' title='bbox 2872 3394 3057 3449; x_wconf 91' lang='lat' dir='ltr'><strong>orbem</strong></span> <span class='ocrx_word' id='word_1_729' title='bbox 3089 3405 3264 3451; x_wconf 70' lang='lat' dir='ltr'><strong>terrae.</strong></span> <span class='ocrx_word' id='word_1_730' title='bbox 3305 3396 3420 3452; x_wconf 81' lang='lat' dir='ltr'><strong>Non</strong></span> <span class='ocrx_word' id='word_1_731' title='bbox 3447 3399 3534 3452; x_wconf 62' lang='lat' dir='ltr'><strong>dio</strong></span> 
     </span>
    </p>
   </div>
   <div class='ocr_carea' id='block_1_94' title="bbox 1951 3481 3535 3556">
    <p class='ocr_par' dir='ltr' id='par_1_94' title="bbox 1951 3481 3535 3556">
     <span class='ocr_line' id='line_1_94' title="bbox 1951 3481 3535 3556; baseline 0.006 -22"><span class='ocrx_word' id='word_1_732' title='bbox 1951 3482 2042 3548; x_wconf 90' lang='lat' dir='ltr'><strong>cit,</strong></span> <span class='ocrx_word' id='word_1_733' title='bbox 2070 3481 2221 3547; x_wconf 83' lang='lat' dir='ltr'><strong>Quod</strong></span> <span class='ocrx_word' id='word_1_734' title='bbox 2255 3481 2592 3552; x_wconf 71' lang='lat' dir='ltr'><strong>priedicatur,</strong></span> <span class='ocrx_word' id='word_1_735' title='bbox 2643 3483 2915 3550; x_wconf 83' lang='lat' dir='ltr'><strong>sed,Quod</strong></span> <span class='ocrx_word' id='word_1_736' title='bbox 2955 3496 3028 3540; x_wconf 90' lang='lat' dir='ltr'><strong>est</strong></span> <span class='ocrx_word' id='word_1_737' title='bbox 3051 3487 3160 3556; x_wconf 90' lang='lat' dir='ltr'><strong>jam</strong></span> <span class='ocrx_word' id='word_1_738' title='bbox 3187 3487 3446 3544; x_wconf 88' lang='lat' dir='ltr'><strong>creditum</strong></span> <span class='ocrx_word' id='word_1_739' title='bbox 3479 3503 3535 3544; x_wconf 86' lang='lat' dir='ltr'><strong>et</strong></span> 
     </span>
    </p>
   </div>
   <div class='ocr_carea' id='block_1_95' title="bbox 1954 3573 3534 3648">
    <p class='ocr_par' dir='ltr' id='par_1_95' title="bbox 1954 3573 3534 3648">
     <span class='ocr_line' id='line_1_95' title="bbox 1954 3573 3534 3648; baseline 0.006 -26"><span class='ocrx_word' id='word_1_740' title='bbox 1954 3574 2297 3640; x_wconf 65' lang='lat' dir='ltr'><strong>praidicatum,</strong></span> <span class='ocrx_word' id='word_1_741' title='bbox 2331 3574 2473 3644; x_wconf 92' lang='lat' dir='ltr'><strong>quod</strong></span> <span class='ocrx_word' id='word_1_742' title='bbox 2504 3575 2662 3630; x_wconf 87' lang='lat' dir='ltr'><strong>etiam</strong></span> <span class='ocrx_word' id='word_1_743' title='bbox 2695 3573 2820 3630; x_wconf 82' lang='lat' dir='ltr'><strong>fecit</strong></span> <span class='ocrx_word' id='word_1_744' title='bbox 2851 3577 2902 3630; x_wconf 91' lang='lat' dir='ltr'><strong>in</strong></span> <span class='ocrx_word' id='word_1_745' title='bbox 2936 3578 3198 3648; x_wconf 89' lang='lat' dir='ltr'><strong>principio</strong></span> <span class='ocrx_word' id='word_1_746' title='bbox 3237 3596 3250 3631; x_wconf 90' lang='lat'><strong>:</strong></span> <span class='ocrx_word' id='word_1_747' title='bbox 3279 3596 3307 3633; x_wconf 88' lang='lat' dir='ltr'><strong>a</strong></span> <span class='ocrx_word' id='word_1_748' title='bbox 3338 3581 3534 3636; x_wconf 86' lang='lat' dir='ltr'><strong>multu-</strong></span> 
     </span>
    </p>
   </div>
   <div class='ocr_carea' id='block_1_96' title="bbox 1954 3665 3536 3740">
    <p class='ocr_par' dir='ltr' id='par_1_96' title="bbox 1954 3665 3536 3740">
     <span class='ocr_line' id='line_1_96' title="bbox 1954 3665 3536 3740; baseline 0.006 -23"><span class='ocrx_word' id='word_1_749' title='bbox 1954 3679 2069 3718; x_wconf 90' lang='lat' dir='ltr'><strong>rum</strong></span> <span class='ocrx_word' id='word_1_750' title='bbox 2104 3665 2409 3720; x_wconf 91' lang='lat' dir='ltr'><strong>testimonio</strong></span> <span class='ocrx_word' id='word_1_751' title='bbox 2436 3682 2531 3722; x_wconf 92' lang='lat' dir='ltr'><strong>eos</strong></span> <span class='ocrx_word' id='word_1_752' title='bbox 2559 3668 2741 3722; x_wconf 90' lang='lat' dir='ltr'><strong>volens</strong></span> <span class='ocrx_word' id='word_1_753' title='bbox 2763 3667 3020 3723; x_wconf 86' lang='lat' dir='ltr'><strong>stabilire.</strong></span> <span class='ocrx_word' id='word_1_754' title='bbox 3049 3669 3207 3740; x_wconf 85' lang='lat' dir='ltr'><strong>Cujus</strong></span> <span class='ocrx_word' id='word_1_755' title='bbox 3234 3674 3398 3740; x_wconf 79' lang='lat' dir='ltr'><strong>factus</strong></span> <span class='ocrx_word' id='word_1_756' title='bbox 3423 3690 3536 3726; x_wconf 84' lang='lat' dir='ltr'><strong>sunt</strong></span> 
     </span>
    </p>
   </div>
   <div class='ocr_carea' id='block_1_97' title="bbox 1953 3752 3536 3830">
    <p class='ocr_par' dir='ltr' id='par_1_97' title="bbox 1953 3752 3536 3830">
     <span class='ocr_line' id='line_1_97' title="bbox 1953 3752 3536 3830; baseline 0.008 -24"><span class='ocrx_word' id='word_1_757' title='bbox 1953 3770 2043 3825; x_wconf 86' lang='lat' dir='ltr'><strong>ego</strong></span> <span class='ocrx_word' id='word_1_758' title='bbox 2075 3752 2270 3810; x_wconf 86' lang='lat' dir='ltr'><strong>Paulus</strong></span> <span class='ocrx_word' id='word_1_759' title='bbox 2298 3759 2542 3812; x_wconf 86' lang='lat' dir='ltr'><strong>minister.</strong></span> <span class='ocrx_word' id='word_1_760' title='bbox 2592 3760 2654 3813; x_wconf 86' lang='lat' dir='ltr'><strong>Et</strong></span> <span class='ocrx_word' id='word_1_761' title='bbox 2691 3759 2793 3814; x_wconf 86' lang='lat' dir='ltr'><strong>hoc</strong></span> <span class='ocrx_word' id='word_1_762' title='bbox 2834 3775 3045 3830; x_wconf 89' lang='lat' dir='ltr'><strong>quoque</strong></span> <span class='ocrx_word' id='word_1_763' title='bbox 3075 3760 3279 3817; x_wconf 74' lang='lat' dir='ltr'><strong>confert</strong></span> <span class='ocrx_word' id='word_1_764' title='bbox 3319 3764 3385 3819; x_wconf 88' lang='lat' dir='ltr'><strong>ad</strong></span> <span class='ocrx_word' id='word_1_765' title='bbox 3435 3765 3536 3819; x_wconf 86' lang='lat' dir='ltr'><strong>hoc</strong></span> 
     </span>
    </p>
   </div>
   <div class='ocr_carea' id='block_1_98' title="bbox 1955 3847 3540 3920">
    <p class='ocr_par' dir='ltr' id='par_1_98' title="bbox 1955 3847 3540 3920">
     <span class='ocr_line' id='line_1_98' title="bbox 1955 3847 3540 3920; baseline 0.008 -21"><span class='ocrx_word' id='word_1_766' title='bbox 1955 3855 2012 3900; x_wconf 90' lang='lat' dir='ltr'><strong>ut</strong></span> <span class='ocrx_word' id='word_1_767' title='bbox 2035 3847 2103 3900; x_wconf 93' lang='lat' dir='ltr'><strong>sit</strong></span> <span class='ocrx_word' id='word_1_768' title='bbox 2132 3847 2234 3902; x_wconf 85' lang='lat' dir='ltr'><strong>lidc</strong></span> <span class='ocrx_word' id='word_1_769' title='bbox 2273 3848 2484 3917; x_wconf 80' lang='lat' dir='ltr'><strong>dignus.</strong></span> <span class='ocrx_word' id='word_1_770' title='bbox 2522 3849 2648 3920; x_wconf 84' lang='lat' dir='ltr'><strong>Ego,</strong></span> <span class='ocrx_word' id='word_1_771' title='bbox 2681 3851 2869 3919; x_wconf 90' lang='lat' dir='ltr'><strong>inquit,</strong></span> <span class='ocrx_word' id='word_1_772' title='bbox 2906 3849 3106 3905; x_wconf 87' lang='lat' dir='ltr'><strong>Paulus</strong></span> <span class='ocrx_word' id='word_1_773' title='bbox 3135 3853 3376 3907; x_wconf 88' lang='lat' dir='ltr'><strong>minister.</strong></span> <span class='ocrx_word' id='word_1_774' title='bbox 3409 3855 3540 3911; x_wconf 78' lang='lat' dir='ltr'><strong>Erat</strong></span> 
     </span>
    </p>
   </div>
   <div class='ocr_carea' id='block_1_99' title="bbox 1954 3939 3538 4014">
    <p class='ocr_par' dir='ltr' id='par_1_99' title="bbox 1954 3939 3538 4014">
     <span class='ocr_line' id='line_1_99' title="bbox 1954 3939 3538 4014; baseline 0.005 -22"><span class='ocrx_word' id='word_1_775' title='bbox 1954 3939 2094 3992; x_wconf 91' lang='lat' dir='ltr'><strong>enim</strong></span> <span class='ocrx_word' id='word_1_776' title='bbox 2122 3954 2310 4014; x_wconf 74' lang='lat' dir='ltr'><strong>magna</strong></span> <span class='ocrx_word' id='word_1_777' title='bbox 2347 3939 2465 4009; x_wconf 89' lang='lat' dir='ltr'><strong>ejus</strong></span> <span class='ocrx_word' id='word_1_778' title='bbox 2506 3941 2814 4006; x_wconf 87' lang='lat' dir='ltr'><strong>auctoritas,</strong></span> <span class='ocrx_word' id='word_1_779' title='bbox 2844 3951 2900 3996; x_wconf 93' lang='lat' dir='ltr'><strong>ut</strong></span> <span class='ocrx_word' id='word_1_780' title='bbox 2925 3942 3015 4012; x_wconf 93' lang='lat' dir='ltr'><strong>qui</strong></span> <span class='ocrx_word' id='word_1_781' title='bbox 3049 3941 3241 4013; x_wconf 87' lang='lat' dir='ltr'><strong>ubique</strong></span> <span class='ocrx_word' id='word_1_782' title='bbox 3259 3945 3368 4012; x_wconf 90' lang='lat' dir='ltr'><strong>jam</strong></span> <span class='ocrx_word' id='word_1_783' title='bbox 3399 3948 3538 4000; x_wconf 80' lang='lat' dir='ltr'><strong>cele-</strong></span> 
     </span>
    </p>
   </div>
   <div class='ocr_carea' id='block_1_100' title="bbox 1955 4030 3540 4106">
    <p class='ocr_par' dir='ltr' id='par_1_100' title="bbox 1955 4030 3540 4106">
     <span class='ocr_line' id='line_1_100' title="bbox 1955 4030 3540 4106; baseline 0.003 -23"><span class='ocrx_word' id='word_1_784' title='bbox 1955 4030 2197 4085; x_wconf 86' lang='lat' dir='ltr'><strong>braretur</strong></span> <span class='ocrx_word' id='word_1_785' title='bbox 2224 4041 2277 4085; x_wconf 90' lang='lat' dir='ltr'><strong>et</strong></span> <span class='ocrx_word' id='word_1_786' title='bbox 2303 4042 2445 4086; x_wconf 88' lang='lat' dir='ltr'><strong>esset</strong></span> <span class='ocrx_word' id='word_1_787' title='bbox 2488 4031 2676 4086; x_wconf 91' lang='lat' dir='ltr'><strong>doctor</strong></span> <span class='ocrx_word' id='word_1_788' title='bbox 2706 4032 2851 4086; x_wconf 87' lang='lat' dir='ltr'><strong>orbis</strong></span> <span class='ocrx_word' id='word_1_789' title='bbox 2898 4042 3076 4089; x_wconf 60' lang='lat' dir='ltr'><strong>terra}.</strong></span> <span class='ocrx_word' id='word_1_790' title='bbox 3107 4033 3197 4088; x_wconf 68' lang='grc'><strong>24.</strong></span> <span class='ocrx_word' id='word_1_791' title='bbox 3233 4033 3383 4090; x_wconf 83' lang='lat' dir='ltr'><strong>Nunc</strong></span> <span class='ocrx_word' id='word_1_792' title='bbox 3412 4055 3540 4106; x_wconf 83' lang='lat' dir='ltr'><strong>gau-</strong></span> 
     </span>
    </p>
   </div>
   <div class='ocr_carea' id='block_1_101' title="bbox 1954 4121 3536 4197">
    <p class='ocr_par' dir='ltr' id='par_1_101' title="bbox 1954 4121 3536 4197">
     <span class='ocr_line' id='line_1_101' title="bbox 1954 4121 3536 4197; baseline 0.006 -24"><span class='ocrx_word' id='word_1_793' title='bbox 1954 4121 2047 4174; x_wconf 86' lang='lat' dir='ltr'><strong>deo</strong></span> <span class='ocrx_word' id='word_1_794' title='bbox 2073 4123 2124 4174; x_wconf 91' lang='lat' dir='ltr'><strong>in</strong></span> <span class='ocrx_word' id='word_1_795' title='bbox 2149 4124 2464 4191; x_wconf 83' lang='lat' dir='ltr'><strong>passionibus</strong></span> <span class='ocrx_word' id='word_1_796' title='bbox 2488 4138 2579 4190; x_wconf 83' lang='lat' dir='ltr'><strong>pro</strong></span> <span class='ocrx_word' id='word_1_797' title='bbox 2606 4125 2762 4189; x_wconf 74' lang='lat' dir='ltr'><strong>vobis,</strong></span> <span class='ocrx_word' id='word_1_798' title='bbox 2788 4135 2833 4177; x_wconf 91' lang='lat' dir='ltr'><strong><em>et</em></strong></span> <span class='ocrx_word' id='word_1_799' title='bbox 2861 4125 3116 4193; x_wconf 85' lang='lat' dir='ltr'><strong>adimpleo</strong></span> <span class='ocrx_word' id='word_1_800' title='bbox 3137 4144 3196 4180; x_wconf 90' lang='lat' dir='ltr'><strong>ea</strong></span> <span class='ocrx_word' id='word_1_801' title='bbox 3220 4144 3334 4197; x_wconf 66' lang='lat' dir='ltr'><strong>quae</strong></span> <span class='ocrx_word' id='word_1_802' title='bbox 3356 4130 3536 4183; x_wconf 85' lang='lat' dir='ltr'><strong>desunt</strong></span> 
     </span>
    </p>
   </div>
   <div class='ocr_carea' id='block_1_102' title="bbox 1955 4212 3539 4288">
    <p class='ocr_par' dir='ltr' id='par_1_102' title="bbox 1955 4212 3539 4288">
     <span class='ocr_line' id='line_1_102' title="bbox 1955 4212 3539 4288; baseline 0.006 -26"><span class='ocrx_word' id='word_1_803' title='bbox 1955 4213 2248 4281; x_wconf 83' lang='lat' dir='ltr'><strong>passionum</strong></span> <span class='ocrx_word' id='word_1_804' title='bbox 2273 4212 2462 4267; x_wconf 76' lang='lat' dir='ltr'><strong>C/iristi</strong></span> <span class='ocrx_word' id='word_1_805' title='bbox 2483 4214 2534 4265; x_wconf 85' lang='lat' dir='ltr'><strong>in</strong></span> <span class='ocrx_word' id='word_1_806' title='bbox 2568 4229 2716 4266; x_wconf 88' lang='lat' dir='ltr'><strong>carne</strong></span> <span class='ocrx_word' id='word_1_807' title='bbox 2754 4229 2862 4267; x_wconf 87' lang='lat' dir='ltr'><strong>inea</strong></span> <span class='ocrx_word' id='word_1_808' title='bbox 2897 4231 2990 4283; x_wconf 89' lang='lat' dir='ltr'><strong>pro</strong></span> <span class='ocrx_word' id='word_1_809' title='bbox 3013 4232 3224 4284; x_wconf 86' lang='lat' dir='ltr'><strong>corpore</strong></span> <span class='ocrx_word' id='word_1_810' title='bbox 3247 4219 3378 4287; x_wconf 77' lang='lat' dir='ltr'><strong>ejus,</strong></span> <span class='ocrx_word' id='word_1_811' title='bbox 3402 4224 3539 4288; x_wconf 79' lang='lat' dir='ltr'><strong>quod</strong></span> 
     </span>
    </p>
   </div>
   <div class='ocr_carea' id='block_1_103' title="bbox 1954 4302 2306 4358">
    <p class='ocr_par' dir='ltr' id='par_1_103' title="bbox 1954 4302 2306 4358">
     <span class='ocr_line' id='line_1_103' title="bbox 1954 4302 2306 4358; baseline 0 -3"><span class='ocrx_word' id='word_1_812' title='bbox 1954 4314 2028 4355; x_wconf 88' lang='lat' dir='ltr'><strong>est</strong></span> <span class='ocrx_word' id='word_1_813' title='bbox 2059 4302 2306 4358; x_wconf 82' lang='lat' dir='ltr'><strong>Ecclesia.</strong></span> 
     </span>
    </p>
   </div>
   <div class='ocr_carea' id='block_1_104' title="bbox 2028 4391 3540 4468">
    <p class='ocr_par' dir='ltr' id='par_1_104' title="bbox 2028 4391 3540 4468">
     <span class='ocr_line' id='line_1_104' title="bbox 2028 4391 3540 4468; baseline 0.005 -23"><span class='ocrx_word' id='word_1_814' title='bbox 2028 4393 2081 4445; x_wconf 72' lang='grc'><strong>2.</strong></span> <span class='ocrx_word' id='word_1_815' title='bbox 2116 4393 2182 4446; x_wconf 80' lang='lat' dir='ltr'><strong>Et</strong></span> <span class='ocrx_word' id='word_1_816' title='bbox 2208 4407 2452 4461; x_wconf 79' lang='lat' dir='ltr'><strong>quantam</strong></span> <span class='ocrx_word' id='word_1_817' title='bbox 2483 4401 2565 4447; x_wconf 90' lang='lat' dir='ltr'><strong>est</strong></span> <span class='ocrx_word' id='word_1_818' title='bbox 2591 4391 2706 4448; x_wconf 66' lang='lat' dir='ltr'><strong>hinc</strong></span> <span class='ocrx_word' id='word_1_819' title='bbox 2730 4393 3112 4462; x_wconf 86' lang='lat' dir='ltr'><strong>consequentia</strong></span> <span class='ocrx_word' id='word_1_820' title='bbox 3136 4395 3158 4447; x_wconf 86' lang='lat'>?</span> <span class='ocrx_word' id='word_1_821' title='bbox 3186 4394 3400 4450; x_wconf 84' lang='lat' dir='ltr'><strong>Videtur</strong></span> <span class='ocrx_word' id='word_1_822' title='bbox 3419 4400 3540 4468; x_wconf 70' lang='grc' dir='ltr'><strong>(ιιιί-</strong></span> 
     </span>
    </p>
   </div>
   <div class='ocr_carea' id='block_1_105' title="bbox 1957 4482 3533 4558">
    <p class='ocr_par' dir='ltr' id='par_1_105' title="bbox 1957 4482 3533 4558">
     <span class='ocr_line' id='line_1_105' title="bbox 1957 4482 3533 4558; baseline 0.006 -21"><span class='ocrx_word' id='word_1_823' title='bbox 1957 4484 2078 4537; x_wconf 90' lang='lat' dir='ltr'><strong>dem</strong></span> <span class='ocrx_word' id='word_1_824' title='bbox 2116 4482 2437 4551; x_wconf 87' lang='lat' dir='ltr'><strong>sejunctum,</strong></span> <span class='ocrx_word' id='word_1_825' title='bbox 2469 4483 2561 4539; x_wconf 90' lang='lat' dir='ltr'><strong>sed</strong></span> <span class='ocrx_word' id='word_1_826' title='bbox 2595 4499 2839 4554; x_wconf 77' lang='lat' dir='ltr'><strong>magnam</strong></span> <span class='ocrx_word' id='word_1_827' title='bbox 2871 4483 3034 4540; x_wconf 84' lang='lat' dir='ltr'><strong>habet</strong></span> <span class='ocrx_word' id='word_1_828' title='bbox 3071 4490 3533 4558; x_wconf 88' lang='lat' dir='ltr'><strong>consequentiam.</strong></span> 
     </span>
    </p>
   </div>
   <div class='ocr_carea' id='block_1_106' title="bbox 1963 4572 3535 4644">
    <p class='ocr_par' dir='ltr' id='par_1_106' title="bbox 1963 4572 3535 4644">
     <span class='ocr_line' id='line_1_106' title="bbox 1963 4572 3535 4644; baseline 0.006 -17"><span class='ocrx_word' id='word_1_829' title='bbox 1963 4572 2310 4640; x_wconf 64' lang='lat' dir='ltr'><strong>EtJIinister,</strong></span> <span class='ocrx_word' id='word_1_830' title='bbox 2352 4574 2551 4644; x_wconf 89' lang='lat' dir='ltr'><strong>inquit;</strong></span> <span class='ocrx_word' id='word_1_831' title='bbox 2581 4575 2631 4628; x_wconf 92' lang='lat' dir='ltr'><strong>id</strong></span> <span class='ocrx_word' id='word_1_832' title='bbox 2661 4585 2763 4642; x_wconf 90' lang='lat' dir='ltr'><strong>est,</strong></span> <span class='ocrx_word' id='word_1_833' title='bbox 2802 4574 2942 4630; x_wconf 84' lang='lat' dir='ltr'><strong>Nihil</strong></span> <span class='ocrx_word' id='word_1_834' title='bbox 2985 4592 3016 4631; x_wconf 93' lang='lat' dir='ltr'><strong>a</strong></span> <span class='ocrx_word' id='word_1_835' title='bbox 3058 4593 3143 4632; x_wconf 90' lang='lat' dir='ltr'><strong>me</strong></span> <span class='ocrx_word' id='word_1_836' title='bbox 3165 4577 3412 4642; x_wconf 63' lang='grc' dir='ltr'><strong>πισοί-ρης.</strong></span> <span class='ocrx_word' id='word_1_837' title='bbox 3442 4584 3535 4637; x_wconf 84' lang='lat' dir='ltr'><strong>sed</strong></span> 
     </span>
    </p>
   </div>
   <div class='ocr_carea' id='block_1_107' title="bbox 1957 4665 3539 4745">
    <p class='ocr_par' dir='ltr' id='par_1_107' title="bbox 1957 4665 3539 4745">
     <span class='ocr_line' id='line_1_107' title="bbox 1957 4665 3539 4745; baseline 0.007 -27"><span class='ocrx_word' id='word_1_838' title='bbox 1957 4681 2076 4736; x_wconf 79' lang='lat' dir='ltr'><strong>qua:</strong></span> <span class='ocrx_word' id='word_1_839' title='bbox 2105 4675 2229 4720; x_wconf 89' lang='lat' dir='ltr'><strong>sunt</strong></span> <span class='ocrx_word' id='word_1_840' title='bbox 2257 4665 2478 4720; x_wconf 89' lang='lat' dir='ltr'><strong>alterius</strong></span> <span class='ocrx_word' id='word_1_841' title='bbox 2506 4668 2849 4721; x_wconf 86' lang='lat' dir='ltr'><strong>annuntians.</strong></span> <span class='ocrx_word' id='word_1_842' title='bbox 2881 4667 2953 4721; x_wconf 87' lang='lat' dir='ltr'><strong>Ita</strong></span> <span class='ocrx_word' id='word_1_843' title='bbox 2982 4669 3145 4726; x_wconf 88' lang='lat' dir='ltr'><strong>credo</strong></span> <span class='ocrx_word' id='word_1_844' title='bbox 3180 4672 3320 4742; x_wconf 89' lang='lat' dir='ltr'><strong>quod</strong></span> <span class='ocrx_word' id='word_1_845' title='bbox 3360 4683 3414 4727; x_wconf 85' lang='lat' dir='ltr'><strong>et</strong></span> <span class='ocrx_word' id='word_1_846' title='bbox 3443 4693 3539 4745; x_wconf 88' lang='lat' dir='ltr'><strong>pro</strong></span> 
     </span>
    </p>
   </div>
   <div class='ocr_carea' id='block_1_108' title="bbox 1960 4757 3539 4830">
    <p class='ocr_par' dir='ltr' id='par_1_108' title="bbox 1960 4757 3539 4830">
     <span class='ocr_line' id='line_1_108' title="bbox 1960 4757 3539 4830; baseline 0.008 -21"><span class='ocrx_word' id='word_1_847' title='bbox 1960 4757 2076 4827; x_wconf 89' lang='lat' dir='ltr'><strong>ipso</strong></span> <span class='ocrx_word' id='word_1_848' title='bbox 2117 4758 2323 4826; x_wconf 84' lang='lat' dir='ltr'><strong>patior;</strong></span> <span class='ocrx_word' id='word_1_849' title='bbox 2352 4765 2406 4810; x_wconf 89' lang='lat' dir='ltr'><strong>et</strong></span> <span class='ocrx_word' id='word_1_850' title='bbox 2449 4771 2554 4811; x_wconf 92' lang='lat' dir='ltr'><strong>non</strong></span> <span class='ocrx_word' id='word_1_851' title='bbox 2602 4757 2776 4812; x_wconf 88' lang='lat' dir='ltr'><strong>solum</strong></span> <span class='ocrx_word' id='word_1_852' title='bbox 2809 4760 3013 4830; x_wconf 90' lang='lat' dir='ltr'><strong>patior,</strong></span> <span class='ocrx_word' id='word_1_853' title='bbox 3053 4761 3148 4818; x_wconf 88' lang='lat' dir='ltr'><strong>sed</strong></span> <span class='ocrx_word' id='word_1_854' title='bbox 3179 4765 3338 4819; x_wconf 90' lang='lat' dir='ltr'><strong>etiam</strong></span> <span class='ocrx_word' id='word_1_855' title='bbox 3383 4766 3539 4822; x_wconf 74' lang='lat' dir='ltr'><strong>laetor</strong></span> 
     </span>
    </p>
   </div>
   <div class='ocr_carea' id='block_1_109' title="bbox 1963 4848 3540 4926">
    <p class='ocr_par' dir='ltr' id='par_1_109' title="bbox 1963 4848 3540 4926">
     <span class='ocr_line' id='line_1_109' title="bbox 1963 4848 3540 4926; baseline 0.008 -24"><span class='ocrx_word' id='word_1_856' title='bbox 1963 4850 2190 4918; x_wconf 89' lang='lat' dir='ltr'><strong>patiens,</strong></span> <span class='ocrx_word' id='word_1_857' title='bbox 2220 4848 2286 4902; x_wconf 89' lang='lat' dir='ltr'><strong>ad</strong></span> <span class='ocrx_word' id='word_1_858' title='bbox 2318 4864 2469 4919; x_wconf 88' lang='lat' dir='ltr'><strong>spem</strong></span> <span class='ocrx_word' id='word_1_859' title='bbox 2513 4851 2742 4905; x_wconf 81' lang='lat' dir='ltr'><strong>futuram</strong></span> <span class='ocrx_word' id='word_1_860' title='bbox 2789 4852 3093 4921; x_wconf 88' lang='lat' dir='ltr'><strong>aspiciens;</strong></span> <span class='ocrx_word' id='word_1_861' title='bbox 3133 4865 3190 4910; x_wconf 91' lang='lat' dir='ltr'><strong>et</strong></span> <span class='ocrx_word' id='word_1_862' title='bbox 3233 4857 3403 4926; x_wconf 89' lang='lat' dir='ltr'><strong>patior</strong></span> <span class='ocrx_word' id='word_1_863' title='bbox 3432 4875 3540 4914; x_wconf 87' lang='lat' dir='ltr'><strong>non</strong></span> 
     </span>
    </p>
   </div>
   <div class='ocr_carea' id='block_1_110' title="bbox 1961 4942 3542 5018">
    <p class='ocr_par' dir='ltr' id='par_1_110' title="bbox 1961 4942 3542 5018">
     <span class='ocr_line' id='line_1_110' title="bbox 1961 4942 3542 5018; baseline 0.006 -24"><span class='ocrx_word' id='word_1_864' title='bbox 1961 4955 2058 5010; x_wconf 89' lang='lat' dir='ltr'><strong>pro</strong></span> <span class='ocrx_word' id='word_1_865' title='bbox 2089 4956 2195 5008; x_wconf 91' lang='lat' dir='ltr'><strong>me,</strong></span> <span class='ocrx_word' id='word_1_866' title='bbox 2224 4942 2317 4996; x_wconf 91' lang='lat' dir='ltr'><strong>sed</strong></span> <span class='ocrx_word' id='word_1_867' title='bbox 2350 4959 2444 5011; x_wconf 82' lang='lat' dir='ltr'><strong>pro</strong></span> <span class='ocrx_word' id='word_1_868' title='bbox 2473 4943 2642 4997; x_wconf 90' lang='lat' dir='ltr'><strong>vobis.</strong></span> <span class='ocrx_word' id='word_1_869' title='bbox 2683 4942 2750 4997; x_wconf 88' lang='lat' dir='ltr'><strong>Et</strong></span> <span class='ocrx_word' id='word_1_870' title='bbox 2777 4945 3050 5016; x_wconf 85' lang='lat' dir='ltr'><strong>adinipleo,</strong></span> <span class='ocrx_word' id='word_1_871' title='bbox 3089 4947 3278 5018; x_wconf 91' lang='lat' dir='ltr'><strong>inquit,</strong></span> <span class='ocrx_word' id='word_1_872' title='bbox 3310 4965 3422 5017; x_wconf 76' lang='lat' dir='ltr'><strong>qua:</strong></span> <span class='ocrx_word' id='word_1_873' title='bbox 3453 4953 3542 5004; x_wconf 86' lang='lat' dir='ltr'><strong>de-</strong></span> 
     </span>
    </p>
   </div>
   <div class='ocr_carea' id='block_1_111' title="bbox 1960 5035 3538 5112">
    <p class='ocr_par' dir='ltr' id='par_1_111' title="bbox 1960 5035 3538 5112">
     <span class='ocr_line' id='line_1_111' title="bbox 1960 5035 3538 5112; baseline 0.006 -25"><span class='ocrx_word' id='word_1_874' title='bbox 1960 5044 2076 5087; x_wconf 89' lang='lat' dir='ltr'><strong>sunt</strong></span> <span class='ocrx_word' id='word_1_875' title='bbox 2102 5036 2400 5103; x_wconf 88' lang='lat' dir='ltr'><strong>passionum</strong></span> <span class='ocrx_word' id='word_1_876' title='bbox 2431 5035 2616 5090; x_wconf 86' lang='lat' dir='ltr'><strong>Christi</strong></span> <span class='ocrx_word' id='word_1_877' title='bbox 2656 5038 2707 5090; x_wconf 90' lang='lat' dir='ltr'><strong>iu</strong></span> <span class='ocrx_word' id='word_1_878' title='bbox 2739 5053 2891 5090; x_wconf 84' lang='lat' dir='ltr'><strong>carne</strong></span> <span class='ocrx_word' id='word_1_879' title='bbox 2917 5055 3045 5092; x_wconf 88' lang='lat' dir='ltr'><strong>mea.</strong></span> <span class='ocrx_word' id='word_1_880' title='bbox 3081 5039 3298 5096; x_wconf 84' lang='lat' dir='ltr'><strong>Videtur</strong></span> <span class='ocrx_word' id='word_1_881' title='bbox 3324 5043 3538 5112; x_wconf 83' lang='lat' dir='ltr'><strong>quidem</strong></span> 
     </span>
    </p>
   </div>
   <div class='ocr_carea' id='block_1_112' title="bbox 1963 5127 3542 5199">
    <p class='ocr_par' dir='ltr' id='par_1_112' title="bbox 1963 5127 3542 5199">
     <span class='ocr_line' id='line_1_112' title="bbox 1963 5127 3542 5199; baseline 0.005 -21"><span class='ocrx_word' id='word_1_882' title='bbox 1963 5140 2210 5194; x_wconf 76' lang='lat' dir='ltr'><strong>magnum</strong></span> <span class='ocrx_word' id='word_1_883' title='bbox 2239 5141 2362 5180; x_wconf 88' lang='lat' dir='ltr'><strong>esse</strong></span> <span class='ocrx_word' id='word_1_884' title='bbox 2389 5127 2530 5197; x_wconf 89' lang='lat' dir='ltr'><strong>quod</strong></span> <span class='ocrx_word' id='word_1_885' title='bbox 2559 5139 2641 5182; x_wconf 88' lang='lat' dir='ltr'><strong>est</strong></span> <span class='ocrx_word' id='word_1_886' title='bbox 2673 5127 2941 5199; x_wconf 83' lang='lat' dir='ltr'><strong>loquutus,</strong></span> <span class='ocrx_word' id='word_1_887' title='bbox 2991 5130 3083 5184; x_wconf 87' lang='lat' dir='ltr'><strong>sed</strong></span> <span class='ocrx_word' id='word_1_888' title='bbox 3128 5147 3233 5186; x_wconf 91' lang='lat' dir='ltr'><strong>non</strong></span> <span class='ocrx_word' id='word_1_889' title='bbox 3264 5143 3349 5188; x_wconf 88' lang='lat' dir='ltr'><strong>est</strong></span> <span class='ocrx_word' id='word_1_890' title='bbox 3394 5150 3542 5188; x_wconf 75' lang='lat' dir='ltr'><strong>ari-o-</strong></span> 
     </span>
    </p>
   </div>
   <div class='ocr_carea' id='block_1_113' title="bbox 1962 5217 3538 5288">
    <p class='ocr_par' dir='ltr' id='par_1_113' title="bbox 1962 5217 3538 5288">
     <span class='ocr_line' id='line_1_113' title="bbox 1962 5217 3538 5288; baseline 0.009 -20"><span class='ocrx_word' id='word_1_891' title='bbox 1962 5217 2173 5285; x_wconf 70' lang='lat' dir='ltr'><strong>gantiae,</strong></span> <span class='ocrx_word' id='word_1_892' title='bbox 2199 5217 2357 5282; x_wconf 88' lang='lat' dir='ltr'><strong>absit,</strong></span> <span class='ocrx_word' id='word_1_893' title='bbox 2381 5219 2473 5272; x_wconf 90' lang='lat' dir='ltr'><strong>sed</strong></span> <span class='ocrx_word' id='word_1_894' title='bbox 2503 5234 2708 5288; x_wconf 79' lang='lat' dir='ltr'><strong>magna:</strong></span> <span class='ocrx_word' id='word_1_895' title='bbox 2739 5221 2788 5275; x_wconf 93' lang='lat' dir='ltr'><strong>iu</strong></span> <span class='ocrx_word' id='word_1_896' title='bbox 2819 5221 3088 5276; x_wconf 74' lang='lat' dir='ltr'><strong>Christum</strong></span> <span class='ocrx_word' id='word_1_897' title='bbox 3117 5223 3498 5282; x_wconf 72' lang='lat' dir='ltr'><strong>benevolentiw</strong></span> <span class='ocrx_word' id='word_1_898' title='bbox 3523 5246 3538 5282; x_wconf 90' lang='lat'>:</span> 
     </span>
    </p>
   </div>
   <div class='ocr_carea' id='block_1_114' title="bbox 1965 5307 3541 5382">
    <p class='ocr_par' dir='ltr' id='par_1_114' title="bbox 1965 5307 3541 5382">
     <span class='ocr_line' id='line_1_114' title="bbox 1965 5307 3541 5382; baseline 0.006 -21"><span class='ocrx_word' id='word_1_899' title='bbox 1965 5322 2069 5361; x_wconf 75' lang='lat' dir='ltr'><strong>non</strong></span> <span class='ocrx_word' id='word_1_900' title='bbox 2096 5307 2238 5361; x_wconf 90' lang='lat' dir='ltr'><strong>enim</strong></span> <span class='ocrx_word' id='word_1_901' title='bbox 2264 5309 2370 5362; x_wconf 92' lang='lat' dir='ltr'><strong>vult</strong></span> <span class='ocrx_word' id='word_1_902' title='bbox 2400 5324 2522 5364; x_wconf 89' lang='lat' dir='ltr'><strong>esse</strong></span> <span class='ocrx_word' id='word_1_903' title='bbox 2548 5327 2692 5376; x_wconf 90' lang='lat' dir='ltr'><strong>suas,</strong></span> <span class='ocrx_word' id='word_1_904' title='bbox 2713 5311 2804 5365; x_wconf 90' lang='lat' dir='ltr'><strong>sed</strong></span> <span class='ocrx_word' id='word_1_905' title='bbox 2829 5313 2972 5366; x_wconf 89' lang='lat' dir='ltr'><strong>illius</strong></span> <span class='ocrx_word' id='word_1_906' title='bbox 3001 5317 3294 5382; x_wconf 85' lang='lat' dir='ltr'><strong>passiones.</strong></span> <span class='ocrx_word' id='word_1_907' title='bbox 3321 5317 3392 5372; x_wconf 86' lang='lat' dir='ltr'><strong>ita</strong></span> <span class='ocrx_word' id='word_1_908' title='bbox 3411 5335 3541 5373; x_wconf 81' lang='lat' dir='ltr'><strong>veru</strong></span> 
     </span>
    </p>
   </div>
   <div class='ocr_carea' id='block_1_115' title="bbox 1965 5395 3540 5478">
    <p class='ocr_par' dir='ltr' id='par_1_115' title="bbox 1965 5395 3540 5478">
     <span class='ocr_line' id='line_1_115' title="bbox 1965 5395 3540 5478; baseline 0.005 -30"><span class='ocrx_word' id='word_1_909' title='bbox 1965 5395 2215 5464; x_wconf 87' lang='lat' dir='ltr'><strong>loquutus</strong></span> <span class='ocrx_word' id='word_1_910' title='bbox 2241 5408 2342 5462; x_wconf 88' lang='lat' dir='ltr'><strong>est,</strong></span> <span class='ocrx_word' id='word_1_911' title='bbox 2376 5413 2470 5452; x_wconf 85' lang='lat' dir='ltr'><strong>eos</strong></span> <span class='ocrx_word' id='word_1_912' title='bbox 2509 5400 2606 5468; x_wconf 89' lang='lat' dir='ltr'><strong>ipsi</strong></span> <span class='ocrx_word' id='word_1_913' title='bbox 2636 5401 2819 5455; x_wconf 89' lang='lat' dir='ltr'><strong>volens</strong></span> <span class='ocrx_word' id='word_1_914' title='bbox 2847 5403 3151 5457; x_wconf 86' lang='lat' dir='ltr'><strong>conciliare.</strong></span> <span class='ocrx_word' id='word_1_915' title='bbox 3186 5405 3250 5459; x_wconf 86' lang='lat' dir='ltr'><strong>Et</strong></span> <span class='ocrx_word' id='word_1_916' title='bbox 3277 5423 3394 5476; x_wconf 69' lang='lat' dir='ltr'><strong>qua:</strong></span> <span class='ocrx_word' id='word_1_917' title='bbox 3419 5424 3540 5478; x_wconf 72' lang='lat' dir='ltr'><strong>ego,</strong></span> 
     </span>
    </p>
   </div>
   <div class='ocr_carea' id='block_1_116' title="bbox 1967 5489 3644 5565">
    <p class='ocr_par' dir='ltr' id='par_1_116' title="bbox 1967 5489 3644 5565">
     <span class='ocr_line' id='line_1_116' title="bbox 1967 5489 3644 5565; baseline 0.008 -23"><span class='ocrx_word' id='word_1_918' title='bbox 1967 5489 2156 5557; x_wconf 91' lang='lat' dir='ltr'><strong>inquit,</strong></span> <span class='ocrx_word' id='word_1_919' title='bbox 2191 5491 2382 5556; x_wconf 88' lang='lat' dir='ltr'><strong>patior,</strong></span> <span class='ocrx_word' id='word_1_920' title='bbox 2413 5503 2634 5560; x_wconf 89' lang='lat' dir='ltr'><strong>propter</strong></span> <span class='ocrx_word' id='word_1_921' title='bbox 2659 5492 2806 5546; x_wconf 88' lang='lat' dir='ltr'><strong>illum</strong></span> <span class='ocrx_word' id='word_1_922' title='bbox 2837 5495 3007 5562; x_wconf 90' lang='lat' dir='ltr'><strong>patior</strong></span> <span class='ocrx_word' id='word_1_923' title='bbox 3029 5512 3041 5549; x_wconf 88' lang='lat'>:</span> <span class='ocrx_word' id='word_1_924' title='bbox 3062 5498 3409 5565; x_wconf 86' lang='lat' dir='ltr'><strong>quamobrem</strong></span> <span class='ocrx_word' id='word_1_925' title='bbox 3435 5516 3542 5555; x_wconf 88' lang='lat' dir='ltr'><strong>non</strong></span> <span class='ocrx_word' id='word_1_926' title='bbox 3633 5523 3644 5536; x_wconf 87' lang='grc'>·</span> 
     </span>
    </p>
   </div>
   <div class='ocr_carea' id='block_1_117' title="bbox 1967 5578 3546 5657">
    <p class='ocr_par' dir='ltr' id='par_1_117' title="bbox 1967 5578 3546 5657">
     <span class='ocr_line' id='line_1_117' title="bbox 1967 5578 3546 5657; baseline 0.008 -25"><span class='ocrx_word' id='word_1_927' title='bbox 1967 5579 2114 5641; x_wconf 88' lang='lat' dir='ltr'><strong>mihi,</strong></span> <span class='ocrx_word' id='word_1_928' title='bbox 2141 5578 2234 5632; x_wconf 88' lang='lat' dir='ltr'><strong>sed</strong></span> <span class='ocrx_word' id='word_1_929' title='bbox 2257 5579 2332 5634; x_wconf 89' lang='lat' dir='ltr'><strong>illi</strong></span> <span class='ocrx_word' id='word_1_930' title='bbox 2355 5580 2543 5636; x_wconf 87' lang='lat' dir='ltr'><strong>habete</strong></span> <span class='ocrx_word' id='word_1_931' title='bbox 2565 5583 2793 5650; x_wconf 77' lang='lat' dir='ltr'><strong>gratias;</strong></span> <span class='ocrx_word' id='word_1_932' title='bbox 2817 5583 2929 5651; x_wconf 88' lang='lat' dir='ltr'><strong>ipse</strong></span> <span class='ocrx_word' id='word_1_933' title='bbox 2947 5586 3087 5638; x_wconf 92' lang='lat' dir='ltr'><strong>enim</strong></span> <span class='ocrx_word' id='word_1_934' title='bbox 3109 5586 3219 5640; x_wconf 68' lang='lat' dir='ltr'><strong>haec</strong></span> <span class='ocrx_word' id='word_1_935' title='bbox 3239 5589 3457 5657; x_wconf 86' lang='lat' dir='ltr'><strong>patitur.</strong></span> <span class='ocrx_word' id='word_1_936' title='bbox 3475 5589 3546 5646; x_wconf 74' lang='lat' dir='ltr'><strong>lit</strong></span> 
     </span>
    </p>
   </div>
   <div class='ocr_carea' id='block_1_118' title="bbox 1968 5671 3541 5752">
    <p class='ocr_par' dir='ltr' id='par_1_118' title="bbox 1968 5671 3541 5752">
     <span class='ocr_line' id='line_1_118' title="bbox 1968 5671 3541 5752; baseline 0.007 -29"><span class='ocrx_word' id='word_1_937' title='bbox 1968 5671 2011 5723; x_wconf 90' lang='lat' dir='ltr'><strong>si</strong></span> <span class='ocrx_word' id='word_1_938' title='bbox 2034 5671 2150 5740; x_wconf 91' lang='lat' dir='ltr'><strong>quis</strong></span> <span class='ocrx_word' id='word_1_939' title='bbox 2168 5672 2360 5726; x_wconf 90' lang='lat' dir='ltr'><strong>missus</strong></span> <span class='ocrx_word' id='word_1_940' title='bbox 2377 5673 2442 5726; x_wconf 89' lang='lat' dir='ltr'><strong>ad</strong></span> <span class='ocrx_word' id='word_1_941' title='bbox 2465 5674 2693 5742; x_wconf 88' lang='lat' dir='ltr'><strong>aliquem</strong></span> <span class='ocrx_word' id='word_1_942' title='bbox 2711 5675 2894 5741; x_wconf 88' lang='lat' dir='ltr'><strong>alium,</strong></span> <span class='ocrx_word' id='word_1_943' title='bbox 2915 5688 3064 5744; x_wconf 78' lang='lat' dir='ltr'><strong>roget</strong></span> <span class='ocrx_word' id='word_1_944' title='bbox 3084 5678 3288 5745; x_wconf 84' lang='lat' dir='ltr'><strong>dicens,</strong></span> <span class='ocrx_word' id='word_1_945' title='bbox 3306 5680 3452 5752; x_wconf 74' lang='lat' dir='ltr'><strong>Rogo</strong></span> <span class='ocrx_word' id='word_1_946' title='bbox 3471 5693 3541 5746; x_wconf 71' lang='lat' dir='ltr'><strong>te,</strong></span> 
     </span>
    </p>
   </div>
   <div class='ocr_carea' id='block_1_119' title="bbox 1970 5762 3546 5840">
    <p class='ocr_par' dir='ltr' id='par_1_119' title="bbox 1970 5762 3546 5840">
     <span class='ocr_line' id='line_1_119' title="bbox 1970 5762 3546 5840; baseline 0.004 -25"><span class='ocrx_word' id='word_1_947' title='bbox 1970 5777 2066 5832; x_wconf 76' lang='lat' dir='ltr'><strong>pro</strong></span> <span class='ocrx_word' id='word_1_948' title='bbox 2090 5762 2253 5818; x_wconf 85' lang='lat' dir='ltr'><strong>mead</strong></span> <span class='ocrx_word' id='word_1_949' title='bbox 2290 5763 2435 5818; x_wconf 88' lang='lat' dir='ltr'><strong>illum</strong></span> <span class='ocrx_word' id='word_1_950' title='bbox 2464 5763 2595 5819; x_wconf 86' lang='lat' dir='ltr'><strong>vado</strong></span> <span class='ocrx_word' id='word_1_951' title='bbox 2646 5765 2836 5821; x_wconf 84' lang='lat' dir='ltr'><strong>deinde</strong></span> <span class='ocrx_word' id='word_1_952' title='bbox 2868 5768 2956 5823; x_wconf 79' lang='lat' dir='ltr'><strong>ille</strong></span> <span class='ocrx_word' id='word_1_953' title='bbox 2977 5769 3378 5840; x_wconf 69' lang='lat' dir='ltr'><strong>dieat._l‘i-opter</strong></span> <span class='ocrx_word' id='word_1_954' title='bbox 3405 5772 3546 5826; x_wconf 85' lang='lat' dir='ltr'><strong>hunc</strong></span> 
     </span>
    </p>
   </div>
   <div class='ocr_carea' id='block_1_120' title="bbox 3135 5857 3207 5921">
    <p class='ocr_par' dir='ltr' id='par_1_120' title="bbox 3135 5857 3207 5921">
     <span class='ocr_line' id='line_1_120' title="bbox 3135 5857 3207 5921; baseline -0.028 0"><span class='ocrx_word' id='word_1_955' title='bbox 3135 5857 3207 5921; x_wconf 71' lang='lat'><strong>21</strong></span> 
     </span>
    </p>
   </div>
  </div>
