4064 6210
457 285 558 342 ὅτζῖ

462 399 580 453 haec
602 393 756 449 iacio.
774 385 1130 457 Quamobrem
1141 395 1262 437 non
1286 372 1554 435 erubescit
1573 370 1670 425 has
1692 380 1906 439 quoque
1921 361 2036 434 eius

465 485 738 556 appellare
787 479 1085 552 passiones.
1113 472 1227 528 Non
1279 468 1450 524 solum
1491 465 1631 518 enim
1660 475 1758 531 pro
1785 458 1938 512 nobis
1959 463 2044 509 est

470 586 732 641 mortuus,
765 570 858 626 sed
881 570 1041 624 etiam
1075 572 1355 635 postquam
1396 557 1494 612 fuit
1535 562 1796 615 mortuus,
1831 557 2044 618 paratus

464 667 560 722 fuit
593 681 688 736 pro
715 662 867 717 nobis
895 656 1074 726 amigi.
1104 649 1500 718 Contendltque
1520 654 1576 701 et
1602 642 1798 698 acriter
1819 645 2046 693 conatur

464 732 750 814 ostendere
791 753 964 824 ipsum
992 755 1374 818 quoquenune
1401 737 1699 810 periculum
1738 732 1920 787 subire
1951 741 2048 798 pro

469 822 825 916 Eeclesiaper
845 841 1117 913 proprium
1135 847 1362 906 corpus;
1383 839 1439 886 et
1459 830 1585 884 illuc
1605 825 1823 896 respicit
1842 822 2042 882 dicens,

470 944 587 999 Non
615 911 827 1011 peritos
846 911 1170 988 adducimini
1192 936 1246 982 ct
1268 937 1546 980 accessum
1577 918 1804 979 habetis,
1827 911 1922 969 sed
1955 925 2050 981 per

469 1009 666 1104 ipsum,
690 1027 896 1085 etiamsi
921 1038 1018 1079 nos
1044 1023 1158 1076 haec
1175 1019 1480 1073 faciamus:
1511 1026 1615 1067 non
1637 1009 1781 1064 enim
1811 1015 2047 1060 nostrum

469 1097 603 1196 opus
625 1114 1255 1195 suscepitnus,-sed-opns
1276 1110 1436 1164 illius.
1463 1107 1526 1161 Et
1547 1103 1768 1174 perinde
1791 1107 1896 1163 est,
1927 1106 1983 1150 ut
2004 1097 2048 1151 si

467 1189 732 1288 quispiam
758 1189 1050 1272 exercitus,
1081 1189 1168 1260 cui
1213 1202 1494 1270 obtigisset
1522 1197 1629 1250 dux
1662 1192 1784 1248 belli
1811 1191 1900 1260 qui
1927 1201 2048 1243 eum

467 1281 780 1366 defenderet
799 1319 862 1359 ac
885 1305 1214 1372 protegeret,
1239 1295 1292 1349 in
1319 1291 1461 1348 bello
1475 1296 1646 1344 staret
1671 1303 1684 1351 ;
1713 1281 1906 1339 deinde
1928 1293 2050 1336 eum

471 1406 562 1460 ille
581 1399 924 1459 excessisset,
943 1393 1062 1462 ejus
1074 1390 1217 1444 vices
1233 1397 1427 1458 gerens
1443 1383 1652 1452 legatus
1671 1377 1814 1431 illius
1832 1373 2048 1428 vulnera

468 1492 788 1563 susciperet,
807 1460 1272 1554 donec—«peractum
1296 1467 1670 1531 essetbellum.
1691 1464 1892 1522 Deinde
1910 1460 2049 1534 quod

471 1555 690 1658 propt-er
718 1581 891 1651 ipsum
920 1577 1022 1630 hoc
1048 1573 1222 1634 faciat,
1257 1566 1414 1623 audi:
1444 1563 1548 1620 Pro
1575 1575 1784 1631 corpore
1811 1559 1943 1627 ejus,
1972 1555 2051 1609 in-

470 1644 607 1748 quii;
623 1673 726 1728 hoc
740 1644 928 1725 volens
943 1666 1145 1730 dicere,
1163 1659 1278 1715 Non
1305 1658 1453 1713 vobis
1473 1653 1764 1725 gratillcor,
1783 1647 1876 1702 sed
1886 1644 2054 1701 Chri-

467 1738 552 1824 εἰς)
574 1738 732 1822 εήῖιῐη
754 1777 871 1834 qua:
889 1761 1035 1815 illum
1056 1752 1335 1825 oportebat
1355 1751 1483 1820 pati,
1499 1758 1598 1816 ego
1615 1742 1840 1814 proipso
1857 1738 2049 1810 patior.

470 1860 604 1915 \‘ide
643 1831 801 1930 quam
840 1853 1008 1908 multa
1037 1849 1225 1920 probet
1250 1855 1301 1900 et
1327 1841 1632 1899 conlirmet.
1663 1831 1911 1890 Ostendit
1936 1844 2052 1884 mn-

468 1964 628 2022 gnum
661 1921 937 2008 amorem;
969 1944 1105 1997 sicut
1145 1940 1196 1992 in
1241 1933 1472 1992 secunda
1515 1927 1745 1998 Epistula
1775 1922 1840 1978 ad
1867 1921 2055 1976 Coriu-

470 2012 611 2098 ihios
661 2038 876 2096 dicebat
903 2055 917 2090 :
949 2033 1016 2087 1n
1063 2032 1204 2086 nobis
1251 2027 1419 2098 posuit
1459 2019 1791 2076 ministerium
1835 2012 2054 2069 reconci-

469 2134 713 2190 liationis.
752 2129 819 2184 Et
855 2140 1041 2183 rursus
1065 2164 1081 2189 ,
1130 2137 1221 2192 pro
1261 2117 1467 2176 (iliristo
1502 2111 1750 2184 legatione
1793 2107 2054 2178 {angimur

470 2240 726 2288 tamquam
770 2219 879 2276 Deo
921 2218 1154 2271 hortante
1195 2225 1285 2280 per
1325 2224 1419 2263 nos
1445 2203 1520 2277 (Ξ.
1547 2204 1666 2260 Cor.
1698 2201 1749 2258 5.
1784 2199 1872 2254 18.
1913 2196 2051 2266 20);

470 2320 571 2372 hoc
595 2315 682 2369 hic
707 2324 922 2382 quoque
951 2305 1102 2372 dicit,
1132 2303 1234 2357 Pro
1263 2301 1382 2371 ipso
1414 2297 1608 2367 patior,
1636 2303 1692 2347 ut
1719 2292 1863 2360 ipsos
1889 2288 2056 2356 magis

471 2380 785 2464 attrahcret.
820 2399 932 2456 Hoc
955 2396 1058 2466 est,
1086 2393 1294 2451 etiamsi
1328 2393 1373 2447 is
1400 2391 1488 2461 qui
1514 2386 1667 2442 vobis
1693 2383 1874 2448 debet,
1901 2380 2051 2442 abiit,

469 2515 568 2571 ego
599 2508 773 2552 tamen
822 2491 1011 2548 reddo.
1043 2491 1337 2559 Propterea
1366 2482 1507 2538 enim
1545 2478 1674 2534 dicit
1701 2475 1895 2535 etiam,
1932 2471 2078 2538 ρηω·

471 2566 693 2652 desunt;
727 2595 784 2640 ut
814 2582 1064 2639 ostendat
1091 2588 1274 2650 putare
1315 2589 1374 2630 se
1402 2576 1578 2643 ipsum
1613 2566 1847 2623 nondum
1879 2572 2057 2618 totum

473 2698 570 2753 pro
611 2679 764 2735 nobis
809 2689 929 2730 esse
961 2686 1198 2744 passum.
1228 2658 1364 2722 Dicit
1389 2665 1547 2720 etiam
1567 2675 1703 2716 eum
1755 2664 1874 2727 post
1913 2667 2060 2707 mor-

476 2743 583 2827 lem
612 2766 1017 2840 pati,siquidem
1047 2761 1221 2815 adhuc
1251 2761 1561 2812 manserunt
1587 2765 1706 2821 quae
1733 2743 2059 2801 desintJloe

472 2867 528 2920 in
545 2837 780 2934 Epistola
803 2837 866 2914 ad
897 2858 1166 2912 Romanos
1190 2850 1345 2905 aliter
1373 2846 1513 2909 facit,
1541 2843 1724 2897 dicens
1749 2858 1764 2895 :
1793 2838 1893 2904 Qui
1909 2837 2060 2890 etiam

471 2929 763 3022 interpellat
807 2966 898 3017 pro
938 2947 1080 3000 nobis
1120 2939 1297 3008 (Rom.
1344 2939 1398 2993 8.
1427 2936 1564 3005 δικ
1606 2929 1897 2987 ostendens
1937 2942 2058 2980 eum

474 3059 582 3100 non
613 3043 723 3098 sola
769 3049 942 3095 morte
983 3035 1143 3091 fuisse
1179 3037 1487 3087 contentum
1513 3067 1529 3092 ,
1567 3023 1660 3080 sed
1691 3022 1848 3078 etiam
1878 3028 2058 3089 postea

476 3140 649 3192 facere
693 3128 1123 3189 innumerabilia.
1172 3124 1292 3180 Non
1344 3111 1474 3191 ergd
1518 3118 1752 3187 scipsum
1799 3111 2062 3167 extollens

478 3229 590 3281 haec
617 3225 764 3290 dicit,
798 3221 890 3278 sed
916 3221 1100 3276 volens
1127 3213 1415 3273 ostendere
1443 3210 1715 3264 Christum
1750 3218 1936 3259 eorum
1965 3201 2059 3254 atl-

481 3324 582 3374 huc
606 3333 789 3373 curam
815 3329 1027 3386 gerere.
1057 3312 1123 3366 Et
1151 3325 1264 3366 rem
1295 3306 1417 3361 facit
1446 3303 1548 3358 ﬂde
1571 3301 1808 3371 dignam,
1839 3295 2062 3364 subjun-

477 3413 671 3484 gendo,
710 3409 812 3464 Pro
836 3423 1046 3476 corpore
1072 3407 1200 3476 ejus.
1232 3399 1364 3456 Nam
1391 3395 1532 3467 quod
1563 3395 1631 3448 ita
1664 3406 1722 3446 se
1755 3389 1982 3451 habeat,
2011 3393 2064 3439 et

479 3521 588 3562 non
619 3505 689 3559 sit
717 3498 1090 3572 improbabile,
1117 3502 1196 3550 est
1231 3489 1566 3562 perspicuum
1597 3498 1664 3538 ex
1694 3497 1760 3536 eo
1786 3476 1924 3549 quod
1951 3476 2064 3529 hate

481 3600 610 3653 liant
639 3605 736 3668 pro‘
763 3570 989 3664 corpore
1029 3589 1168 3660 ejus.
1201 3583 1334 3640 Vide
1371 3576 1642 3653 quomodo
1676 3587 1775 3628 nos
1805 3570 1904 3625 sibi
1929 3584 2063 3622 con-

476 3689 678 3759 juusit.
705 3685 811 3742 Cur
833 3699 960 3755 ergo
990 3686 1042 3736 in
1065 3678 1298 3734 medium
1324 3672 1540 3742 angelos
1565 3661 1876 3720 adducitis?
1907 3659 2064 3727 Cujus

483 3751 647 3852 jactus
675 3786 787 3834 sum
814 3751 924 3848 ego,
959 3773 1150 3841 inquit,
1181 3769 1432 3823 minister.
1469 3759 1604 3831 Quid
1636 3758 1771 3813 alios
1792 3797 1806 3819 ,
1859 3751 2063 3821 inquit,

486 3843 1126 3938 introducitis'angelos?
1155 3874 1254 3930 ego
1281 3871 1398 3910 sum
1429 3852 1694 3907 minister.
1744 3843 1944 3898 Deinde
1974 3855 2067 3894 os-

485 3961 655 4017 tendit
684 3975 741 4014 se
781 3935 910 4012 nihil
941 3931 1186 4016 iecisse,
1225 3945 1485 4017 siquidem
1529 3951 1612 3996 est
1657 3937 1922 3994 minister.
1969 3931 2064 3986 9.5.

486 4055 666 4124 Cujus,
697 4051 898 4120 inquit,
933 4047 1096 4116 [actus
1122 4059 1234 4096 sum
1283 4055 1374 4110 ego
1413 4035 1640 4089 minister
1677 4025 1955 4084 secundum
1991 4023 2070 4076 di-

461 4145 855 4217 spensationem
881 4137 975 4194 Dei
1039 4153 1151 4207 quia
1177 4135 1298 4187 data
1322 4140 1394 4186 est
1424 4127 1545 4182 milii
1589 4127 1642 4178 in
1674 4122 1831 4186 uobis,
1875 4128 1928 4172 ut
1967 4120 2068 4171 im-

489 4210 655 4309 pleam
689 4234 895 4290 uerbum
943 4229 1056 4285 Dei.
1108 4223 1572 4293 Dispensationem.
1624 4219 1730 4270 Aut
1769 4214 1872 4267 hoc
1899 4210 2067 4274 dit-it,

487 4301 630 4401 quod
658 4329 735 4383 sic
762 4324 931 4380 voluit
958 4337 1079 4376 cum
1113 4321 1225 4388 ipse
1251 4315 1469 4369 abiisset
1494 4352 1508 4378 ,
1539 4325 1637 4365 nos
1677 4305 1950 4375 suscipere
1991 4301 2072 4357 di-

488 4420 906 4492 spensationem,
931 4428 998 4468 ne
1028 4407 1369 4466 elﬁceremini
1401 4414 1672 4473 tamquam
1701 4396 1928 4459 deserti;
1957 4393 2073 4464 ipse

490 4486 633 4568 enim
663 4521 744 4566 est
770 4507 858 4579 qui
881 4519 957 4562 eSt
988 4517 1198 4574 passus,
1233 4500 1346 4569 ipse
1372 4496 1460 4567 qtti
1489 4493 1755 4562 legatione
1784 4486 2023 4558 fungitur
2055 4499 2070 4538 :

490 4615 582 4661 aut
610 4605 710 4657 hoc
741 4601 868 4656 dicit
895 4617 906 4653 :
936 4597 1019 4652 Me
1055 4595 1144 4664 qtti
1173 4592 1409 4646 omnium
1450 4586 1679 4642 maxime
1709 4597 1855 4638 eram
1887 4592 2076 4650 perse-

492 4704 720 4765 qnntor,
753 4701 1033 4762 propterea
1073 4686 1200 4740 sivit
1228 4680 1508 4754 persequi,
1548 4687 1604 4732 nt
1637 4674 1932 4747 praedicans
1972 4671 2072 4726 sint

499 4787 600 4839 title
630 4783 860 4852 dignus:
893 4789 981 4832 aut
1009 4775 1133 4832 dicit
1165 4771 1619 4843 dispensationem
1641 4808 1658 4832 ,
1687 4764 1936 4836 quoniam
1967 4777 2072 4815 non

495 4877 742 4948 qna-sivit
768 4888 928 4942 opera
952 4912 965 4932 ,
996 4883 1167 4938 neque
1198 4867 1433 4920 actiones
1458 4904 1472 4928 ,
1503 4873 1677 4930 neque
1715 4856 1968 4927 praeclara
2001 4851 2079 4906 fa-

497 4974 679 5023 cinora
704 5010 716 5031 ,
748 4964 840 5019 sed
873 4963 1029 5016 iidem
1059 4970 1113 5014 et
1150 4959 1433 5028 baptisma.
1462 4952 1578 5009 Non
1614 4951 1754 5006 enim
1782 4949 1935 5002 aliter
1959 4961 2081 5000 vcr-

498 5064 622 5116 hum
646 5053 1039 5124 suscepissetis.
1072 5049 1134 5103 In
1163 5049 1321 5110 vobis,
1350 5045 1542 5114 inquit,
1566 5052 1619 5096 ut
1647 5041 1856 5111 impleat
1877 5037 2076 5092 verbum

501 5152 616 5205 Dei.
656 5135 795 5203 Dicit
820 5145 886 5200 de
922 5142 1168 5214 gentibus
1188 5182 1201 5200 ,
1231 5137 1520 5193 ostendens
1548 5149 1643 5190 eos
1665 5132 1838 5187 adhuc
1863 5127 2046 5184 labare
2065 5169 2078 5192 ,

500 5239 748 5302 dicendo,
784 5235 850 5292 Ut
877 5234 1137 5303 impleam.
1164 5230 1294 5285 Nam
1327 5227 1467 5298 quod
1504 5235 1691 5297 gentes
1713 5222 1952 5290 disjecne
1982 5235 2080 5290 p0-

503 5329 700 5384 tuerint
727 5328 1031 5398 dogntatum
1059 5331 1255 5378 tantam
1284 5319 1557 5387 suscipere
1587 5313 1944 5376 altitudinem,
1976 5326 2079 5364 non

503 5429 619 5474 erat
645 5420 814 5483 Pauli,
844 5418 936 5472 sed
967 5417 1061 5470 Dei
1084 5410 1497 5482 dispensationis
1527 5427 1540 5463 :
1571 5407 1702 5462 Nam
1734 5419 1855 5476 ego,
1886 5403 2079 5472 inquit,

505 5527 611 5566 non
645 5509 954 5579 potuissem.
983 5508 1117 5562 Cum
1153 5515 1330 5560 autem
1361 5499 1704 5566 ostendisset,
1737 5495 1876 5567 qttod
1911 5493 2084 5561 majus

503 5612 625 5662 est,
669 5614 791 5655 suas
838 5597 1210 5667 perpessiones
1244 5608 1366 5649 esse
1409 5590 1610 5647 Christi
1639 5631 1654 5654 ,
1698 5596 1825 5642 tunc
1849 5585 2085 5655 apertius

506 5691 811 5762 suhjttngit,
845 5691 944 5746 hoc
988 5679 1200 5760 quoque
1227 5702 1346 5742 esse
1385 5685 1479 5740 Dei
1508 5726 1521 5751 ,
1573 5665 1730 5752 quod
1765 5679 1985 5734 verbum
2031 5675 2082 5731 in

1110 269 1167 325 S.
1207 259 1484 323 JOANNIS
1517 250 1991 316 CHRYSOSTOMI
2036 247 2352 307 ARCHIEP.
2391 241 2922 302 CONSTANTIXOP.

2132 361 2226 416 eis
2255 359 2579 430 impleverit.
2608 357 2676 413 Et
2697 358 2782 412 hic
2816 353 3082 422 ostendit,
3119 353 3244 409 licet
3273 366 3377 407 non
3411 353 3694 408 manifesto
3713 393 3733 418 ,

3623 235 3737 293 323

2147 451 2249 507 hoc
2276 466 2516 521 quoque,
2548 449 2688 520 quod
2714 448 2914 503 dictum
2942 456 3046 511 est,
3077 461 3242 515 quum
3271 445 3461 500 audire
3483 443 3738 512 potestis,

2147 557 2211 597 ex
2236 541 2641 610 dispensatione
2675 554 2796 594 esse
2819 580 2835 605 ,
2870 553 2975 592 non
3006 546 3186 592 autent
3226 551 3291 591 ex
3341 536 3546 590 incuria
3572 576 3588 600 ,
3636 535 3740 587 sed

2149 643 2208 688 ut
2233 635 2349 688 sitis
2375 647 2617 703 capaces.
2648 620 2964 687 Deus-enim
2990 643 3098 683 non
3127 625 3505 693 repente‘lacit
3528 626 3740 688 omnia,

2145 724 2246 779 sed
2272 725 2438 778 utitur
2469 725 2552 778 'sni
2581 721 2904 776 demissione
2941 729 3158 790 propter
3184 732 3429 787 magnam
3455 733 3606 772 suam
3639 717 3746 769 hu-
3784 767 3795 790 ι

2152 815 2481 870 manilatem.
2514 813 2594 868 Et
2625 814 2739 866 haec
2764 820 2849 867 est
2868 824 3036 864 causa
3060 850 3074 874 ,
3123 809 3265 878 quod
3309 822 3451 862 nunc
3489 808 3745 862 Christus
3783 791 3794 810 ³

2153 905 2449 969 advenerit,
2481 919 2584 959 non
2613 903 2881 958 olimuSic
2902 903 3064 956 etiam
3093 899 3332 954 ostendit
3362 901 3412 954 in
3441 899 3744 969 Evangelio

2153 997 2294 1068 quod
2326 1011 2511 1052 servos
2539 996 2745 1050 miserit
2781 994 2980 1063 primos
3002 1033 3018 1060 ,
3063 1006 3130 1047 ne
3156 990 3223 1045 ad
3243 990 3444 1045 ctedem
3473 991 3561 1044 lilii
3589 992 3750 1046 veni-

2142 1099 2292 1145 rent.
2319 1089 2376 1146 Si
2393 1088 2536 1144 enim
2559 1101 2627 1140 ne
2646 1084 2838 1142 Filium
2867 1085 3082 1155 quidem
3113 1083 3204 1138 Dei
3234 1091 3358 1137 sunt
3383 1081 3618 1145 reveriti,
3645 1084 3742 1150 qui

2155 1190 2274 1251 post
2304 1187 2740 1234 servos-wenemt
2759 1216 2776 1244 ,
2795 1178 2979 1232 .muite
3003 1175 3180 1245 magis
3209 1182 3364 1228 antea
3395 1191 3408 1227 :
3438 1173 3481 1226 si
3530 1173 3745 1227 minora

2144 1279 2418 1342 przeeepta
2461 1283 2568 1324 non
2608 1267 2930 1332 audierunt,
2963 1265 3233 1336 quomodo
3263 1264 3464 1332 majora
3491 1263 3746 1317 audivis-

2155 1362 2318 1417 sent?
2340 1360 2478 1428 Quid
2508 1375 2639 1431 ergo
2661 1360 2832 1414 dicit?
2857 1360 3051 1413 Annon
3081 1367 3206 1411 sunt
3237 1369 3386 1410 nunc
3408 1369 3620 1424 quoque
3645 1353 3745 1408 Ju-

2154 1451 2256 1506 daei
2269 1450 2526 1506 etﬁrteei
2554 1448 2914 1520 imperfectius
2935 1446 3108 1502 allecti
3132 1445 3252 1500 lEa
3277 1459 3406 1500 vero
3424 1455 3507 1500 est
3528 1459 3744 1498 summa

2149 1541 2401 1597 socordia
2432 1559 2445 1595 :
2477 1556 2598 1595 nam
2612 1549 2745 1610 post
2774 1549 2978 1594 tantum
3020 1546 3272 1607 tempus,
3311 1545 3431 1605 post
3459 1544 3537 1589 tot
3572 1534 3752 1588 docu-

2161 1644 2360 1700 menta,
2390 1633 2564 1688 adhuc
2591 1645 2810 1687 manere
2839 1630 3178 1702 imperfectos
3196 1669 3212 1695 ,
3237 1639 3317 1682 est
3346 1641 3556 1697 magna:
3574 1625 3749 1681 hebe-

2159 1724 2374 1780 tudinis.

2230 1819 2283 1872 3.
2330 1817 2557 1882 Quando
2599 1826 2728 1887 ergo
2752 1816 2988 1872 dixerint
3022 1815 3195 1870 Graeci
3223 1857 3239 1880 ,
3267 1815 3377 1870 Cur
3415 1825 3558 1867 uiuae
3592 1813 3749 1866 venit

2143 1909 2448 1965 Christus?
2490 1925 2557 1965 ne
2585 1911 2823 1964 sinamus
2859 1925 2953 1964 eos
2977 1909 3080 1962 hoe
3103 1907 3283 1962 dicere
3307 1949 3322 1973 ,
3365 1905 3462 1960 sed
3489 1920 3748 1974 rogemus

2161 2018 2287 2057 num
2311 2011 2458 2056 recte
2485 2017 2543 2056 se
2559 2001 2814 2072 gesserit.
2840 1999 2921 2056 Ut
2949 1999 3089 2055 enim
3115 1999 3162 2053 si
3190 1999 3429 2052 venisset
3455 1996 3524 2049 ab
3545 1995 3695 2049 initio
3728 2037 3741 2050 .

2163 2105 2218 2151 et
2243 2108 2302 2150 se
2327 2111 2436 2151 non
2465 2101 2611 2148 recte
2640 2092 2896 2164 gessisset
2923 2132 2939 2157 ,
2971 2105 3078 2144 non
3110 2087 3408 2143 sull'ecisset
3441 2097 3652 2156 tempus
3677 2089 3768 2138 ad-

2162 2190 2565 2246 excusationem
2598 2204 2615 2242 :
2646 2187 2716 2240 ita
2745 2183 2998 2255 quoniam
3025 2195 3084 2237 se
3115 2191 3266 2234 recte
3293 2178 3500 2250 gessit,
3534 2191 3642 2231 non
3664 2188 3749 2229 est

2162 2297 2372 2352 sequuta
2415 2290 2473 2333 ut
2518 2278 2774 2349 temporis
2811 2290 2840 2329 a
2879 2273 3035 2328 nobis
3065 2272 3316 2340 exigatur
3359 2269 3513 2322 ratio.
3561 2267 3752 2338 Neque

2162 2375 2303 2429 enim
2326 2388 2354 2426 a
2385 2370 2591 2426 medico
2619 2371 2706 2440 qui
2737 2367 2980 2423 morbum
3003 2364 3224 2426 curarit,
3250 2372 3304 2417 et
3330 2359 3542 2416 sanitati
3570 2376 3748 2429 aegro-

2164 2474 2274 2519 tum
2302 2462 2620 2527 restituerit,
2643 2459 2809 2529 exigit
2829 2456 3094 2528 quispiam
3125 2454 3386 2507 rationem
3417 2452 3703 2506 curationis
3730 2467 3746 2508 ;

2163 2568 2337 2624 neque
2369 2552 2559 2606 ducem
2604 2549 2878 2605 exercitus
2921 2544 3140 2600 victoria
3172 2544 3402 2613 potitum
3427 2538 3696 2595 examinat
3729 2581 3745 2599 ,

2151 2659 2257 2700 cur
2295 2644 2345 2697 in
2374 2641 2477 2696 hoc
2506 2650 2780 2709 tempore,
2811 2646 2864 2693 et
2904 2651 3002 2691 cur
3040 2635 3094 2689 in
3143 2635 3236 2688 illo
3286 2633 3490 2686 vicerit.
3536 2630 3668 2685 Nam
3700 2633 3751 2683 si

2163 2752 2269 2790 non
2309 2749 2419 2789 rem
2477 2740 2619 2787 recte
2654 2729 2955 2801 gessisset,
2985 2736 3102 2781 erat
3152 2721 3596 2793 inteﬂ'ogandus;
3624 2735 3752 2774 cum

2163 2835 2339 2880 antem
2392 2838 2504 2878 rem
2555 2833 2701 2877 recte
2747 2818 3026 2891 gesserit,
3068 2831 3190 2871 cum
3254 2813 3411 2868 laude
3460 2822 3543 2867 est
3589 2814 3752 2866 exci-

2166 2917 2410 2989 piendus.
2452 2915 2582 2982 Quae
2612 2923 2705 2969 est
2740 2916 2882 2967 enim
2905 2953 2920 2976 ,
2960 2910 3072 2969 dic.
3103 2922 3286 2978 quaeso
3311 2948 3328 2972 ,
3353 2905 3465 2959 lide
3492 2903 3705 2973 dignior
3732 2942 3751 2962 ,

2169 3021 2329 3064 tuane
2358 3006 2699 3062 ratiocinatio
2724 3011 2784 3058 et
2808 2999 3096 3061 calumnia,
3129 3013 3196 3051 an
3221 2996 3298 3050 rei
3324 2993 3590 3064 perfectio
3615 2993 3641 3044 7
3666 2995 3713 3044 vi
3729 3021 3750 3032 -

2166 3104 2329 3167 citne,
2349 3102 2564 3154 annon?
2587 3096 2688 3150 hoc
2727 3093 2952 3150 ostende
2985 3109 2998 3145 :
3031 3088 3359 3159 Superiorne
3387 3085 3488 3139 luit
3523 3098 3700 3138 annon
3728 3084 3756 3136 ?

2167 3197 2233 3250 ad
2262 3194 2491 3248 linemne
2521 3188 2770 3262 perduxit
2793 3200 2914 3256 qua:
2934 3183 3089 3246 dixit,
3123 3179 3346 3235 annon?
3376 3177 3504 3232 Htec
3527 3185 3653 3230 sunt
3678 3177 3756 3229 de

2167 3288 2359 3360 quibus
2387 3275 2657 3340 reddenda
2689 3289 2771 3336 est
2802 3279 2959 3333 ratio.
3001 3277 3094 3330 Dic
3122 3273 3249 3329 mihi
3275 3313 3289 3338 ,
3335 3271 3500 3325 Deum
3531 3268 3760 3324 omnino

2170 3381 2352 3436 lateris
2381 3393 2519 3442 esse,
2554 3377 2598 3430 si
2617 3391 2732 3430 :non
2758 3370 3074 3428 Christum?
3095 3384 3158 3423 ex
3187 3376 3238 3422 te
3265 3373 3443 3420 autem
3469 3363 3713 3418 sciscitor
3740 3382 3755 3414 :

2172 3474 2380 3528 Dcusne
2405 3479 2489 3524 est
2529 3469 2647 3524 sine
2692 3463 2996 3536 principio?
3030 3461 3185 3516 Dices
3205 3501 3224 3526 ,
3256 3458 3418 3514 Sane.
3452 3456 3544 3510 Dic
3572 3467 3757 3508 autem

2171 3562 2300 3618 mihi
2327 3579 2341 3615 :
2372 3560 2483 3616 Cur
2504 3575 2609 3614 non
2631 3567 2754 3611 ante
2774 3555 2956 3610 decies
2978 3552 3125 3607 mille
3146 3564 3314 3604 aratos
3341 3549 3462 3604 fecit
3482 3547 3760 3600 homines?

2171 3654 2428 3708 vixissent
2465 3650 2606 3704 enim
2646 3644 2876 3718 longiori
2909 3654 3167 3712 tempore.
3208 3639 3340 3694 Nam
3367 3639 3409 3692 si
3439 3637 3640 3691 bonum
3673 3648 3761 3688 est

2171 3760 2314 3808 esse,
2342 3742 2510 3796 multo
2541 3739 2706 3808 magis
2733 3750 2852 3790 esse
2870 3735 3094 3790 diutius.
3113 3731 3263 3786 Nunc
3277 3739 3456 3784 autem
3473 3727 3761 3780 damnum-

2174 3851 2239 3888 ne
2263 3839 2581 3900 acceperunt
2604 3829 2722 3899 ejus
2744 3823 3003 3896 temporis
3022 3837 3254 3892 quonon
3281 3818 3516 3875 luerunt.
3535 3830 3711 3869 annon
3733 3816 3760 3866 ’ἒ

2174 3925 2279 3980 Sed
2306 3922 2560 3978 damnum
2595 3935 2701 3973 non
2731 3924 3084 3986 acceperunt:
3110 3909 3380 3983 quomodo
3406 3917 3606 3970 autem,
3641 3907 3764 3974 ipse

2173 4018 2274 4073 scit
2297 4015 2385 4085 qui
2418 4012 2587 4068 fecit?
2617 4009 2823 4065 Rursus
2851 4021 2923 4063 ex
2953 4016 3004 4060 te
3027 4017 3216 4075 quaero
3243 4043 3259 4067 ,
3292 4015 3389 4055 cur
3417 4013 3527 4052 non
3569 4011 3762 4050 omnes

2175 4115 2395 4179 repente
2439 4115 2492 4161 et
2528 4102 2686 4158 simul
2717 4099 2877 4156 fecit?
2905 4107 2959 4153 et
2987 4097 3133 4151 illius
3161 4093 3376 4164 quidem
3403 4089 3495 4160 qui
3540 4090 3747 4158 primas

2173 4210 2257 4257 est
2283 4208 2459 4263 natus,
2493 4196 2693 4260 anima,
2727 4201 2806 4248 tot
2829 4190 3202 4250 habetannos,
3233 4183 3401 4238 altera
3429 4189 3609 4234 autem
3634 4192 3762 4231 cum

2175 4293 2414 4349 nondum
2455 4291 2525 4344 sit
2575 4287 2716 4343 facta
2744 4326 2760 4352 ,
2795 4284 2972 4339 minus
2999 4281 3162 4335 habet
3189 4279 3213 4332 ἲ
3239 4291 3336 4330 cur
3366 4274 3514 4328 illum
3541 4270 3761 4342 quidem

2176 4387 2430 4459 primum,
2455 4382 2596 4437 hunc
2618 4394 2748 4435 vero
2774 4376 3125 4449 posteriorem
3151 4375 3202 4429 in
3230 4371 3371 4425 hunc
3397 4365 3655 4422 mundum
3680 4365 3767 4417 in-

2178 4456 2328 4533 duxit
2353 4475 2377 4530 ?
2406 4475 2471 4529 Et
2501 4473 2616 4527 lucc
2645 4470 2858 4541 quidem
2896 4482 3023 4522 vere
3063 4463 3224 4535 digna
3253 4470 3380 4516 sunt
3409 4500 3423 4524 ,
3455 4457 3526 4512 de
3567 4456 3768 4527 quibus

2179 4577 2470 4641 quaeratur,
2495 4573 2551 4618 at
2570 4579 2676 4618 non
2705 4576 2824 4631 quae
2853 4559 3066 4613 curiose
3107 4554 3429 4623 indagentur
3459 4568 3474 4604 :
3505 4563 3629 4603 nam
3658 4547 3768 4600 hoc

2183 4676 2252 4716 ne
2278 4657 2596 4728 estquidem
2625 4653 2994 4724 qumrentlnm.
3028 4649 3138 4719 Ego
3162 4647 3304 4702 enim
3331 4643 3508 4697 dicam
3540 4653 3768 4696 causam

2183 4770 2341 4824 quam
2386 4752 2493 4807 disi
2520 4768 2532 4805 :
2562 4763 2701 4819 pone
2737 4745 2866 4800 mihi
2909 4743 3126 4814 quidem
3182 4741 3470 4795 humanam
3511 4743 3767 4788 naturam

2185 4823 2303 4899 esse
2329 4842 2490 4898 veluti
2514 4837 2796 4910 quamdam
2827 4843 3074 4899 munem;
3103 4841 3156 4886 et
3182 4829 3369 4900 primis
3391 4823 3606 4896 quidem
3632 4832 3776 4875 tetu-

2186 4936 2403 5007 poribus
2437 4930 2794 4988 adolescentis
2835 4927 3010 4981 locum
3045 4923 3243 4976 habere
3275 4926 3519 4973 nostrum
3548 4927 3721 4984 genus
3749 4927 3768 4973 ς

2187 5029 2250 5082 iis
2276 5035 2455 5081 autem
2485 5023 2574 5094 qui
2602 5028 2922 5092 sequuntur,
2972 5015 3185 5086 juvenis
3215 5030 3228 5076 ;
3261 5011 3326 5064 iis
3351 5022 3481 5062 vero
3514 5005 3604 5074 qtzi
3642 5013 3774 5056 sunt

2187 5134 2351 5190 prope
2372 5113 2783 5178 senium,senis.
2803 5111 2920 5166 lam
2949 5123 3078 5161 vero
3105 5119 3226 5160 cum
3259 5103 3311 5155 in
3339 5099 3472 5154 ﬂore
3499 5108 3554 5150 et
3581 5094 3778 5163 vigore

2189 5211 2343 5265 fuerit
2365 5208 2562 5272 anima,
2581 5205 2772 5260 laxatis
2797 5200 3049 5256 membris
3067 5195 3329 5266 corporis,
3355 5200 3410 5246 et
3425 5189 3571 5245 bello
3595 5186 3774 5248 linito,

2190 5313 2312 5357 tunc
2340 5300 2481 5354 ducti
2509 5313 2692 5352 sumus
2718 5294 2782 5349 ad
2811 5288 3224 5363 philosophiam.
3258 5283 3418 5353 Atqui
3444 5287 3660 5339 contra,
3694 5277 3779 5328 in-

2188 5396 2357 5466 quit-s,
2389 5407 2477 5447 res
2498 5405 2565 5453 se
2590 5388 2750 5444 habet
2782 5403 2796 5440 :
2827 5400 2921 5440 eos
2944 5383 3031 5453 qui
3064 5387 3190 5434 sunt
3217 5359 3587 5430 adolescentes
3611 5368 3779 5422 doco-

2192 5504 2331 5551 mns,
2361 5485 2453 5540 sed
2486 5499 2592 5539 non
2620 5493 2809 5552 magna
2837 5477 3112 5548 dogmata,
3144 5487 3332 5526 verum
3361 5464 3690 5521 rhetoricam
3721 5465 3780 5511 ct
3813 5533 3828 5540 _

2191 5578 2402 5632 divendi
2438 5575 2745 5632 facultatem
2779 5588 2792 5635 ;
2827 5571 2941 5624 haec
2966 5581 3095 5622 vero
3123 5561 3338 5635 quando
3367 5559 3562 5614 ﬂorent
3590 5561 3778 5608 aetate.

2197 5672 2328 5727 \‘ide
2356 5678 2530 5724 autem
2565 5665 2730 5721 Deum
2771 5675 2983 5732 quoque
3015 5657 3128 5713 hzcc
3163 5655 3335 5710 lacere
3367 5647 3504 5720 apud
3534 5645 3783 5702 ,ωειλ-οε.
