4064 6210
322 358 440 416 δερ

315 474 516 531 Iudaeis
545 472 689 528 enim
736 480 1004 541 tamquam
1050 467 1228 538 pueris
1269 467 1410 521 Deus
1457 462 1893 533 Mosem'praife-

316 568 389 622 cit
434 564 563 619 ludi'
594 563 931 633 magistrum,
960 568 1015 615 et
1056 568 1114 614 ut
1142 558 1323 631 pueris
1364 557 1481 613 btec
1508 556 1633 612 fecit
1661 557 1766 621 ille,
1799 554 1899 610 ad-

316 654 576 710 umbrans
601 654 737 708 sicut
766 667 865 707 nos
893 652 1158 707 elementa
1188 668 1203 704 :
1235 648 1478 705 Umbram
1503 648 1636 701 enim
1660 687 1676 708 .
1706 648 1895 716 inquit,

317 744 505 798 habens
525 743 609 797 lea:
636 741 928 810 futurorum
948 740 1193 794 bonorum
1216 779 1230 804 ,
1261 755 1362 793 non
1390 738 1558 809 ipsam
1586 753 1753 792 rerum
1773 737 1900 789 ima-

316 838 482 905 ginem
523 835 542 906 (
571 833 731 889 Hebr.
759 835 848 890 to.
882 834 907 888 ι
941 833 985 904 ).
1034 832 1184 888 Sicut
1210 846 1308 888 nos
1335 830 1517 901 pueris
1543 840 1599 886 et
1628 830 1901 901 placentas

314 931 565 994 emimus,
597 938 651 984 et
676 928 982 983 nummulos
1010 929 1202 983 damus
1226 969 1240 992 ,
1274 943 1436 981 unum
1466 927 1535 982 ab
1562 927 1643 981 eis
1670 927 1895 996 exigen-

315 1030 398 1075 tes
417 1030 477 1074 ut
498 1033 638 1074 nunc
665 1028 789 1074 eant
817 1018 883 1072 ad
912 1018 1092 1073 ludum
1121 1019 1422 1075 literarium
1446 1036 1459 1072 :
1491 1018 1734 1074 ita-Deus
1777 1026 1901 1071 tunc

316 1127 532 1183 quoque
573 1120 628 1168 et
678 1111 891 1167 divitias
916 1111 1079 1167 dedit;
1097 1122 1152 1168 et
1196 1113 1411 1167 delicias
1437 1153 1453 1177 ,
1494 1112 1658 1166 multa
1702 1125 1899 1165 conce-

315 1202 494 1258 dendo
514 1218 677 1258 unum
700 1202 769 1257 ab
796 1204 878 1258 eis
898 1218 1106 1268 emens,
1128 1211 1187 1258 ut
1213 1204 1460 1258 audirent
1489 1203 1744 1274 Moysem.
1770 1202 1904 1256 Pro-

318 1304 515 1365 pterea
551 1295 841 1351 dedit'eos
888 1294 1097 1350 doctori
1145 1310 1210 1351 ac
1259 1296 1561 1366 magistro,
1609 1310 1678 1350 ne
1725 1295 1899 1364 ipsum

318 1385 698 1455 despicerent,
730 1384 825 1439 sed
869 1393 927 1437 ut
968 1392 1174 1457 patrem
1218 1385 1536 1440 benevolum
1566 1383 1897 1453 exciperent.

319 1473 743 1542 Videquomodo
766 1474 911 1528 illum
940 1475 1111 1530 solum
1141 1474 1563 1531 timuerint.Non
1590 1474 1737 1528 enim
1750 1473 1902 1528 dixe-

317 1575 460 1632 runt,
494 1564 593 1622 Ubi
634 1574 719 1621 est
760 1564 901 1620 Deus
924 1606 939 1632 ,
968 1564 1061 1620 sed
1081 1590 1103 1627 -.
1134 1564 1235 1621 Ubi
1282 1576 1366 1620 est
1412 1565 1621 1636 Moyses
1643 1565 1750 1618 ’l’et
1778 1578 1899 1618 cum

317 1656 489 1712 s-dum
516 1656 751 1722 adesset,
768 1666 885 1712 erat
911 1656 1188 1712 terribilis.
1220 1656 1446 1725 Quando
1474 1657 1639 1728 igitur
1660 1655 1900 1710 ﬁiale‘fe-

317 1756 507 1803 cerunt
530 1789 546 1813 ,
577 1746 699 1803 ride
725 1748 995 1818 quomodo
1018 1763 1114 1804 eos
1139 1750 1327 1819 puniit.
1356 1749 1659 1804 Namobeus
1685 1747 1899 1818 quidem

317 1838 534 1894 volebat
575 1853 669 1894 eos
706 1840 954 1894 abdicare
979 1881 993 1905 ,
1027 1841 1145 1910 ipse
1172 1855 1432 1895 vero‘non
1465 1840 1759 1910 permittit:
1794 1840 1902 1895 ituo

278 1950 283 1957 π
321 1945 455 1984 vero
476 1938 643 1984 totum
670 1930 761 1985 fuit
784 1930 896 1997 Dei,
921 1930 1010 1984 illo
1034 1940 1301 2000 tamquam
1327 1938 1477 2000 patre
1502 1931 1760 1995 minante,
1783 1944 1896 1984 ma-

322 2023 495 2091 gistro
520 2029 693 2076 autem
717 2032 936 2091 rogante
963 2037 1025 2077 ac
1046 2022 1373 2092 deprecante
1395 2022 1736 2090 dicenteque,
1771 2021 1899 2077 Mihi

321 2110 603 2177 condam,
619 2123 671 2167 et
695 2113 762 2167 ab
790 2112 913 2168 inde
936 2113 986 2166 in
1010 2128 1096 2168 me
1120 2113 1378 2182 suscipio.
1406 2112 1497 2168 Sic
1518 2113 1785 2169 desertum
1805 2112 1905 2168 fuit

316 2203 489 2259 ludus
507 2204 791 2258 literarius.
822 2205 887 2258 Et
915 2205 1054 2259 sicut
1081 2204 1227 2273 pueri
1255 2219 1374 2259 cum
1407 2205 1460 2259 in
1503 2204 1628 2259 ludo
1659 2204 1902 2260 literario

316 2292 517 2347 fuerint
544 2293 703 2364 longo
730 2303 993 2364 tempore,
1024 2296 1212 2350 volunt
1237 2295 1493 2351 recedere
1523 2312 1536 2348 :
1572 2295 1641 2350 ita
1671 2295 1743 2350 illi
1771 2310 1906 2365 quo-

318 2396 425 2451 que
452 2392 577 2438 tunc
616 2383 829 2439 assidue
855 2385 1168 2453 quaerebant
1197 2384 1491 2456 Egyptum
1518 2424 1534 2451 ,
1565 2394 1637 2441 et-
1664 2386 1903 2451 flebant,

316 2474 561 2530 dicentes
592 2516 608 2539 ,
649 2475 946 2542 Periimus,
981 2479 1281 2548 consumpti
1314 2494 1501 2532 sumus
1526 2518 1544 2545 ,
1576 2478 1900 2533 interiimus.

318 2565 384 2620 Et
414 2566 647 2621 tabulam
671 2582 859 2622 eorum
889 2570 1139 2623 contrivit
1164 2569 1394 2641 Moyses,
1423 2584 1545 2625 cum
1574 2570 1733 2624 veluti
1752 2585 1925 2639 que.

314 2656 440 2711 dam
463 2660 681 2713 nomina
710 2658 788 2713 eis
819 2660 1145 2729 scripsisset.
1179 2660 1332 2728 Quod
1378 2662 1757 2717 etiam'feeerit
1784 2676 1901 2715 tua»

314 2732 505 2817 gister,
526 2762 648 2803 eum
675 2760 889 2818 accepta
917 2749 1087 2805 tabula
1113 2751 1445 2806 eam—viderit
1466 2752 1608 2807 male
1626 2752 1898 2821 scriptam,

316 2838 491 2906 ipsam
538 2855 769 2911 quoque
782 2826 927 2911 jacit‘
955 2842 1231 2908 tabulam,
1262 2857 1507 2913 magnam
1555 2843 1687 2897 iram
1719 2843 1905 2898 volens

315 2930 608 2986 ostendere
634 2946 663 2995 ;.
688 2931 845 2987 ets'r
866 2931 1192 3002 confregerit
1219 2974 1235 2998 ,
1287 2943 1438 3004 pater
1481 2949 1587 2988 non
1634 2934 1898 2990 irascitur.

315 3020 455 3075 Nam
483 3022 597 3091 ipse
622 3021 834 3091 quidem
861 3021 912 3077 ei
936 3023 1231 3079 scribenda:
1255 3023 1602 3090 incubuerat;
1631 3025 1703 3080 illi
1725 3034 1902 3080 autem

315 3128 433 3167 non
452 3113 519 3168 ad
557 3129 679 3169 eum
712 3115 1053 3183 aspicientes,
1088 3115 1184 3170 sed
1214 3116 1319 3170 alio
1345 3118 1611 3181 conversi,
1635 3133 1692 3173 se
1711 3118 1903 3173 immo-

314 3205 471 3259 deste
488 3214 543 3259 et
573 3204 866 3263 insolenter
891 3207 1172 3276 gerebant:
1193 3216 1247 3263 et
1272 3208 1408 3262 sicut
1439 3208 1490 3262 in
1521 3207 1644 3265 ludo
1668 3210 1904 3268 literario

315 3296 475 3367 pueri
504 3311 567 3353 se
593 3298 816 3354 invicem
846 3298 1087 3368 pulsant,
1116 3300 1185 3355 ita
1220 3292 1361 3355 tunc
1390 3315 1599 3373 quoque
1625 3303 1784 3373 jussit
1807 3320 1901 3360 eos

314 3403 379 3442 se
397 3398 590 3443 mutuo
616 3388 894 3445 verberare
912 3388 963 3445 et
981 3391 1304 3447 interimere.
1320 3393 1386 3447 Et
1402 3410 1585 3448 rursus
1611 3396 1748 3450 sicut
1772 3396 1904 3451 dans

310 3478 654 3549 disciplinas,
682 3480 875 3535 deinde
904 3483 1142 3552 exigens,
1172 3491 1226 3538 et
1252 3499 1357 3538 non
1387 3487 1686 3552 inveniens,
1710 3486 1779 3540 ita
1812 3503 1905 3558 pu-

312 3569 521 3623 niebat.
565 3569 641 3626 Ut
670 3571 816 3626 verbi
858 3573 1025 3642 gratia
1060 3588 1074 3631 :
1118 3573 1283 3629 literae
1309 3584 1461 3629 erant
1491 3575 1582 3630 Dei
1615 3579 1901 3646 potentiam

312 3662 618 3717 indicantes
644 3679 761 3733 qua:
803 3665 856 3719 in
883 3664 1114 3737 Egypto
1140 3675 1285 3735 gesta
1332 3676 1474 3721 sunt.
1509 3666 1669 3733 Sane,
1699 3669 1898 3739 inquit;

311 3752 411 3807 sed
457 3754 564 3808 illa!
605 3754 770 3809 literre
808 3756 1175 3826 signiﬁcabant
1206 3758 1406 3828 plagas.
1438 3757 1542 3813 Sed
1565 3767 1619 3813 et
1638 3761 1775 3829 quod
1808 3776 1905 3831 pu-

313 3846 430 3899 niat
475 3844 755 3911 inimicos;
784 3855 838 3902 et
865 3857 1017 3903 erant
1056 3848 1134 3903 eis
1178 3849 1331 3903 ludus
1376 3849 1643 3904 literarius
1688 3865 1904 3906 accura-

314 3944 424 3989 tus.
455 3935 591 4003 Quid
619 3937 761 3992 enim
789 3948 903 3993 erat
928 3938 1070 3993 aliud
1094 3941 1299 4009 punitio
1329 3942 1704 4007 inimicorum,
1741 3958 1900 4012 quam

312 4034 558 4079 vestrum
588 4026 948 4082 beneficium?
972 4028 1183 4100 Alioqui
1213 4040 1390 4086 autem
1421 4046 1517 4086 vos
1546 4047 1755 4102 quoque
1779 4032 1900 4087 affl-

315 4115 494 4169 ciebat
518 4115 892 4184 beneficio;‘et
919 4119 1142 4190 perinde
1172 4120 1291 4187 fuit,
1311 4130 1374 4176 ut
1396 4122 1439 4176 si
1473 4123 1731 4192 quispiam
1758 4122 1901 4180 dicat

316 4208 535 4275 quidem
562 4222 619 4263 se
646 4224 803 4265 nosse
831 4211 1035 4276 literas,
1059 4213 1285 4281 sparsim
1307 4222 1483 4268 autem
1516 4214 1899 4284 interrogatus,

317 4299 720 4365 noninveniat',
756 4309 808 4355 et
837 4301 1168 4357 verberetur.
1196 4302 1269 4358 Ita
1300 4304 1376 4358 illi
1408 4318 1623 4374 quoque
1648 4304 1902 4361 dicebant

314 4389 537 4457 quidem
569 4404 630 4446 se
650 4407 806 4447 nosse
836 4393 924 4448 Dei
955 4394 1347 4462 potentiamgsi
1373 4396 1599 4465 sparsim
1629 4405 1806 4451 autem
1834 4399 1901 4454 ab

314 4478 396 4534 eis
420 4480 730 4549 exigeretur
758 4482 868 4550 ipsa
895 4486 1133 4553 cognitio
1156 4526 1169 4547 ,
1207 4501 1275 4540 ne
1300 4486 1600 4554 praebebant
1630 4486 1849 4557 quidem
1882 4527 1896 4551 ,

315 4576 372 4623 et
398 4569 523 4623 ideo
557 4571 1000 4628 verberabantur.
1036 4575 1493 4647 Vidisti-aquam?
1521 4577 1687 4632 debes
1720 4592 1901 4633 recor-

318 4658 620 4731 tlariaquae
649 4677 767 4732 quas
791 4663 891 4719 fuit
917 4666 968 4719 in
1000 4665 1256 4737 Egypto.
1289 4668 1419 4722 Nam
1446 4669 1534 4737 qui
1562 4684 1624 4723 ex
1657 4684 1790 4739 aqua
1826 4669 1901 4724 fe-

314 4750 385 4803 eit
409 4752 725 4821 sanguinein
748 4794 762 4818 ,
796 4758 988 4824 poterit
1018 4758 1130 4826 ipse
1157 4773 1367 4829 quoque
1397 4760 1497 4813 hoc
1522 4760 1717 4814 facere.
1751 4761 1899 4815 Sicut

312 4858 414 4898 nos
444 4858 608 4911 sane
622 4844 847 4902 dicimus
876 4849 1052 4917 pueris
1077 4891 1091 4914 ,
1133 4849 1266 4905 Cum
1295 4850 1497 4905 videris
1526 4851 1577 4905 in
1612 4852 1748 4907 libro
1789 4852 1899 4908 ele-

311 4944 582 5001 mentum,
603 4937 668 4999 Α,
693 4937 976 4993 recordare
1001 4939 1140 5009 quod
1159 4940 1210 4994 id
1233 4940 1466 4995 habebas
1495 4942 1543 4995 in
1575 4941 1789 4997 tabella.
1811 4941 1901 4996 Vi-

312 5024 442 5080 disti
498 5026 732 5080 famem?
763 5027 1047 5083 recordare
1094 5029 1235 5099 quod
1280 5030 1322 5084 is
1350 5031 1464 5099 ipse
1503 5037 1621 5085 erat
1662 5031 1749 5100 qui
1776 5046 1898 5101 ger-

312 5117 461 5169 mina
512 5116 764 5185 perdidit.
798 5116 982 5173 Vidisti
1015 5118 1214 5174 bella?
1241 5120 1522 5176 recordare
1573 5121 1772 5177 diluvii.
1807 5122 1899 5177 Vi-

312 5204 442 5259 disti
472 5221 695 5276 magnos
722 5222 844 5263 esse
883 5194 977 5278 qui
998 5218 1193 5265 terram
1217 5210 1495 5265 habitant?
1528 5212 1621 5266 sed
1652 5227 1758 5265 non
1790 5227 1899 5266 ma-

307 5295 462 5367 jores
485 5295 773 5368 Agyptiis.
794 5298 894 5367 Qui
911 5314 979 5354 ex
1001 5315 1185 5355 eorum
1209 5290 1460 5356 medio-te
1480 5301 1699 5366 exemit,
1720 5315 1896 5356 annon

311 5389 489 5443 multo
528 5390 698 5459 magis
736 5398 786 5444 te
827 5403 949 5445 cum
997 5391 1071 5445 sis
1117 5390 1757 5447 extraservoverit’l'Sed
1790 5407 1895 5446 non

314 5490 513 5536 norant
542 5496 601 5535 se
620 5482 688 5538 de
712 5483 913 5552 sparsis
943 5482 1259 5553 interrogari
1288 5483 1612 5547 elementis;
1645 5493 1898 5553 propter-

313 5587 376 5627 ea
419 5572 864 5629 verberabantur.
896 5573 1262 5631 Comederuut
1290 5584 1346 5630 et
1369 5575 1622 5629 biberunt
1649 5582 1703 5628 et
1730 5574 1900 5628 recal—

313 5662 909 5736 citrarunt.0portehat
935 5668 987 5722 in
1020 5682 1212 5722 manna
1245 5681 1349 5721 non
1378 5679 1618 5737 quaerere
1654 5665 1897 5735 volupta-

316 5766 425 5813 tem
458 5796 476 5825 ,
502 5769 625 5811 cum
658 5755 780 5814 inde
822 5767 997 5817 ortum
1036 5760 1234 5818 malum
1268 5760 1595 5819 didicissent.
1630 5762 1696 5818 Et
1738 5761 1875 5817 idem

1232 350 1296 406 IN
1336 347 1550 406 EPIST.
1591 348 1684 404 AD
1720 345 2000 403 COLOSS.
2039 344 2196 401 CAP.
2237 344 2278 400 l.
2323 344 2553 401 HOMIL.
2596 345 2684 401 ιν.

3484 354 3589 412 350

2025 457 2292 514 faciebant
2321 456 2460 527 quod
2481 474 2623 527 puer
2648 458 2910 529 ingenuus
2940 460 3136 517 missus
3161 462 3228 519 ad
3255 463 3434 519 ludum
3465 466 3587 521 lite-

2007 551 2207 605 rarium
2233 589 2247 613 ,
2274 549 2364 619 qui
2394 557 2600 618 quaerat
2636 548 2831 619 degere
2870 565 2989 606 cum
3017 551 3213 619 servis,
3240 564 3294 610 et
3323 556 3401 610 eis
3428 556 3591 611 mini-

2008 650 2209 703 strare;
2233 650 2430 696 etcum
2456 643 2788 697 necessarios
2813 642 3135 713 aeingenuo
3150 644 3336 715 dignos
3356 646 3504 702 cibos
3536 648 3587 702 iu

2007 746 2193 786 mensa
2224 730 2389 801 patris
2408 730 2605 786 sedens
2629 747 2843 787 sumere
2871 734 3065 803 possit,
3096 736 3248 789 malit
3277 735 3377 790 frui
3406 736 3586 792 faetida

2006 832 2059 879 et
2086 823 2317 877 tumultu.
2351 838 2419 878 ac
2457 823 2862 892 perturbatione
2884 825 3041 892 plena
3074 840 3350 881 servorum
3375 844 3581 883 mensa.

2008 912 2167 968 lta.et
2198 913 2271 967 illi
2301 912 2594 983 Egyptum
2623 914 2956 983 qumrebant.
2991 915 3057 970 Et
3099 915 3351 971 dicebant
3377 917 3542 991 Moysi
3568 960 3584 984 ,

2007 1002 2170 1068 Certe,
2194 1002 2411 1058 Domine
2439 1020 2458 1057 :
2484 1005 2655 1059 omnia
2680 1021 3006 1074 quaecumque
3029 1006 3221 1062 dixeris
3250 1009 3511 1078 faciemus,
3540 1019 3588 1063 rt

2005 1094 2270 1148 audiemus
2303 1097 2322 1165 (
2350 1093 2520 1150 Exod.
2552 1095 2645 1151 ει.
2672 1097 2701 1149 7
2728 1096 2769 1167 ).
2803 1096 2870 1150 Et
2900 1107 2955 1151 ut
2983 1108 3134 1167 patre
3166 1098 3587 1157 inemendabiles

2007 1184 2145 1240 filios
2165 1185 2478 1241 interimere
2508 1187 2724 1242 volente
2747 1228 2763 1253 ,
2794 1189 3054 1258 magister
3080 1190 3295 1247 assidue
3320 1191 3582 1263 depreca-

2007 1288 2112 1343 tur,
2142 1279 2192 1333 id
2223 1290 2348 1335 tunc
2369 1294 2514 1350 saepe
2545 1279 2741 1335 factum
2774 1288 2876 1336 est.

2077 1370 2130 1423 4.
2163 1370 2268 1425 Cur
2293 1371 2408 1426 haec
2436 1385 2465 1425 a
2495 1371 2649 1426 nobis
2678 1371 2819 1426 dicta
2842 1372 3007 1426 sunt?
3033 1372 3183 1440 Quod
3213 1389 3240 1427 a
3276 1376 3456 1445 pueris
3499 1376 3585 1432 ni-

2008 1457 2078 1513 hil
2118 1459 2449 1516 differamus.
2484 1461 2577 1517 Vis
2614 1462 2804 1517 audire
2842 1477 3031 1519 eorum
3078 1480 3290 1535 quoque
3334 1465 3585 1537 dogmata

2007 1565 2293 1619 puerorum
2321 1552 2481 1607 esse?
2509 1550 2727 1606 Oculum
2752 1593 2767 1616 ,
2800 1553 2972 1623 inquit
2999 1594 3014 1618 ,
3043 1571 3138 1624 pro
3163 1556 3311 1611 oculo
3337 1598 3351 1621 ,
3381 1568 3429 1610 et
3458 1558 3588 1613 den-

2005 1650 2105 1695 tem
2136 1642 2402 1711 prodente
2439 1643 2456 1712 (
2484 1641 2605 1697 Leu.
2638 1642 2730 1698 24.
2753 1642 2887 1714 9.0-).
2916 1644 3150 1701 Merito:
3175 1648 3481 1704 nibilenim
3520 1650 3591 1705 ad

2006 1734 2262 1791 ultionem
2303 1750 2457 1805 teque
2498 1735 2755 1791 incitatur
2791 1746 2952 1806 atque
2994 1740 3151 1808 pueri
3185 1740 3417 1796 animus.
3454 1741 3589 1798 Nam

2005 1824 2257 1895 quoniam
2286 1826 2511 1882 rationis
2540 1837 2753 1897 egestas
2780 1839 2865 1883 est
2890 1837 2945 1883 et
2974 1830 3137 1884 animi
3161 1839 3339 1887 motus
3364 1847 3429 1887 ac
3457 1847 3582 1900 per-
3686 1904 3689 1905 ν

2007 1917 2258 1984 turbatio,
2288 1934 2478 1989 magna
2508 1929 2687 1974 autem
2713 1930 2926 1991 egestas
2954 1923 3176 1977 rationis
3205 1933 3258 1978 et
3283 1926 3589 1983 considera-

2010 2007 2169 2063 tionis
2211 2018 2293 2064 est
2342 2009 2393 2064 iu
2446 2010 2534 2064 illa
2577 2019 2776 2077 aatate,
2805 2011 2998 2067 merito
3043 2012 3110 2068 ab
3163 2014 3256 2069 ira:
3304 2018 3587 2086 tyrannide

2006 2099 2322 2167 opprimitur
2364 2114 2530 2170 puer;
2571 2108 2624 2156 et
2671 2110 2814 2155 tanta
2846 2103 3124 2173 tyrannide
3149 2145 3163 2168 ,
3193 2113 3250 2160 ut
3276 2120 3417 2175 sit-pe
3465 2122 3585 2163 cum

2005 2191 2072 2246 ad
2101 2202 2293 2247 terram
2325 2208 2382 2248 se
2408 2193 2634 2249 alliserit
2661 2201 2715 2248 et
2743 2196 3056 2261 surrexerit,
3081 2206 3172 2251 aut
3195 2198 3428 2253 irascens
3445 2197 3597 2270 genu

2006 2284 2204 2354 pulset,
2235 2294 2327 2339 aut
2350 2285 2639 2341 scabellum
2668 2295 2892 2351 evertat,
2924 2298 2977 2344 et
3005 2287 3074 2344 ita
3095 2288 3336 2345 dolorem
3359 2292 3512 2348 sedet
3534 2303 3591 2348 et

2007 2376 2137 2430 iratn
2170 2377 2491 2447 exstinguat.
2512 2378 2643 2434 Tale
2670 2378 2798 2449 quid
2827 2381 2988 2435 etiam
3023 2381 3161 2436 Deus
3181 2381 3325 2450 fecit,
3364 2385 3579 2440 oculqu

2008 2480 2105 2535 pro
2128 2467 2283 2521 oculo
2307 2467 2439 2522 dans
2458 2469 2899 2538 exsculpendum,
2927 2478 2983 2525 et
3010 2470 3228 2527 dentem
3256 2488 3351 2542 pro
3376 2474 3537 2529 dente
3563 2516 3578 2537 .

2008 2565 2061 2612 et
2090 2555 2387 2628 Egyptios
2412 2559 2705 2628 perimens,
2736 2575 2944 2615 necnon
2976 2561 3298 2618 Amalecitas
3328 2566 3416 2635 qui
3443 2566 3589 2636 ipsos

2008 2645 2253 2701 molestia
2282 2646 2595 2702 atl‘eeerant.
2623 2649 2687 2703 Et
2713 2649 2840 2704 talia
2867 2649 2945 2705 eis
2970 2652 3231 2719 promittit
3258 2693 3274 2718 ,
3306 2664 3362 2709 ut
3388 2656 3432 2710 si
3462 2658 3582 2726 quis

2008 2734 2152 2791 dicat
2188 2754 2203 2791 :
2234 2737 2411 2803 Pater,
2442 2737 2531 2794 ille
2558 2755 2645 2794 me
2674 2741 2939 2809 percussit
2963 2757 2977 2807 ;
3001 2742 3196 2798 deinde
3221 2744 3362 2800 dicat
3392 2756 3543 2816 pater
3567 2790 3591 2815 ν

2010 2827 2103 2883 Ille
2131 2828 2292 2884 homo
2318 2830 2493 2886 malus
2514 2842 2596 2887 est
2622 2872 2637 2898 ,
2668 2832 2816 2888 illum
2841 2832 3131 2891 habeamus
3151 2835 3297 2891 odio.
3327 2837 3399 2895 lta
3426 2840 3589 2896 etiam

2011 2920 2152 2976 Deus
2185 2938 2197 2974 :
2226 2920 2319 2976 Eis
2342 2922 2431 2991 qui
2456 2921 2559 2977 tibi
2582 2934 2706 2978 sunt
2734 2924 2931 2979 inimici
2960 2939 3054 2980 ero
3082 2926 3345 2988 inimicus.
3372 2930 3541 3001 inquit
3566 2975 3583 2999 ,

2010 3020 2065 3068 ct
2088 3028 2182 3069 eos
2211 3014 2300 3083 qui
2331 3023 2382 3070 te
2401 3013 2632 3082 oderint,
2651 3016 2817 3071 odero
2839 3015 3033 3087 (Exod.
3057 3017 3147 3074 25.
3174 3017 3287 3091 22).
3313 3020 3379 3076 Et
3404 3038 3588 3078 rursus

2010 3105 2222 3176 quando
2261 3107 2579 3178 precabatur
2609 3108 2823 3164 Balaam
2848 3152 2861 3173 ,
2895 3110 3111 3179 puerilis
3149 3121 3265 3167 erat
3303 3129 3422 3183 quae
3461 3115 3587 3185 ipsis

2010 3197 2145 3253 facta
2175 3207 2259 3253 est
2282 3187 2442 3254 animi
2465 3199 2740 3255 demissio.
2756 3200 2907 3257 Sicut
2928 3202 3068 3257 enim
3100 3205 3268 3273 pueri,
3288 3219 3407 3259 cum
3434 3207 3589 3277 quid-

2012 3289 2152 3357 piam
2180 3305 2286 3344 non
2327 3291 2659 3346 formidabile
2700 3291 2880 3347 vident
2911 3333 2927 3359 ,
2978 3301 3034 3347 ut
3064 3292 3239 3350 lanam
3269 3305 3323 3350 et
3352 3296 3540 3353 similia
3567 3340 3585 3365 ,

2009 3380 2186 3435 statim
2210 3380 2433 3445 timent;
2468 3389 2699 3451 tuncque
2722 3398 2787 3439 ne
2820 3387 3007 3440 timere
3038 3398 3276 3456 pergant,
3307 3387 3357 3442 id
3372 3388 3452 3443 .ad
3468 3406 3588 3444 ma-

2011 3486 2111 3525 nus
2138 3470 2348 3525 illorum
2376 3471 2691 3527 adducimus
2709 3510 2730 3539 ν
2778 3482 2831 3529 et
2858 3475 3091 3529 nutrices
3114 3475 3367 3545 jubemus
3395 3488 3581 3535 osten-

2009 3559 2307 3630 dere~quid
2352 3560 2423 3614 sit
2457 3579 2469 3614 :
2502 3562 2754 3617 itaetiam
2781 3563 2908 3618 fecit
2936 3564 3076 3619 Deus
3108 3583 3122 3620 :
3151 3567 3399 3636 quoniam
3437 3576 3601 3626 vates

2009 3659 2125 3705 erat
2155 3650 2408 3707 terribilis
2434 3694 2449 3718 ,
2484 3654 2735 3709 timorem
2765 3653 2870 3710 illis
2895 3656 3255 3712 convertiLin
3287 3659 3583 3715 audaciam.

2011 3743 2077 3797 Et
2108 3741 2514 3800 sicut=infantes
2550 3745 2639 3815 qui
2678 3745 3015 3802 ablactantur
3042 3788 3058 3814 ,
3088 3749 3267 3803 omnia
3290 3748 3493 3808 habent
3531 3751 3585 3808 iu

2008 3834 2432 3903 parvisocalathis
2461 3853 2475 3889 :
2507 3836 2577 3890 ita
2604 3836 2712 3892 illis
2737 3853 2948 3908 quoque
2969 3838 3131 3894 dabat
3148 3840 3349 3907 omnia,
3371 3850 3438 3898 et
3452 3843 3587 3899 ntul-

2012 3936 2091 3979 tas
2120 3926 2362 3982 delicias.
2406 3928 2513 3983 Sed
2543 3932 2680 3984 sicut
2709 3929 2883 3985 infans
2907 3931 3134 4001 requirit
3155 3947 3443 3988 mammam
3468 3973 3482 3999 ,
3512 3934 3584 3991 ita

2010 4019 2096 4073 isti
2124 4035 2339 4090 quoque
2362 4020 2677 4093 )Egyptum,
2704 4031 2759 4076 et
2778 4037 2899 4092 quae
2930 4021 3037 4078 illic
3061 4033 3215 4079 erant
3241 4039 3452 4081 carnes.

2078 4107 2217 4164 Laus
2257 4109 2468 4181 Moysis.
2499 4111 2604 4165 Cur
2631 4112 2858 4167 Christus
2892 4116 2945 4164 in
2988 4113 3230 4167 mundum
3271 4116 3463 4171 tardius
3505 4133 3583 4172 tte-

2009 4203 2157 4253 nerit.
2177 4200 2619 4267 -—Quamobrem
2652 4217 2754 4255 non
2777 4203 3125 4267 aberraverit,
3149 4204 3237 4269 qui
3266 4203 3502 4274 Moysem
3531 4216 3586 4264 et

2007 4292 2282 4347 doctorem
2323 4300 2377 4345 et
2412 4293 2635 4346 altorem
2677 4300 2731 4347 et
2758 4293 3103 4363 paedagogum
3132 4295 3500 4364 appellaverit,
3531 4308 3588 4356 et

2007 4383 2124 4453 ejus
2150 4397 2393 4451 magnam
2423 4382 2615 4438 dixerit
2642 4399 2762 4439 esse
2786 4386 3121 4454 sapientiam.
3155 4386 3270 4442 Non
3298 4398 3422 4444 sunt
3442 4390 3584 4446 enim

2008 4473 2153 4544 paria
2184 4474 2310 4528 viris
2335 4473 2445 4543 jam
2483 4473 2812 4544 philosOpbis
2838 4490 3090 4546 praeesse,
3121 4486 3175 4532 et
3203 4477 3381 4547 pueris
3410 4479 3584 4549 impe-

2006 4580 2148 4628 rare,
2180 4564 2386 4619 ratione
2409 4564 2584 4618 minus
2610 4565 2861 4635 praeditis.
2890 4567 2974 4631 Et,
3004 4568 3048 4621 si
3078 4568 3221 4623 aliud
3245 4585 3456 4641 quoque
3476 4573 3585 4627 vul-

2009 4658 2077 4710 tis
2102 4655 2306 4720 audire,
2342 4656 2479 4711 sicut
2510 4656 2685 4710 nutrix
2718 4656 2849 4711 dicit
2874 4656 3085 4725 infanti,
3117 4659 3339 4727 Quando
3367 4676 3431 4718 es
3457 4678 3583 4733 ege-

2007 4760 2208 4811 sturus,
2242 4756 2415 4801 vestes
2446 4755 2563 4800 tuas
2591 4747 2782 4815 collige
2818 4755 2875 4801 et
2911 4762 3199 4818 compone;
3238 4761 3292 4805 et
3330 4754 3582 4824 quamdiu

2006 4837 2308 4893 considebis
2333 4855 2348 4892 :
2371 4837 2441 4892 ita
2464 4840 2624 4892 etiam
2652 4836 3133 4909 faciebatMoyses.
3155 4839 3223 4894 Et
3243 4841 3378 4896 sicut
3395 4855 3586 4899 omnes

2005 4932 2170 4987 animi
2199 4940 2377 4987 motus
2405 4940 2467 4986 et;
2499 4932 2929 5001 perturbationes
2970 4933 3301 5004 tyrannidem
3331 4944 3587 4992 exercent

2006 5021 2058 5077 in
2104 5020 2284 5090 pueris
2327 5019 2605 5092 (nondum.
2636 5021 2778 5075 enim
2830 5021 3027 5077 habent
3074 5022 3357 5093 aurigam),
3410 5024 3584 5080 inanis

2005 5113 2194 5183 gloria,
2234 5110 2515 5181 cupiditas,
2568 5110 2791 5165 rationis
2819 5121 3049 5182 egestas,
3093 5114 3191 5179 ira,
3240 5113 3433 5167 invidia
3466 5129 3481 5168 :
3512 5114 3582 5168 ita

2004 5202 2165 5258 etiam
2196 5201 2248 5256 in
2278 5200 2479 5256 Judzeis
2518 5201 2632 5256 lucc
2659 5201 2835 5256 omnia
2865 5201 3195 5256 dominatum
3223 5202 3528 5259 obtinebant
3565 5222 3579 5259 :

2005 5293 2372 5363 oonspuebant
2401 5293 2658 5365 Moysem,
2689 5294 3063 5349 verberabant.
3093 5293 3162 5347 Et
3184 5294 3317 5348 sicut
3340 5309 3474 5365 puer
3495 5310 3583 5350 ac-

2004 5384 2134 5455 cipit
2158 5382 2407 5454 lapidem,
2438 5394 2494 5438 et
2520 5399 2708 5440 omnes
2735 5384 3047 5447 clamamus,
3082 5384 3127 5439 0
3150 5399 3218 5440 ne
3247 5383 3440 5455 ieceris
3465 5402 3481 5441 :
3509 5388 3581 5441 ita

2005 5478 2077 5532 illi
2116 5492 2327 5547 quoque
2371 5476 2574 5545 lapides
2603 5476 2883 5547 capiebant
2921 5473 3179 5530 adversus
3217 5487 3460 5545 patrem;
3492 5476 3581 5530 ille.

2007 5584 2133 5624 vero
2164 5568 2415 5638 fugiebat.
2438 5567 2505 5621 Et
2523 5569 2659 5622 sicut
2685 5566 2731 5621 si
2753 5574 3127 5622 ornamentum
3154 5566 3367 5637 aliquod
3389 5565 3580 5623 habeat

2006 5670 2178 5733 pater,
2208 5658 2276 5715 ab
2304 5674 2370 5715 eo
2396 5659 2524 5729 petit
2550 5672 2682 5729 puer
2700 5656 3000 5715 ornamenti
3025 5657 3246 5730 cupidus
3277 5678 3287 5712 :
3321 5658 3390 5715 ita
3417 5658 3578 5716 etiam

2009 5758 2243 5818 fecerunt
2276 5754 2478 5812 Dathan
2511 5754 2814 5821 etAbirou,
2848 5752 3179 5823 insurgentes
3205 5752 3459 5811 adversus
3488 5772 3578 5813 sa-
