4064 6210
463 383 560 440 3M

468 493 762 551 cerdotium
792 487 980 564 (Num.
1010 485 1122 552 t6).
1151 481 1317 538 Erant
1343 486 1520 534 autem
1557 467 1798 564 omniain
1827 469 2057 524 maxime

471 582 655 649 invidi,
697 561 868 636 rixosi
905 585 960 634 et
992 571 1288 645 imperfecti
1328 570 1380 624 in
1421 565 1692 621 omnibus.
1725 561 1877 616 'l‘unc
1903 572 2055 628 ergo,

471 675 560 732 dic
598 673 752 740 mihi,
782 683 985 742 quasso,
1027 662 1262 737 oportuit
1288 659 1559 716 Christum
1599 665 1892 742 apparere;
1933 656 2060 742 tunc

473 769 590 821 tunc
633 738 898 835 praecepta
938 758 1067 813 dare
1108 749 1500 825 philosOphiea,
1549 742 1766 816 quando
1813 738 2062 835 furebant

473 833 713 920 libidine,
761 851 974 924 quando
1002 855 1154 905 erant
1183 845 1308 915 equi
1351 842 1405 898 in
1445 840 1672 895 feminas
1705 833 2059 924 insanientes,

475 945 688 1018 quando
716 922 1023 998 serviebant
1054 937 1293 1009 pecuniae
1321 941 1378 989 et
1411 929 1582 988 Ventri
1603 929 1627 983 2
1785 922 2064 1018 effudisset

477 1013 796 1093 documenta
826 1029 1178 1104 philosophia
1204 1027 1475 1082 disserens
1494 1035 1618 1076 cum
1651 1013 2059 1104 insipientibus;

475 1140 529 1183 et
561 1139 732 1196 neque
759 1101 898 1188 huic,
939 1134 1115 1191 neque
1149 1118 1239 1173 illa
1266 1114 1578 1171 didicissent
1606 1126 1621 1163 :
1649 1115 1706 1164 et
1729 1108 1868 1196 sicut
1897 1104 1943 1160 is
1971 1101 2063 1173 qui

477 1228 604 1274 ante
627 1195 894 1274 elementa
938 1213 1098 1268 docet
1139 1210 1339 1279 legere,
1383 1210 1672 1273 numquam
1703 1211 1770 1253 ne
1797 1195 2064 1252 elementa

480 1309 695 1380 quidem
726 1304 975 1367 docebit;
1023 1304 1092 1356 ita
1136 1309 1263 1355 tunc
1304 1309 1537 1367 quoque.
1585 1288 1838 1380 Sedgnon
1873 1297 2015 1380 nunc
2048 1299 2062 1338 :

483 1374 606 1455 nam
636 1413 733 1468 per
777 1394 872 1450 Dei
915 1393 1141 1464 gratiam
1185 1389 1352 1444 multa
1399 1377 1754 1440 mansuetudo
1801 1384 1857 1432 et
1901 1374 2066 1468 multa

484 1464 652 1546 virtus
679 1488 875 1558 ubique
899 1495 981 1541 est
1017 1484 1272 1556 plantata.
1303 1480 1407 1534 Pro
1437 1473 1687 1530 omnibus
1715 1483 1845 1538 ergo
1869 1464 2069 1536 gratias

485 1595 724 1652 agamus,
768 1587 824 1635 et
865 1593 932 1634 ne
974 1577 1143 1631 simus
1185 1571 1406 1628 nimium
1436 1564 1655 1623 curiosi.
1686 1560 1820 1617 Nam
1859 1566 2070 1652 tempus

486 1646 586 1730 nhs
613 1673 900 1733 nescimus,
943 1666 1036 1723 sed
1065 1666 1167 1721 scit
1213 1661 1448 1718 Effeetor
1479 1654 1761 1726 temporis,
1794 1660 1849 1706 et
1881 1646 2071 1717 Opifes

487 1767 822 1820 Sﬂ‘cnlortl‘m.
845 1761 924 1815 0.:
951 1761 1108 1814 nibus
1131 1771 1263 1825 ergo
1288 1755 1359 1810 illi
1383 1751 1672 1808 cedamus:
1697 1745 1800 1800 hoc
1826 1751 1908 1798 est
1929 1738 2072 1795 enim

1193 371 1250 426 S.
1288 360 1564 424 JOANNIS
1597 353 2076 416 CHRYSOSTOMI
2111 350 2430 410 ARCIIIEP.
2451 346 2982 406 CONSTAN'I‘I'NOP.

3647 342 3750 400 533

2165 463 2334 520 Deum
2382 461 2712 534 gloriﬁcare,
2754 462 2823 518 de
2867 461 2932 516 iis
2977 475 3097 531 qua:
3141 459 3286 526 facit,
3336 459 3596 514 rationem
3644 473 3750 512 non

2162 556 2398 625 exigere.
2432 554 2522 612 Sic
2564 564 2622 610 et
2657 554 2926 609 Abraham
2971 553 3116 609 dedit
3165 553 3393 622 gratiam
3427 552 3538 605 Deo
3569 568 3584 604 :
3618 551 3755 605 Pcr-

2162 662 2366 701 snasum
2399 647 2608 714 habens,
2653 646 2842 715 inquit,
2885 645 3022 715 quod
3062 645 3115 698 id
3149 644 3287 716 quod
3317 644 3548 714 promisit
3578 652 3759 713 potens

2165 749 2240 792 est
2268 738 2421 793 etiam
2449 741 2617 810 facere
2646 736 2827 809 (Rom.
2856 739 2911 792 4.
2937 736 3054 807 21).
3098 736 3192 791 Ille
3227 752 3296 792 ne
3324 735 3392 791 de
3421 736 3600 791 futuro
3631 735 3757 806 qui.

2163 827 2286 882 dem
2322 835 2406 882 est
2429 829 2734 884 sciscitatus
2765 843 2778 881 :
2811 842 2910 882 nos
2952 836 3130 882 autem
3170 826 3331 881 etiam
3369 824 3438 880 de
3470 826 3764 896 prietes-itis

2165 918 2430 973 rationem
2457 919 2801 988 inquirimus.
2836 917 2969 974 Vide
2990 931 3187 988 quanta
3214 918 3285 972 sit
3311 919 3565 981 amentia,
3589 933 3765 984 quan-

2168 1016 2279 1063 tum
2307 1008 2497 1079 ingrati
2523 1010 2688 1066 animi
2717 1009 2926 1064 vitium.
2953 1009 3059 1066 Sed
3087 1008 3155 1064 de
3173 1017 3370 1064 caetero
3390 1007 3719 1063 desistamns
3743 1024 3761 1062 :

2170 1100 2301 1155 nihil
2348 1101 2492 1156 enim
2537 1117 2603 1158 ex
2656 1116 2724 1158 eo
2764 1101 2898 1157 lucri
2927 1101 3208 1172 accipitur,
3237 1099 3333 1156 sed
3375 1115 3623 1170 magnum
3661 1098 3761 1154 da-

2168 1208 2353 1248 mnum
2383 1213 2397 1248 :
2426 1202 2484 1250 et
2509 1203 2662 1264 grato
2691 1196 2860 1251 simus
2888 1195 3066 1250 animo
3098 1195 3151 1248 in
3184 1203 3422 1248 nostrum
3451 1193 3758 1258 Dominum,

2170 1292 2225 1338 et
2252 1283 2362 1338 Deo
2388 1282 2615 1353 gloriam
2638 1286 2966 1349 amittamus,
2997 1295 3056 1340 ut
3080 1299 3178 1354 pro
3200 1284 3450 1340 omnibus
3473 1281 3762 1338 olferentcs

2170 1373 2465 1442 gratiarum
2518 1375 2809 1441 actionem,
2858 1376 2976 1446 ejus
3024 1374 3393 1430 misericordia
3441 1373 3760 1444 dignemur.

2171 1462 2343 1532 gratia
2386 1471 2443 1519 et
2487 1463 2817 1535 benignitate
2862 1465 3072 1521 Domini
3121 1465 3289 1520 nostri
3344 1464 3471 1520 Jesu
3522 1464 3762 1529 Christi,

2173 1568 2295 1612 cum
2325 1569 2434 1624 quo
2475 1555 2618 1611 Patri
2651 1557 2916 1628 simulque
2946 1569 3133 1611 sancto
3175 1556 3394 1624 Spiritui
3435 1557 3627 1627 gloria,
3665 1557 3760 1610 int-

2177 1644 2408 1713 perium,
2439 1645 2633 1715 honor,
2664 1663 2806 1702 nunc
2843 1657 2899 1704 et
2940 1663 3173 1718 semper,
3205 1657 3258 1702 et
3288 1649 3340 1702 in
3366 1648 3559 1703 saecula
3589 1663 3761 1703 tta-cu-

2178 1737 2378 1795 lorum.
2410 1741 2603 1798 Amen.

485 1870 3764 1915 Μ

1881 1945 2228 2009 HOMILIA
2265 1948 2343 2009 V.

489 2118 602 2172 Cn
665 2117 717 2170 l.
766 2130 817 2168 ν.
857 2113 949 2167 9.6.
993 2109 1317 2181 Mysterium,
1357 2102 1496 2174 quod
1536 2100 1632 2170 fuit
1669 2093 2018 2150 absconditum
2048 2109 2082 2146 α

565 2208 766 2263 sa'culis
792 2218 838 2260 et
866 2201 1296 2276 generationibus,
1341 2211 1472 2250 nunc
1507 2202 1674 2246 autem
1699 2187 2078 2257 manifestatum

565 2310 640 2354 est
667 2298 857 2352 sanctis
879 2297 1012 2366 ejus,
1047 2291 1143 2347 27.
1172 2289 1352 2360 quibus
1380 2283 1539 2340 uoluit
1570 2281 1708 2336 Deus
1738 2287 1883 2332 notas
1917 2278 2082 2346 facere

563 2391 765 2448 divitias
791 2389 970 2460 gloria
994 2382 1296 2442 sacramenti
1319 2379 1472 2449 hujus
1491 2376 1546 2430 in
1571 2370 1822 2445 gentibus,
1847 2366 1982 2438 quod
2009 2372 2083 2419 est

567 2485 798 2541 Christus
825 2483 877 2535 in
906 2479 1048 2534 nobis
1073 2491 1187 2545 spes
1218 2472 1396 2543 gloria:
1425 2483 1444 2523 :
1467 2467 1558 2523 28.
1586 2479 1734 2535 quem
1759 2477 1851 2515 nos
1877 2473 2080 2512 annun-

565 2577 772 2638 tiamus,
817 2571 1148 2641 corripientes
1195 2577 1394 2621 omnem
1439 2557 1713 2620 hominem,
1752 2562 1798 2606 et
1851 2551 2084 2604 docentes

447 2655 453 2702 ί
566 2683 764 2724 omnem
792 2663 1046 2719 hominem
1089 2660 1141 2714 in
1173 2657 1312 2713 omni
1345 2651 1616 2722 sapientia,
1662 2655 1714 2700 ut
1762 2643 2085 2699 exhibeamus

566 2775 767 2816 omnem
789 2755 1042 2812 hominem
1063 2751 1345 2824 perfectum
1370 2746 1424 2800 in
1454 2742 1657 2798 Christo
1684 2737 1834 2792 Jesu.

573 2855 626 2908 l.
664 2850 798 2906 Cum
827 2846 1052 2902 dixisset
1073 2858 1134 2898 ea
1158 2856 1278 2911 quae
1299 2848 1485 2893 sumus
1504 2827 1800 2898 assequnti,
1828 2834 1882 2879 et
1902 2832 2085 2878 osten-

498 2946 668 3001 disset
696 2940 792 2997 Dei
819 2936 1204 3008 benignitatem
1233 2939 1287 2986 et
1318 2927 1602 2989 honorem,
1629 2934 1696 2976 ex
1723 2913 2089 3008 magnitudine

499 3049 689 3090 eorum
727 3040 847 3101 qua:
885 3001 1009 3081 data
1035 3033 1181 3086 sunt,
1210 3030 1396 3074 rursus
1418 3011 1636 3068 adducit
1657 3008 1818 3101 aliam
1831 3001 2084 3101 amplifi-

499 3097 790 3188 cntionem,
826 3131 1021 3186 nempe
1059 3111 1202 3183 quod
1250 3123 1350 3164 nec
1379 3113 1505 3160 ante
1533 3116 1631 3156 nos
1669 3097 1936 3188 quispiam
1963 3107 2086 3188 eum

505 3217 672 3272 novit.
704 3183 856 3279 Quod
881 3183 1044 3264 etiam
1076 3205 1202 3258 facit
1227 3201 1279 3256 in
1317 3195 1554 3266 Epistola
1583 3191 1652 3246 ad
1687 3187 1968 3259 Ephesios,

503 3320 635 3361 cens
665 3325 677 3359 :
705 3273 888 3371 ﬁeque
920 3295 1116 3366 angeli,
1155 3305 1330 3362 neque
1376 3286 1731 3354 Principatus,
1771 3291 1944 3371 neque
1985 3273 2091 3371 ulla

490 3399 612 3453 alia
641 3365 817 3450 creata
848 3365 1038 3454 virtus,
1067 3386 1161 3443 scd
1189 3385 1338 3439 solus
1379 3380 1473 3435 Dei
1498 3376 1665 3432 Filius
1694 3371 1842 3428 novit
1874 3365 2088 3439 (Ephes.

503 3492 560 3545 ὃ.
592 3489 669 3556 5).
701 3486 825 3541 ideo
861 3497 964 3537 non
997 3480 1170 3534 soluat
1205 3475 1368 3540 dixit,
1417 3469 1725 3534 Conditum,
1769 3462 1865 3519 sed
1907 3460 2090 3556 etiam,

508 3553 872 3635 xtbsconditum
893 3588 914 3637 ;
941 3581 996 3627 et
1026 3568 1167 3640 quod
1197 3564 1409 3621 etiamsi
1451 3574 1596 3617 nunc
1632 3557 1830 3613 factum
1875 3553 1967 3618 sit,
2011 3559 2096 3607 cst

511 3683 689 3725 tamen
716 3676 907 3728 vetns;
949 3671 1006 3717 et
1046 3656 1188 3728 quod
1221 3656 1361 3711 Deus
1396 3651 1512 3707 haec
1550 3648 1621 3704 ab
1667 3646 1818 3703 initio
1861 3642 2093 3699 volebat.

511 3775 560 3816 ct
590 3761 669 3814 sic
693 3768 810 3813 erat
831 3753 1178 3810 constitutum
1201 3765 1218 3812 ;
1242 3761 1337 3802 cur
1366 3753 1566 3807 autem,
1593 3738 1831 3795 nondum
1869 3734 2021 3790 dicit.
2053 3734 2094 3785 A

512 3847 733 3910 sarculis,
780 3844 972 3912 inquit,
1021 3841 1084 3894 ab
1123 3837 1286 3892 initio.
1331 3835 1396 3888 Et
1433 3830 1746 3903 mysterium
1787 3827 1910 3896 jure
1943 3829 2099 3878 vocat

511 3941 652 4008 quod
680 3951 838 3992 nemo
865 3941 1088 3988 noverat
1116 3930 1218 3984 nisi
1256 3928 1419 3982 Deus.
1460 3924 1525 3978 Et
1554 3921 1643 3976 ubi
1685 3912 2096 3974 absconditum?

517 4007 583 4087 In
613 4029 811 4086 Christo
841 4041 860 4080 :
889 4025 1029 4079 sicut
1053 4021 1187 4078 dicit
1216 4017 1452 4090 Epistola
1478 4013 1544 4069 ad
1572 4011 1838 4082 Ephesios
1875 4007 2094 4080 (Ephes.

514 4131 572 4184 ’5.
593 4125 693 4196 9);
719 4130 814 4178 aut
837 4121 978 4176 sicut
1010 4114 1224 4188 quando
1252 4111 1385 4167 dicit
1425 4107 1685 4196 propheta
1717 4125 1729 4160 :
1758 4104 1802 4157 Α
1839 4101 2027 4157 aesculo
2051 4108 2100 4152 et

514 4194 673 4284 usque
697 4215 751 4268 in
778 4210 1019 4268 saxulum
1043 4217 1096 4261 tu
1125 4221 1177 4260 es
1206 4202 1377 4276 (Psal.
1399 4199 1490 4257 89.
1515 4198 1594 4267 2).
1623 4194 1776 4250 Nunc
1795 4203 1964 4248 autem
1983 4205 2097 4244 ma-

519 4311 810 4380 niﬂstatttnt
835 4312 910 4358 est
929 4301 1115 4356 sanctis
1139 4299 1272 4369 ejus,
1309 4292 1498 4363 inquit.
1527 4287 1889 4358 Quamobrem
1927 4290 2099 4338 totum

517 4409 602 4455 est
623 4400 722 4455 Dei
750 4390 1183 4466 dispensationis.
1213 4387 1367 4444 Nunc
1396 4395 1564 4441 autem
1589 4381 1970 4452 manifestatum
2001 4383 2096 4442 est,

521 4489 712 4561 inquit.
745 4487 859 4543 Non
884 4485 1037 4549 dixit,
1072 4482 1294 4538 Factum
1330 4485 1432 4541 est,
1465 4474 1581 4537 sed,
1615 4472 2000 4561 Manifestatum
2027 4475 2102 4520 est

520 4559 710 4637 sanctis
730 4579 865 4650 ejus.
905 4577 1088 4644 Itaque
1115 4587 1259 4628 nunc
1282 4582 1494 4640 quoque
1523 4565 1699 4620 adhuc
1731 4559 2096 4626 absconditur,

523 4670 784 4742 siquidem
814 4665 1207 4722 manifestatum
1232 4661 1330 4716 fuit
1359 4659 1490 4714 solis
1513 4655 1732 4711 sanctis.
1756 4651 1836 4707 Ne
1868 4651 1942 4704 illi
1972 4663 2100 4718 ergo

521 4777 620 4815 vos
640 4760 909 4829 decipiant
938 4776 951 4811 :
980 4757 1227 4812 nesciunt
1251 4752 1396 4808 enim
1420 4765 1515 4806 cur
1535 4748 1663 4804 solis
1685 4747 1769 4812 iis,
1794 4744 1989 4810 Quibus
2013 4759 2100 4796 vo-

523 4853 640 4919 luit,
657 4849 851 4920 inquit.
876 4847 1006 4902 Vide
1026 4842 1296 4916 quomodo
1314 4841 1511 4911 ubique
1545 4835 1789 4906 reprimit
1807 4843 1992 4890 eorum
2019 4831 2102 4887 in-

523 4943 932 5015 terrogationes.
952 4938 1145 5008 Quibus
1170 4935 1323 4991 voluit
1345 4932 1506 4998 Deus,
1529 4929 1720 5000 inquit,
1739 4936 1885 4981 notas
1911 4928 2099 4998 facere.

526 5036 659 5103 Ejus
685 5042 861 5089 autem
887 5030 1134 5084 voluntas
1161 5043 1268 5081 non
1294 5033 1442 5080 caret
1469 5023 1695 5078 ratione.
1727 5019 1839 5075 Hoc
1859 5032 1991 5074 vero
2017 5017 2100 5072 di-

527 5131 624 5189 sit,
641 5140 735 5180 eos
759 5122 943 5194 gratiae
963 5118 1132 5190 magis
1153 5115 1383 5172 reddens
1408 5114 1692 5180 obnoxios,
1713 5126 1874 5182 quam
1891 5110 1935 5165 si
1959 5109 2102 5178 ipsos

524 5217 728 5272 sineret
761 5213 830 5269 de
871 5211 1030 5267 rebus
1056 5224 1088 5264 a
1115 5222 1176 5263 se
1203 5217 1348 5263 recte
1369 5206 1536 5276 gestis
1573 5202 1809 5274 gloriari.
1844 5200 2102 5266 Quidnam

525 5309 626 5362 sint
652 5305 841 5360 divitia
859 5303 1035 5375 gloria:
1058 5298 1281 5372 mysterii
1319 5297 1472 5368 hujus
1506 5295 1558 5348 in
1579 5293 1833 5364 gentibus.
1856 5291 2104 5346 Graviter

526 5399 663 5454 dixit
677 5407 736 5454 et
763 5397 1038 5467 prmclarc,
1053 5403 1109 5450 et
1126 5409 1199 5448 ex
1225 5406 1420 5462 magno
1437 5388 1630 5444 affectu
1660 5383 2102 5457 pondusaddidit,

528 5487 998 5560 ampliﬁcationum
1043 5496 1292 5556 quaerens
1337 5480 1816 5552 ampliﬁcationes:
1847 5487 1930 5533 ρει
1962 5477 2104 5531 enim

527 5579 632 5635 hoc
652 5591 870 5648 quoque
894 5574 1322 5647 amplificationis
1350 5569 1623 5627 indefinite
1647 5569 1828 5624 dicere
1851 5608 1866 5632 ,
1904 5565 2107 5620 Divitior

527 5673 706 5742 gloria!
729 5671 953 5742 mysterii
969 5670 1120 5740 hujus
1140 5669 1192 5722 in
1215 5667 1464 5738 gentibus.
1481 5663 1612 5719 Nam
1634 5663 1865 5718 maxime
1886 5669 2108 5732 apparet

529 5765 583 5818 iu
618 5760 889 5833 gentibus,
920 5761 1056 5818 sicut
1097 5761 1255 5818 etiam
1294 5759 1423 5815 dicit
1449 5756 1597 5824 alibi,
1631 5756 1812 5838 (ἔρημα
1837 5772 1930 5841 pro
1960 5755 2103 5812 mise-

2189 2093 2412 2147 ricordia
2435 2093 2728 2164 gloriﬁcare
2760 2092 2922 2146 Deum
2947 2092 3121 2161 (Rom.
3159 2093 3243 2146 lii.
3273 2092 3344 2164 9)
3370 2112 3383 2147 :
3406 2101 3622 2162 apparet
3645 2108 3778 2150 vero

2188 2184 2347 2239 etiam
2377 2185 2427 2239 in
2458 2185 2596 2252 aliis,
2636 2185 2806 2240 multo
2837 2184 3005 2254 magis
3030 2194 3210 2238 autem
3239 2183 3290 2237 in
3324 2184 3406 2237 his
3437 2199 3624 2254 magna
3653 2185 3773 2255 glo-

2188 2273 2265 2328 ria
2305 2275 2566 2346 mysterii.
2617 2274 2874 2330 Homines
2913 2275 3057 2329 enim
3098 2289 3260 2329 sensu
3307 2273 3483 2328 minus
3522 2274 3776 2343 praeditos

2188 2379 2346 2434 quam
2377 2366 2600 2436 lapides,
2630 2375 2853 2438 repente
2877 2365 3166 2420 deduxisse
3186 2364 3251 2420 ad
3280 2365 3588 2436 dignitatem
3615 2382 3776 2438 ange-

2191 2454 2390 2525 lorum,
2436 2457 2778 2512 solummodo
2821 2473 2919 2528 por
2946 2456 3088 2512 nuda
3123 2457 3281 2511 verba
3312 2468 3366 2512 et
3395 2457 3553 2512 iidem
3583 2459 3774 2521 solam,

2191 2548 2392 2620 absque
2418 2551 2561 2606 omni
2587 2551 2922 2621 operatione,
2960 2565 3148 2606 revera
3191 2560 3275 2606 est
3301 2551 3469 2621 gloria
3496 2560 3548 2607 et
3574 2551 3771 2606 divitia:

2190 2641 2453 2710 mysterii.
2485 2639 2554 2696 Ut
2589 2642 2634 2696 si
2659 2641 2781 2712 quis
2807 2655 2996 2696 canem
3039 2640 3179 2696 fame
3205 2649 3260 2696 et
3285 2641 3464 2696 scabie
3490 2640 3778 2712 perditum,

2193 2739 2402 2801 turpem
2432 2739 2488 2786 et
2520 2731 2839 2798 deformem,
2867 2741 2921 2788 et
2943 2732 3032 2803 qui
3062 2747 3128 2788 ne
3164 2734 3370 2788 moveri
3405 2733 3622 2803 quidem
3652 2749 3780 2804 pes-

2191 2833 2296 2886 set,
2327 2824 2423 2880 sed
2459 2824 2690 2896 jaceret,
2731 2834 2954 2896 repente
2989 2835 3046 2881 et
3082 2824 3358 2881 hominem
3397 2827 3600 2893 fecerit,
3630 2835 3686 2881 et
3729 2827 3782 2882 in

2193 2912 2320 2969 sede
2350 2915 2494 2984 regia
2523 2913 2837 2970 ostenderit.
2870 2913 3003 2970 Vide
3046 2929 3276 2984 namque
3307 2932 3320 2969 :
3354 2914 3561 2984 lapides
3593 2914 3782 2971 adora-

2194 3003 2322 3058 bant
2351 3013 2408 3059 et
2443 3011 2640 3060 terram
2664 3021 2679 3070 ;
2705 3004 3007 3061 didicerunt
3034 3005 3176 3076 quod
3202 3014 3258 3061 et
3290 3006 3427 3061 οωιυ
3452 3014 3508 3060 et
3535 3007 3650 3062 sole
3676 3009 3783 3061 sint

2195 3094 2484 3160 meliores,
2526 3105 2582 3151 et
2621 3095 2906 3151 universus
2954 3095 3187 3151 mundus
3235 3095 3315 3151 eis
3355 3097 3600 3152 serviat:
3632 3105 3783 3152 erant

2196 3185 2415 3255 captivi,
2439 3193 2494 3240 et
2519 3186 2573 3240 in
2602 3186 2829 3241 vinculis
2855 3186 3052 3242 diaboli
3081 3203 3098 3252 ;
3127 3196 3350 3256 repente
3377 3188 3594 3243 luerunt
3624 3203 3782 3257 supra

2196 3283 2355 3343 caput
2398 3274 2535 3344 ejus,
2584 3275 2741 3345 eique
2782 3276 3118 3346 imperabant
3156 3284 3212 3331 ct
3256 3291 3381 3332 eum
3424 3275 3782 3346 ﬂagt-llabaut.

2196 3364 2328 3419 Cum
2350 3365 2653 3420 daemonum
2676 3376 2855 3422 essent
2875 3367 3070 3436 captivi
3092 3377 3146 3421 et
3166 3367 3330 3432 servi,
3352 3382 3550 3437 corpus
3575 3369 3781 3424 Domini

2197 3455 2510 3526 angelorum
2536 3466 2589 3510 et
2616 3456 3062 3527 archangelorum
3093 3456 3212 3511 facti
3248 3467 3373 3511 sunt
3401 3473 3414 3509 :
3446 3459 3534 3528 qui
3561 3473 3629 3513 ne
3657 3458 3783 3529 quid

2199 3557 2343 3602 esset
2371 3545 2588 3618 quidem
2618 3547 2761 3603 Deus
2785 3547 3048 3614 sciebant,
3076 3563 3200 3602 mox
3227 3549 3278 3602 in
3306 3548 3496 3604 eodem
3527 3566 3648 3604 cum
3683 3551 3785 3605 Deo

2202 3638 2396 3692 throno
2424 3637 2802 3693 consederunt.
2829 3637 2920 3692 V'is
2943 3639 3130 3693 videre
3155 3638 3573 3694 innumerabiles
3592 3639 3784 3711 gradus

2199 3745 2360 3800 supra
2405 3745 2540 3801 quos
2587 3729 2936 3786 essilierunt?
2972 3729 3260 3800 Oportebat
3309 3731 3542 3802 primum
3581 3732 3783 3787 discere

2201 3821 2342 3890 quod
2366 3822 2572 3892 lapides
2600 3838 2708 3877 non
2738 3821 2847 3877 sint
2869 3821 2964 3889 dii,
2998 3822 3234 3878 secundo
3262 3832 3463 3886 autem,
3496 3824 3642 3894 quod
3683 3839 3782 3880 non

2203 3916 2376 3969 solum
2407 3929 2514 3969 non
2548 3913 2656 3968 sint
2697 3914 2796 3981 dii,
2832 3914 2926 3970 sed
2961 3915 3122 3970 etiam
3156 3915 3394 3971 minores
3439 3917 3782 3982 hominibus;

2204 4006 2384 4069 tertio,
2409 4005 2552 4076 quod
2580 4014 2634 4060 et
2660 4006 2828 4062 brutis
2856 4007 3131 4073 minores;
3154 4017 3368 4079 quarto,
3397 4007 3540 4078 quod
3564 4018 3620 4064 et
3640 4009 3784 4080 plan-

2206 4096 2272 4150 tis
2295 4112 2310 4162 ;
2333 4095 2538 4166 quinto,
2584 4095 2727 4166 quod
2758 4107 2998 4153 extrema
3035 4099 3195 4153 simul
3231 4097 3598 4168 collegerunt;
3647 4100 3784 4170 quod

2205 4203 2313 4242 non
2339 4187 2511 4243 solum
2539 4188 2763 4258 lapides,
2790 4189 2884 4245 sed
2914 4204 3013 4246 nec
3043 4200 3203 4254 terra,
3233 4206 3333 4245 nec
3361 4191 3673 4259 animantia,
3697 4208 3786 4248 ne-

2204 4294 2310 4350 que
2337 4280 2550 4350 plantze,
2580 4295 2680 4336 nec
2709 4283 2892 4346 homo,
2921 4295 3021 4336 nec
3055 4281 3243 4336 caelum
3267 4298 3282 4348 ;
3305 4283 3410 4350 vel,
3434 4283 3578 4353 quod
3607 4285 3787 4338 θεοει-

2205 4372 2319 4427 sius
2337 4379 2440 4436 est,
2459 4371 2598 4443 quod
2621 4387 2726 4426 non
2749 4371 2976 4441 lapides,
3009 4387 3115 4427 non
3137 4371 3412 4438 animalia,
3442 4389 3547 4429 non
3563 4375 3784 4444 plantat,

2206 4477 2312 4517 non
2340 4462 2624 4529 elementa,
2649 4478 2756 4517 non
2784 4477 3037 4532 superna,
3065 4478 3171 4518 non
3194 4463 3422 4528 inferna,
3457 4479 3564 4520 non
3603 4464 3785 4532 homo,

2207 4569 2316 4610 non
2346 4553 2638 4618 daemones,
2673 4567 2778 4606 non
2818 4553 3015 4622 angeli,
3050 4569 3157 4608 non
3184 4553 3511 4625 archangeli,
3549 4571 3657 4610 non
3694 4557 3787 4610 ali-

2205 4659 2306 4714 qua
2335 4644 2436 4698 alia
2463 4659 2528 4698 ex
2552 4643 2798 4714 supernis
2828 4643 2935 4699 illis
2975 4645 3355 4712 Potestatibus,
3397 4645 3558 4701 debet
3584 4647 3690 4702 coli
3723 4645 3788 4701 ab

2207 4737 2438 4792 humana
2464 4744 2675 4791 natura.
2713 4736 3005 4806 Tamquam
3033 4752 3100 4793 ex
3140 4737 3403 4807 profundo
3441 4738 3626 4810 aliquo
3655 4737 3788 4794 hau-

2206 4831 2406 4887 rientes
2435 4831 2646 4887 discere
2672 4831 2976 4902 oportebat,
3005 4831 3148 4902 quod
3179 4832 3270 4902 qui
3305 4841 3388 4889 est
3413 4833 3655 4887 omnium
3686 4832 3788 4887 Do-

2207 4925 2404 4990 minus,
2435 4925 2480 4979 is
2509 4934 2592 4980 est
2619 4925 2759 4980 Deus
2783 4942 2797 4990 ;
2824 4924 2966 4995 quod
2992 4940 3114 4979 enm
3147 4926 3323 4981 solum
3347 4935 3559 4996 oportet
3585 4928 3788 4991 colere,

2207 5014 2350 5084 quod
2380 5031 2466 5071 res
2497 5014 2714 5084 pulchra
2743 5024 2799 5070 et
2828 5015 2966 5070 bona
2992 5015 3063 5070 sit
3087 5015 3396 5072 admiranda
3425 5017 3546 5072 vitm
3581 5017 3795 5072 institu—

2210 5109 2321 5174 tio;
2353 5107 2494 5178 quod
2525 5121 2670 5163 mors
2696 5122 2930 5178 pmsens
2956 5123 3060 5163 non
3085 5109 3157 5163 sit
3178 5123 3339 5174 mors,
3374 5109 3518 5179 quod
3549 5109 3659 5162 vita
3687 5125 3790 5164 non

2207 5200 2349 5265 vita;
2373 5198 2514 5270 quod
2544 5214 2742 5268 corpus
2769 5207 3030 5270 resin-gat,
3067 5199 3212 5268 quod
3243 5199 3652 5269 incorruptibile
3681 5202 3790 5264 fiat,

2207 5291 2350 5363 quod
2376 5290 2632 5346 ascendat
2657 5291 2709 5345 in
2739 5291 2924 5356 caelos,
2950 5289 3092 5360 quod
3133 5300 3452 5361 assequatur
3479 5290 3793 5347 immortali-

2211 5392 2392 5449 tatem,
2431 5383 2575 5454 quod
2613 5392 2720 5439 stet
2747 5398 2870 5438 cum
2898 5383 3122 5452 angelis,
3165 5383 3310 5453 quod
3337 5383 3464 5438 illuc
3501 5382 3794 5438 transien-

2211 5485 2316 5531 tur.
2345 5475 2451 5532 Sed
2481 5476 2623 5531 hunc
2654 5475 2746 5544 qui
2775 5473 2884 5530 illic
2907 5485 3027 5530 erat
3055 5474 3108 5528 in
3140 5474 3270 5540 imo,
3300 5489 3422 5530 cum
3468 5473 3585 5530 haec
3611 5471 3792 5530 ornnia

2155 5548 2170 5570 ’
2212 5575 2519 5637 superasset
2565 5575 2624 5621 et
2675 5566 3046 5632 transiliisset,
3100 5567 3350 5636 superius
3397 5565 3689 5621 collocavit
3741 5564 3791 5618 in

2215 5660 2412 5716 throno
2444 5676 2459 5714 :
2489 5658 2638 5714 illum
2664 5657 2753 5728 qui
2779 5667 2897 5713 erat
2918 5655 3058 5712 infra
3090 5657 3314 5727 lapides,
3345 5655 3526 5712 eilccit
3545 5659 3792 5725 superio-

2217 5768 2332 5813 rem
2359 5753 2646 5825 angclisct
2674 5749 3007 5822 archangelis
3035 5757 3091 5805 ct
3120 5747 3352 5809 Turonis
3377 5755 3433 5806 et
3461 5745 3790 5804 Dominan-
