4064 6210
309 328 421 384 333

309 447 490 500 nibus.
539 441 751 498 Revera
789 436 928 495 bene
973 432 1134 497 dixit.
1190 433 1317 501 Qua
1363 433 1465 487 sint
1501 430 1692 484 divitia
1724 427 1901 499 gloria

307 536 465 604 hujus
512 531 758 603 mysterii.
800 529 877 585 Ac
914 527 962 583 si
1006 526 1127 598 quis
1172 523 1547 594 philosophum
1596 520 1901 592 quempiam

305 628 536 683 stultum
567 639 686 681 esse
724 620 902 677 statim
943 618 1255 675 ostenderet
1290 634 1303 670 :
1339 617 1450 670 imo
1487 630 1618 669 vero
1645 610 1900 683 quidquid

303 716 533 784 dixeris,
566 716 699 771 nihil
730 714 880 770 dices
910 729 925 768 :
959 711 1108 766 Pauli
1153 722 1385 776 namque
1427 706 1587 789 verba
1627 704 1901 759 indefinita

302 824 478 870 sunt:
516 810 645 877 Qua
671 808 770 862 sint
798 804 1006 865 divitia.
1046 802 1238 871 inquit,
1270 800 1448 871 gloria
1489 796 1713 868 mysterii
1749 794 1903 863 hujus

302 906 360 959 in
392 900 644 975 gentibus,
674 896 809 969 quod
837 904 907 950 est
932 893 1161 948 Christus
1186 892 1239 945 in
1269 890 1422 945 vobis.
1451 890 1656 942 Rursus
1684 894 1901 955 oporte-

304 997 404 1051 bat
433 993 595 1057 scire,
640 988 780 1060 quod
808 985 897 1055 qui
927 993 1009 1040 est
1047 983 1293 1053 superior
1321 981 1569 1036 omnibus
1595 977 1905 1065 etvimperat

301 1085 540 1157 angelis,
567 1092 623 1138 et
650 1081 703 1135 in
728 1079 864 1134 alias
890 1089 1079 1131 omnes
1104 1082 1397 1144 potestates
1422 1062 1637 1147 obtinet.
1661 1062 1904 1141 domina-

304 1190 454 1243 tum,
475 1171 753 1230 descendit
791 1167 950 1232 infra,
997 1173 1053 1223 et
1080 1166 1250 1221 factus
1291 1174 1375 1218 est
1418 1162 1600 1226 homo,
1634 1167 1686 1213 et
1716 1164 1904 1226 passlts

303 1280 397 1325 est
429 1260 856 1325 innumerabilia,
886 1268 940 1314 et
967 1253 1262 1312 resurrexit
1283 1262 1337 1308 et
1362 1261 1443 1308 est
1468 1244 1793 1319 assumptus.

380 1357 439 1411 Ξ.
483 1355 607 1410 Ιιςεε
622 1352 798 1409 omnia
816 1358 968 1406 erant
986 1349 1125 1404 illius
1149 1345 1388 1418 mysterii
1415 1362 1428 1398 :
1450 1337 1904 1398 etcumencomio

304 1450 362 1505 id
381 1447 537 1519 ponit
559 1445 766 1508 dicens,
793 1440 944 1508 Quod
963 1450 1034 1495 est
1052 1439 1281 1494 Christus
1302 1436 1353 1489 in
1374 1434 1527 1489 vobis.
1548 1433 1603 1488 Si
1625 1440 1707 1487 est
1726 1440 1904 1485 autem

309 1540 366 1594 in
396 1538 577 1603 vobis,
601 1550 700 1591 cur
725 1533 943 1603 angelos
970 1530 1210 1602 quaeritis
1226 1525 1522 1583 doctores?
1551 1522 1784 1594 Mysterii
1808 1522 1907 1574 hu-

298 1632 397 1701 jus
416 1646 436 1685 :
453 1636 536 1684 est
550 1626 692 1682 enim
722 1623 863 1679 aliud
879 1636 1092 1693 quoque
1111 1618 1447 1690 mysterium.
1464 1614 1568 1671 Sed
1588 1615 1689 1668 hoc
1717 1622 1801 1668 est
1826 1626 1913 1667 re-

309 1736 441 1775 vera
456 1718 792 1791 mysterium,
809 1712 949 1786 quod
964 1727 1121 1769 nemo
1138 1711 1306 1776 novit,
1320 1707 1461 1779 quod
1474 1717 1555 1763 est
1568 1703 1907 1771 admirabile,

308 1810 462 1884 quod
480 1819 565 1865 est
580 1815 775 1878 praeter
788 1818 1127 1861 communem
1149 1799 1624 1871 exspectationem,
1646 1794 1790 1866 quod
1810 1792 1907 1848 ab-

309 1896 861 1965 scondebatur.Qt.-od
875 1906 969 1961 est,
989 1894 1179 1965 inquit,
1197 1892 1425 1946 Christus
1442 1891 1492 1944 in
1511 1890 1783 1958 vobis,spes
1797 1887 1910 1958 glo-

313 1995 439 2058 ria,
467 2008 611 2061 quem
636 2006 728 2044 nos
760 1987 1139 2051 annuntiamus,
1171 2001 1201 2039 a
1229 1984 1439 2053 superis
1466 1997 1588 2038 eum
1621 1980 1855 2035 ferentes
1886 1996 1901 2033 :

319 2098 491 2153 quem
538 2096 655 2146 nos,
698 2094 803 2133 non
828 2077 1004 2148 angeli
1035 2093 1047 2129 :
1082 2076 1317 2130 docentes
1342 2082 1388 2128 et
1418 2073 1766 2142 corripientes,
1801 2085 1906 2125 non

313 2173 662 2245 imperando,
690 2186 861 2242 neque
884 2186 1007 2225 cum
1035 2169 1353 2225 necessitate
1382 2185 1395 2223 :
1421 2183 1545 2222 nam
1572 2166 1675 2221 hoc
1696 2180 1910 2236 quoque

309 2279 400 2322 est
435 2267 529 2322 Dei
562 2264 925 2335 benignitatis,
968 2278 1073 2318 non
1100 2261 1292 2317 adduci
1318 2260 1613 2332 tyrannica.
1647 2259 1909 2326 Quoniam

311 2356 478 2422 illud,
508 2355 773 2420 Docentes,
796 2364 1199 2425 eratmagnnm,
1224 2352 1518 2422 subiunxit,
1550 2349 1907 2421 Corripientes,

311 2447 465 2517 quod
507 2446 676 2518 magis
719 2453 837 2500 erat
876 2445 1040 2516 patris
1070 2460 1228 2515 quam
1275 2443 1511 2498 doctoris
1549 2453 1604 2497 et
1646 2443 1908 2513 magistri.

312 2541 487 2603 Quem
513 2554 627 2603 nos,
675 2536 869 2606 inquit,
914 2536 1298 2600 annuntiamus,
1342 2534 1670 2603 corripientes
1715 2550 1911 2587 omnem

310 2633 598 2696 hominem,
631 2642 677 2685 et
700 2630 932 2685 docentes
959 2645 1159 2683 omnem
1188 2628 1441 2682 hominem
1470 2627 1522 2680 in
1550 2626 1686 2681 omni
1706 2627 1913 2695 sapien-

310 2730 386 2782 tia
420 2742 442 2781 :
474 2724 529 2781 id
571 2732 677 2792 est,
715 2739 835 2779 cum
875 2721 1019 2777 omni
1064 2720 1324 2792 sapientia
1360 2729 1414 2775 et
1464 2718 1741 2790 prudentia
1772 2733 1786 2783 ;
1829 2716 1912 2773 vel

308 2817 506 2875 ottinia
538 2816 593 2871 in
621 2814 880 2885 sapientia
927 2812 1187 2867 dicentes.
1239 2811 1421 2880 ltat‘lue
1461 2810 1608 2865 omni
1653 2808 1914 2879 sapientia

308 2920 402 2966 est
430 2923 575 2978 Opus
605 2922 620 2960 :
653 2905 776 2961 talia
807 2905 949 2960 enim
981 2918 1140 2974 posse
1168 2902 1377 2971 discere
1407 2919 1513 2957 non
1542 2911 1626 2959 est
1659 2917 1916 2973 quorum.

308 3005 421 3057 vis.
459 2999 529 3058 Ut
549 2999 870 3055 eahibeamus
894 3014 1090 3052 omnem
1119 2995 1372 3051 hominem
1401 3001 1676 3068 perfectum
1695 2996 1748 3050 in
1768 2995 1918 3050 Chri-

306 3104 392 3148 sto
423 3093 581 3147 Iesu.
609 3090 745 3157 Quid
774 3089 930 3157 dicis,
964 3088 1177 3143 Omnem
1199 3089 1490 3143 hominem?
1517 3090 1692 3153 Certe,
1723 3088 1914 3157 inquit,

310 3197 577 3242 nostrum
604 3184 838 3240 studium
865 3184 918 3239 in
943 3197 1009 3238 eo
1035 3181 1303 3252 ponimus.
1329 3179 1465 3247 Quid
1495 3180 1680 3235 enim?
1707 3180 1916 3235 etiamsi

310 3281 427 3339 hoc
460 3279 702 3346 nuntiat,
735 3276 937 3334 studuit
964 3285 1142 3331 tamen
1181 3275 1367 3330 beatus
1396 3273 1591 3329 Paulus
1623 3272 1916 3341 perfectum

312 3376 533 3430 facere.
573 3369 736 3442 igitur
761 3369 864 3425 hoc
900 3378 982 3423 est
1024 3368 1317 3439 perfectio;
1352 3364 1481 3421 illud
1511 3374 1691 3419 autem
1724 3378 1811 3418 res
1835 3371 1918 3417 est

311 3462 645 3534 imperfecta
674 3479 687 3514 :
719 3475 827 3531 quo
865 3459 923 3514 ﬁt
969 3468 1027 3513 ut
1074 3458 1117 3513 si
1163 3457 1281 3528 quis
1327 3473 1432 3511 non
1464 3472 1679 3511 omnem
1725 3454 1918 3508 habeat

307 3554 672 3625 sapientiam,
716 3552 785 3607 sit
811 3565 897 3606 res
929 3547 1259 3619 imperfecta.
1292 3546 1585 3617 Perfectum
1626 3548 1677 3601 in
1718 3545 1917 3599 Christo

304 3648 482 3701 Jesu.
515 3642 633 3698 Non
659 3643 711 3697 in
740 3642 879 3710 lege,
905 3655 1081 3710 neque
1121 3640 1174 3693 in
1204 3638 1409 3709 angelis
1437 3656 1448 3691 :
1478 3637 1604 3692 illud
1636 3637 1777 3691 enim
1809 3651 1915 3690 non

306 3736 653 3809 perfectum.
686 3734 753 3789 In
775 3733 973 3790 Christo
995 3748 1014 3797 ,°
1041 3732 1143 3787 hoc
1162 3742 1264 3795 est,
1296 3732 1347 3785 in
1369 3730 1676 3800 cognitione
1695 3727 1913 3783 Christi.

305 3836 419 3902 Qui
452 3832 562 3887 scit
586 3830 710 3901 quid
733 3829 980 3886 Christus
1007 3828 1215 3896 fecerit,
1240 3829 1358 3899 plus
1379 3829 1519 3898 sapit
1538 3842 1696 3898 quam
1718 3826 1914 3896 angeli.

307 3927 382 3981 In
415 3924 633 3981 Christo
674 3920 845 3988 Iesu;
880 3919 971 3977 99.
1000 3922 1051 3976 in
1080 3938 1178 3993 quo
1205 3932 1252 3976 et
1293 3920 1466 3975 laboro
1507 3920 1767 3974 certando.
1800 3919 1915 3975 Non

305 4018 526 4073 leviter
573 4029 673 4072 nec
716 4014 1239 4085 quomodocumque,
1290 4013 1495 4083 inquit,
1534 4011 1756 4077 studeo,
1797 4011 1913 4079 sed,

305 4109 534 4163 Laboro
560 4105 822 4171 certando,
850 4120 971 4160 cum
1003 4105 1171 4159 multo
1199 4103 1399 4168 studio,
1433 4102 1484 4157 id
1513 4112 1614 4166 est,
1645 4118 1767 4157 cum
1790 4102 1916 4156 mul-

308 4203 381 4255 tis
412 4196 649 4268 vigiliis.
672 4196 729 4251 Si
756 4210 855 4267 ego
881 4210 981 4267 pro
999 4194 1193 4250 vestris
1222 4194 1375 4249 bonis
1392 4193 1528 4248 adeo
1549 4194 1727 4263 vigilo,
1752 4194 1918 4248 multo

307 4288 504 4359 magis
542 4300 640 4341 vos
669 4284 896 4341 debetis.
940 4283 1143 4340 Deinde
1178 4300 1362 4340 rursus
1391 4284 1624 4339 ostendit
1650 4300 1763 4338 rem
1800 4298 1918 4338 esse

304 4380 571 4433 divinam
607 4393 620 4431 :
653 4374 945 4430 Secundum
982 4375 1322 4446 operationem
1362 4376 1492 4446 ejus,
1531 4391 1643 4445 qua
1680 4384 1920 4444 operatur

303 4470 361 4523 in
388 4484 486 4523 me
511 4467 565 4519 in
592 4468 789 4521 virtute.
817 4466 1062 4523 Ostendit
1090 4466 1192 4522 hoc
1214 4480 1332 4521 csse
1353 4482 1487 4537 opus
1517 4466 1629 4521 Dei.
1659 4466 1759 4534 Qui
1789 4481 1919 4537 ergo

306 4579 404 4618 nte
432 4559 511 4615 ad
542 4559 648 4616 hoc
673 4558 796 4615 facit
825 4560 1013 4615 fortem
1043 4570 1097 4614 et
1127 4560 1424 4625 robustum,
1457 4558 1631 4628 palam
1659 4566 1743 4613 est
1777 4558 1918 4628 quod

313 4654 430 4707 hoc
462 4650 619 4705 velit.
662 4649 729 4704 Et
770 4649 890 4705 ideo
928 4648 1057 4704 dicit
1101 4647 1273 4711 initio,
1321 4646 1425 4702 Per
1462 4646 1768 4702 voluntatem
1800 4645 1915 4701 Dei.

308 4740 701 4810 Quamobrem
730 4753 835 4803 non
864 4739 1036 4793 solum
1082 4738 1184 4793 boe
1230 4738 1407 4808 posuit
1447 4746 1605 4793 utens
1635 4738 1917 4804 modestia,

305 4834 413 4889 sed
446 4840 513 4886 et
550 4844 677 4884 vere
704 4829 910 4894 dicens,
955 4828 1230 4885 Certando.
1276 4828 1387 4885 lloc
1435 4829 1641 4894 dicens,
1682 4827 1923 4884 ostendit

306 4941 444 4981 esse
478 4921 684 4976 multos
708 4921 798 4991 qui
827 4937 948 4976 eum
976 4936 1042 4977 eo
1068 4931 1324 4990 pugnant.
1358 4920 1560 4975 Deinde
1595 4936 1781 4977 rursus
1804 4935 1920 4974 ma-

304 5035 419 5088 gna
448 5025 544 5071 est
573 5013 944 5069 benevolentia
975 5030 989 5067 :
1024 5013 1174 5084 (Cap.
1208 5006 1350 5076 ΞΜ.
1377 5011 1504 5067 Volo
1528 5014 1656 5067 enim
1684 5030 1769 5067 vos
1796 5014 1924 5066 scire

308 5110 535 5177 qualem
564 5106 960 5161 sollicitudinem
986 5105 1198 5159 habeam
1234 5122 1326 5177 pro
1371 5104 1525 5168 vobis,
1558 5114 1605 5158 et
1631 5121 1721 5173 pro
1748 5105 1810 5157 iis
1836 5104 1923 5174 qui

306 5209 441 5255 sunt
472 5196 765 5251 Laodicea.
808 5195 1029 5263 Deinde,
1072 5211 1140 5251 ne
1182 5195 1285 5251 hoc
1320 5195 1565 5251 videatur
1591 5209 1710 5250 esse
1736 5211 1921 5251 eorum

310 5286 738 5350 iit-becillitatis,
762 5285 1041 5355 conjunxit
1072 5286 1232 5339 etiam
1276 5285 1432 5352 alios,
1474 5293 1530 5339 ct
1570 5284 1801 5340 nondum
1835 5302 1922 5342 re—

308 5376 644 5450 prehendit.
678 5375 743 5429 Et
765 5376 1067 5447 quicumque
1092 5393 1193 5431 non
1214 5377 1446 5431 viderunt
1468 5377 1649 5448 faciem
1680 5394 1840 5431 meam
1872 5378 1924 5431 in

306 5482 512 5523 carne.
543 5465 731 5521 Divine
770 5465 861 5521 hic
900 5465 1132 5520 ostendit
1170 5480 1229 5521 se
1269 5481 1364 5521 eos
1406 5466 1620 5522 assidue
1658 5466 1839 5522 videre
1868 5468 1922 5522 In

308 5558 547 5629 spiritu.
577 5554 690 5612 Suo
716 5564 895 5611 autem
927 5556 1236 5613 testimonio
1265 5557 1344 5612 eis
1372 5558 1555 5613 tribuit
1592 5559 1810 5614 multam
1836 5558 1922 5614 di-

310 5647 663 5711 lectionem;
692 5645 919 5717 ideoque
962 5647 1123 5703 infert
1154 5664 1167 5702 :
1196 5648 1252 5703 2.
1299 5646 1368 5703 Ut
1407 5650 1726 5705 consolentur
1767 5651 1922 5713 corda

313 5739 592 5809 ipsorum,
628 5736 862 5795 instructi
886 5738 939 5795 iu
965 5740 1195 5809 caritate,
1235 5749 1280 5796 ct
1306 5740 1357 5796 in
1388 5757 1559 5800 omnes
1584 5742 1783 5799 divitias
1807 5743 1920 5816 plc-

1237 315 1303 373 lN
1340 314 1557 374 EPIST.
1600 315 1693 371 AD
1731 310 2006 370 COLOSS.
2046 310 2201 369 CAP.
2242 313 2307 372 ll.
2350 314 2585 375 HOMIL.
2625 320 2691 376 V.

2009 428 2257 483 nitudinis
2282 431 2567 488 intellectus
2606 435 2658 488 in
2684 436 2942 506 agnitione
2968 441 3194 511 mysterii
3220 440 3321 498 Dei
3350 444 3522 499 Patris
3549 465 3597 502 e.

2009 518 2197 574 Christi
2220 520 2343 576 Jestt
2370 538 2390 577 :
2419 523 2471 578 ὅ.
2504 524 2556 578 in
2600 542 2699 595 quo
2737 538 2856 582 sunt
2884 545 3055 585 omnes
3084 532 3308 587 thesauri
3333 537 3599 606 sapientia

2006 616 2053 663 et
2082 609 2304 663 scientia
2341 611 2639 667 absconditi.
2681 615 2803 671 Jam
2842 618 3034 689 dogma
3072 624 3289 693 aggredi
3318 629 3596 683 contendit

2005 707 2059 753 et
2089 700 2340 766 enititur;
2372 719 2547 772 neque
2591 720 2870 771 accusans,
2919 726 3092 779 neque
3121 730 3216 771 eos
3246 716 3481 771 liberans
3526 718 3594 773 ab

2007 792 2367 848 accusatione.
2399 793 2704 861 Certamen,
2741 798 2931 868 inquit,
2965 800 3158 869 habeo,
3191 820 3286 859 seu
3326 808 3594 863 contendo

2006 888 2061 934 et
2092 880 2293 937 laboro.
2343 884 2559 952 Quare?
2608 887 2673 943 Ut
2711 890 2818 945 sint
2845 896 3132 964 compecti.
3182 897 3293 954 lloc
3331 908 3415 955 est
3451 901 3593 968 quod

2006 970 2135 1027 dicit
2170 992 2183 1027 :
2216 985 2273 1029 ut
2301 986 2442 1029 stent
2474 977 2607 1032 firmi
2642 990 2694 1036 et
2719 983 2938 1039 stabiles
2976 988 3029 1040 in
3068 987 3190 1042 fide.
3239 989 3343 1044 Sed
3383 1006 3488 1045 non
3516 994 3595 1048 sic

2008 1067 2181 1135 ponit,
2212 1083 2397 1122 verum
2423 1084 2628 1127 resecat
2650 1089 2771 1144 quae
2791 1086 2914 1131 sunt
2939 1082 3330 1145 accusationis;
3358 1082 3459 1140 hoc
3488 1094 3590 1151 est,

2010 1164 2068 1211 ut
2091 1157 2201 1212 sint
2242 1161 2372 1214 uniti
2403 1175 2523 1216 cum
2566 1166 2825 1231 caritate;
2871 1183 3047 1239 neque
3084 1186 3206 1225 cum
3252 1176 3592 1244 necessitate,

2010 1264 2181 1320 neque
2205 1266 2325 1307 cum
2349 1253 2620 1310 violentia.
2646 1256 2778 1313 Nam
2802 1260 2941 1314 sicut
2965 1261 3098 1325 dixi,
3122 1264 3324 1335 absque
3348 1268 3595 1326 molestia

2009 1342 2130 1400 illos
2173 1361 2387 1416 semper
2431 1347 2712 1415 hortatur;
2756 1362 2811 1407 et
2855 1362 3138 1423 propterea
3181 1355 3354 1413 dicit:
3389 1360 3593 1430 Angor,

2008 1433 2132 1504 quia
2180 1450 2303 1490 cum
2356 1436 2664 1506 dilectione,
2699 1448 2755 1496 et
2806 1440 3054 1519 iubentes
3093 1460 3253 1514 agere
3301 1449 3443 1501 volo.
3477 1450 3593 1506 Non

2009 1540 2106 1583 ore
2147 1528 2343 1594 solum,
2384 1546 2555 1600 neque
2584 1540 2784 1588 temere
2809 1544 2864 1590 et
2894 1536 3285 1595 inconsiderate
3324 1541 3440 1597 fieri
3475 1548 3596 1599 volo

2010 1618 2499 1688 congregationem,
2531 1623 2625 1676 sed
2660 1632 2717 1677 ut
2755 1626 2915 1679 corda
2951 1641 3136 1682 eorum
3171 1630 3435 1700 accipiant
3462 1647 3598 1688 con-

2011 1706 2327 1763 solationem
2361 1726 2374 1763 :
2403 1708 2776 1766 lnstructorum
2828 1713 2882 1767 in
2934 1716 3145 1772 caritate
3196 1719 3248 1773 in
3295 1736 3467 1774 omnes
3512 1722 3595 1775 di-

2011 1798 2159 1853 uitias
2187 1800 2519 1869 plenitudinis
2544 1802 2850 1859 intellectus.
2880 1805 2991 1863 Hoc
3016 1815 3120 1873 est,
3164 1817 3220 1863 ut
3246 1825 3352 1864 non
3390 1810 3458 1866 de
3492 1812 3596 1866 ulla

2012 1904 2072 1946 re
2092 1890 2353 1959 dubitent,
2388 1902 2446 1948 ut
2468 1892 2536 1949 de
2565 1896 2813 1951 omnibus
2842 1897 2947 1953 sint
2988 1899 3142 1969 plene
3180 1902 3440 1970 persuasi.
3475 1902 3594 1957 Ple-

2012 1982 2307 2039 nitudinem
2349 1993 2528 2041 autem
2555 1985 2689 2042 dixit
2717 2003 2835 2043 eam
2876 2006 2995 2060 qua:
3032 2000 3113 2046 est
3151 2008 3244 2061 per
3284 1991 3441 2046 fidem
3469 2012 3482 2046 :
3511 2003 3596 2049 est

2013 2075 2156 2131 enim
2188 2077 2347 2131 etiam
2390 2079 2668 2148 persuasio
2707 2095 2803 2151 per
2844 2082 3144 2149 ratiocinia,
3188 2085 3282 2140 sed
3328 2085 3416 2141 illa
3447 2087 3599 2142 nihili

2013 2179 2097 2226 est
2126 2171 2459 2226 aestimanda.
2507 2171 2631 2228 Scio
2660 2190 2755 2228 vos
2780 2176 3025 2240 credere,
3068 2176 3163 2231 sed
3196 2177 3317 2232 volo
3356 2193 3449 2233 vos
3478 2194 3600 2236 esse

2012 2261 2171 2331 plene
2197 2278 2521 2332 persuasos;
2554 2281 2661 2320 non
2693 2266 2746 2320 in
2775 2266 2986 2322 divitias
3010 2268 3207 2335 solum,
3243 2270 3359 2335 scd,
3388 2269 3452 2324 In
3486 2288 3600 2325 om-

2015 2368 2102 2408 nes
2127 2354 2329 2409 divitias
2350 2370 2372 2419 ;
2416 2364 2472 2409 ut
2508 2357 2627 2411 sitis
2667 2358 2719 2412 in
2764 2360 3014 2413 omnibus
3061 2370 3115 2414 et
3152 2362 3307 2430 plene
3339 2363 3598 2430 persuasi.

2016 2442 2151 2498 Vide
2180 2454 2354 2498 autem
2387 2446 2525 2501 beati
2560 2448 2715 2516 hujus
2744 2450 3102 2519 prudentiam.
3127 2450 3244 2507 Non
3275 2453 3429 2520 dixit,
3467 2453 3602 2510 Male

2016 2534 2189 2591 facitis
2218 2537 2359 2607 quod
2391 2554 2496 2593 non
2526 2539 2738 2610 plenam
2788 2540 2995 2597 habetis
3033 2546 3462 2612 persuasionem,
3504 2562 3604 2603 nec

2017 2640 2113 2681 eos
2138 2627 2447 2694 accusavit;
2489 2629 2607 2696 sed,
2648 2628 2878 2685 Nescitis
2925 2633 3195 2701 quomodo
3233 2635 3497 2700 studeam,
3544 2646 3605 2691 ut

2016 2715 2175 2788 plene
2202 2733 2514 2789 persuasum
2548 2720 2788 2777 habeatis
2826 2736 2947 2778 cum
2976 2722 3345 2794 intelligentia,
3374 2742 3481 2780 non
3517 2734 3600 2781 te-

2018 2824 2168 2866 mere
2197 2826 2297 2866 nec
2321 2811 2531 2867 leviter.
2565 2811 2697 2867 Nam
2729 2813 2980 2883 quoniam
3011 2814 3143 2868 dixit
3178 2814 3357 2881 fidem,
3389 2815 3465 2870 Ne
3487 2815 3603 2872 exi-

2017 2904 2267 2970 stimetis,
2317 2905 2507 2976 inquit,
2537 2905 2679 2976 quod
2724 2915 2926 2963 temere
2956 2907 3182 2963 dixerim
3210 2894 3277 2962 et
3321 2908 3601 2979 inutiliter,

2018 2994 2115 3050 scd
2144 3010 2265 3050 cum
2296 2997 2668 3066 intelligentia,
2702 3014 2823 3054 cum
2850 3000 3094 3055 caritate.
3122 2998 3185 3053 In
3211 3001 3468 3070 agnitione
3494 3019 3604 3072 mg-

2019 3087 2158 3141 sterii
2192 3086 2283 3140 Dei
2319 3088 2489 3142 Patris
2515 3098 2560 3142 et
2590 3088 2796 3145 Christi.
2844 3089 3203 3157 Quamobrem
3248 3090 3347 3143 hoc
3388 3100 3471 3146 est
3512 3090 3604 3148 Dei

2019 3181 2355 3251 mysterium,
2391 3197 2484 3251 per
2511 3182 2702 3236 Filium
2733 3181 2944 3237 adduci.
2979 3183 3045 3238 Et
3064 3181 3271 3245 Christi,
3290 3184 3342 3237 in
3367 3200 3466 3253 quo
3485 3192 3604 3238 sunt

2018 3288 2190 3325 omnes
2218 3271 2441 3325 thesauri
2478 3273 2740 3341 sapientia
2778 3284 2824 3328 et
2849 3274 3073 3328 scientia
3100 3274 3399 3328 absconditi.
3430 3274 3484 3329 Si
3513 3290 3607 3329 an.

2022 3369 2128 3415 tem
2170 3371 2296 3414 sunt
2335 3360 2387 3414 in
2430 3361 2566 3429 ipso,
2590 3362 2861 3431 sapienter
2901 3378 3113 3433 quoque
3140 3380 3279 3419 nunc
3307 3368 3467 3419 venit.
3497 3367 3604 3422 Cur

2019 3464 2149 3521 ergo
2192 3451 2339 3506 stulti
2380 3451 2596 3521 quidam
2627 3453 3022 3507 criminantur?
3062 3454 3192 3509 Vide
3220 3455 3489 3525 quomodo
3527 3458 3605 3509 lo-

2020 3543 2202 3613 quitur
2239 3558 2361 3598 cum
2404 3542 2816 3611 simplicioribus
2852 3544 2961 3599 :In
2996 3562 3095 3615 quo
3136 3558 3254 3601 sunt
3281 3565 3448 3602 onmes
3491 3551 3611 3615 the;

2020 3637 2179 3692 sauri.
2212 3636 2327 3707 Ipse
2358 3638 2504 3691 novit
2524 3639 2723 3693 omnia.
2752 3639 3063 3695 Absconditi.
3093 3641 3225 3696 Nam
3257 3657 3324 3697 ne
3349 3643 3456 3713 jam
3493 3645 3608 3698 exi-

2020 3729 2252 3784 stimetis
2282 3744 2376 3784 vos
2404 3729 2603 3785 habere
2626 3730 2932 3786 universum
2958 3750 2973 3785 :
2998 3741 3123 3787 sunt
3143 3733 3285 3787 enim
3308 3734 3606 3790 absconditt

2020 3820 2181 3876 etiam
2220 3821 2289 3876 ab
2335 3821 2565 3892 angelis,
2613 3837 2719 3876 non
2763 3837 2795 3877 a
2844 3824 2996 3879 vobis
3038 3823 3215 3878 solis:
3256 3825 3604 3893 quamobrem

2021 3923 2148 3969 sunt
2185 3914 2255 3968 ab
2293 3929 2360 3970 eo
2400 3916 2577 3970 omnia
2615 3916 2845 3987 petenda
2877 3933 2890 3970 :
2922 3917 3037 3986 ipse
3079 3917 3172 3971 dat
3208 3919 3522 3987 sapientiam
3551 3929 3607 3974 et

2020 4005 2402 4075 cognitionem.
2436 4006 2671 4062 Dicendo
2693 4022 2844 4076 ergo,
2874 4007 3179 4075 Tltesauros,
3208 4009 3440 4065 ostendit
3464 4011 3605 4066 mule

2022 4095 2343 4163 titudinem;
2390 4097 2619 4154 dicendo
2663 4113 2813 4161 vero.
2858 4100 3063 4163 Omnes,
3107 4116 3230 4156 eum
3278 4101 3409 4155 nihil
3460 4103 3594 4172 igne

2021 4204 2181 4255 rare;
2223 4189 2451 4245 dicendo
2490 4201 2691 4256 autem,
2733 4192 3045 4256 Absconditi,
3090 4191 3231 4261 quod
3273 4194 3418 4246 solus
3449 4195 3602 4247 sciat.

2020 4281 2077 4337 4.
2112 4279 2227 4335 Hoc
2254 4290 2421 4335 autem
2448 4282 2583 4346 dico,
2610 4290 2664 4334 ut
2701 4298 2845 4345 nemo
2871 4297 2955 4336 vos
2983 4282 3201 4351 decipiat
3227 4283 3280 4337 in
3304 4282 3606 4338 sublimitate

2022 4389 2327 4428 sermonum.

2095 4465 2148 4517 3.
2196 4462 2391 4528 Vides,
2423 4462 2591 4533 inquit
2618 4503 2633 4527 ,
2665 4479 2752 4521 me
2799 4463 2917 4519 btec
2967 4463 3188 4528 dixisse,
3232 4479 3301 4521 ne
3354 4464 3605 4535 quaeratis

2024 4554 2092 4609 ab
2114 4554 2438 4610 hominibus.
2469 4554 2723 4625 Decipiat,
2752 4557 2944 4627 inquit,
2975 4557 3029 4609 in
3066 4556 3370 4609 sublimitate
3409 4570 3605 4609 sermo-

2026 4646 2124 4700 nis.
2155 4645 2291 4713 Quid
2326 4655 2434 4701 tum
2460 4647 2626 4711 enim,
2657 4648 2702 4702 si
2739 4647 2868 4702 dicit
2894 4646 3282 4718 probabiliter?
3310 4647 3363 4702 5.
3395 4646 3532 4701 Nam
3557 4657 3605 4702 et

2024 4738 2070 4792 si
2108 4738 2162 4791 in
2187 4753 2398 4807 corpore
2439 4736 2620 4792 absens
2662 4733 2795 4801 satin,
2823 4737 2913 4792 sed
2958 4738 3142 4808 spiritu
3181 4738 3433 4793 vobiscum
3471 4756 3605 4795 sum.

2026 4829 2372 4901 Consequens
2398 4840 2515 4887 erat
2542 4830 2723 4887 dicere
2756 4850 2769 4886 :
2798 4831 2930 4886 Nam
2956 4831 3002 4886 si
3032 4847 3193 4888 carne
3242 4832 3451 4894 absum.
3485 4832 3607 4887 novi

2028 4930 2206 4978 tamen
2231 4922 2583 4992 deceptores;
2614 4938 2758 4979 nunc
2794 4932 2972 4980 autem
2999 4923 3159 4980 desiit
3199 4925 3251 4980 in
3281 4925 3605 4985 encomium.

2028 5012 2266 5067 Gaudeas
2292 5023 2338 5067 et
2366 5013 2539 5068 videns
2578 5014 2807 5069 ordinem
2852 5024 3091 5082 uestrum,
3139 5024 3188 5070 et
3238 5016 3611 5084 ﬁrmamentum

2028 5105 2157 5173 ejus,
2183 5120 2297 5174 qua
2339 5105 2390 5158 in
2419 5104 2620 5161 Christo
2648 5118 2740 5168 est,
2774 5107 2894 5176 ﬁdei
2931 5116 3123 5161 vestra.
3163 5105 3441 5170 Ordinem,
3474 5105 3613 5160 bene

2028 5198 2377 5253 constitutum
2404 5198 2534 5253 dicit
2559 5199 2823 5255 ordinem.
2858 5199 2921 5254 Et
2948 5200 3319 5268 ﬁrmamentum
3336 5199 3476 5267 ﬁdei,
3498 5213 3613 5269 qua

2028 5290 2082 5342 in
2111 5287 2311 5343 Christo
2331 5298 2424 5345 est.
2458 5289 2587 5346 Haec
2611 5292 2781 5360 magis
2806 5300 2930 5345 sunt
2961 5290 3133 5345 laudis
3159 5308 3174 5343 :
3198 5299 3267 5345 et'
3297 5305 3403 5345 non
3430 5290 3564 5345 dixit
3591 5329 3610 5358 ,

2030 5378 2240 5445 Fidem,
2273 5380 2390 5445 sed,
2417 5381 2846 5449 Firmamentum,
2870 5391 3140 5452 tamquam
3171 5383 3430 5441 militibus
3456 5384 3607 5439 ordi-

2030 5476 2154 5524 nate
2185 5469 2509 5541 flrmiterque
2540 5471 2823 5526 stantibus.
2855 5470 3005 5536 Quod
3027 5480 3111 5527 est
3151 5470 3363 5528 ﬁrmum
3392 5489 3456 5529 ac
3478 5475 3613 5530 soli-

2029 5558 2157 5613 dum
2180 5573 2285 5614 non
2314 5559 2471 5616 dolus
2500 5560 2802 5625 labefactat,
2847 5576 2954 5616 non
2983 5567 3225 5619 tentatto.
3257 5562 3372 5618 Non
3413 5565 3612 5631 solum,

2032 5650 2221 5722 inquit.
2256 5667 2361 5708 non
2391 5652 2682 5716 cecidistis,
2713 5651 2809 5709 sed
2832 5668 2931 5709 nec
2952 5652 3195 5710 ordinem
3220 5663 3455 5710 vestrum
3485 5669 3615 5710 con-

2035 5742 2172 5803 fudit
2197 5742 2404 5816 aliquis.
2438 5742 2508 5801 Se
2539 5736 2668 5817 ipsis
2696 5743 2830 5802 stitit
2854 5753 2908 5802 et
2946 5742 3192 5803 exhibuit
3215 5786 3231 5817 ,
3264 5755 3320 5803 ut
3361 5745 3611 5806 timerent

3487 336 3592 391 est
