4064 6210
476 356 580 416 ξοδδ

479 480 749 542 tulitquam
795 479 1149 542 praesentem:
1178 467 1257 524 sic
1303 464 1455 521 enim
1489 469 1732 518 servatur
1775 456 1931 512 ordo.
1981 449 2055 510 Et

479 554 817 620 'lirmamento
839 563 1076 634 sequitur
1099 559 1358 615 densitas.
1391 557 1481 612 Sic
1509 555 1650 610 enim
1679 553 1737 606 lit
1766 550 2061 605 ﬁrmamen-

483 664 617 717 tum,
647 652 858 724 quando
901 653 1063 708 multa
1106 658 1291 706 ccacta
1339 662 1402 703 ac
1448 651 1766 714 congregata
1809 638 1977 694 dense
2005 641 2064 690 et

483 741 745 801 indivulse
772 742 1243 815 conglutinaveris.
1284 750 1344 795 ut
1376 738 1510 793 litin
1538 744 1710 790 muro.
1741 728 1853 787 lioc
1880 737 2056 783 autem

481 846 566 891 est
589 847 722 905 Opus
737 833 973 889 carimis
1002 850 1016 888 :
1048 842 1138 890 ses
1155 833 1297 888 enim
1318 830 1406 902 qui
1434 827 1572 898 apud
1600 838 1658 881 se
1687 831 1827 886 sunt,
1848 817 2060 890 quando

485 935 674 981 exacte
704 923 1080 996 conglutinarit
1105 938 1166 979 ac
1193 919 1545 990 conjunxerit,
1579 916 1744 970 fortes
1788 908 1963 967 reddit
1997 920 2060 996 ac

483 1017 710 1073 solidos.
737 995 892 1072 Fides
916 1029 1128 1086 quoque
1156 1024 1339 1068 rursus
1369 1010 1470 1064 hoc
1489 1010 1660 1078 ipsum
1684 995 2060 1086 facit,.qnando

484 1122 592 1162 non
623 1107 748 1161 sinit
778 1083 991 1177 lugredi».
1010 1083 1308 1160 ratiocinia.
1343 1097 1474 1155 Nam
1512 1097 1648 1152 sicut
1669 1091 1946 1149 ratiocinia
1973 1083 2060 1142 di-

480 1197 667 1253 vidum
691 1206 746 1252 et
772 1196 1105 1258 concutiunt,
1141 1193 1212 1248 ita
1242 1189 1539 1248 consolidat
1569 1185 1699 1240 lides
1734 1191 1788 1238 et
1816 1178 2058 1237 conden-

479 1301 581 1346 sut.
611 1291 749 1358 Quia
774 1291 917 1345 enim
948 1289 1089 1342 Deus
1111 1300 1209 1340 nos
1231 1282 1521 1352 majoribus
1547 1277 1723 1333 alfeeit
1762 1271 2068 1337 beneficiis,

478 1397 638 1450 qnam
660 1397 779 1451 quae
804 1379 977 1449 possit.
993 1377 1222 1430 humana
1253 1374 1390 1428 ratio
1421 1367 1654 1440 assequi,
1681 1363 1871 1420 merito
1900 1360 2058 1416 (idem

483 1471 796 1526 introduxit.
832 1467 971 1524 Fieri
993 1469 1134 1523 enim
1165 1474 1270 1521 non
1302 1469 1473 1534 potest
1494 1469 1550 1514 ut
1571 1459 1639 1514 sit
1678 1457 1860 1511 ﬁrmus
1883 1467 1948 1508 ac
1967 1462 2059 1506 se»

482 1563 640 1626 litlus,
673 1561 762 1631 qui
789 1560 952 1630 exigit
979 1556 1235 1612 rationes.
1269 1554 1407 1608 Ecce
1434 1550 1574 1605 enim
1595 1561 1714 1617 qua:
1741 1544 1981 1615 graviora
2007 1549 2062 1598 et

481 1667 532 1705 m
552 1651 682 1722 liora
711 1659 836 1704 sunt
881 1648 1020 1719 apud
1051 1661 1169 1711 nos,
1197 1640 1486 1700 ratiociniis
1533 1651 1698 1692 vacua
1726 1635 1826 1690 soli
1863 1632 2062 1722 adhic-f-

481 1719 600 1798 rent
650 1740 815 1797 ﬁdei:
847 1741 1114 1810 Nusquam
1151 1745 1232 1791 est
1273 1735 1434 1799 Deus,
1465 1737 1519 1787 et
1555 1739 1638 1785 est
1683 1727 1898 1798 ubique.
1923 1719 2059 1793 Quid

479 1843 563 1889 cst
595 1836 696 1891 hoc
725 1833 894 1903 magis
919 1848 946 1884 a
974 1830 1178 1885 ratione
1202 1827 1436 1883 alienum
1460 1818 1484 1877 ἓ
1511 1815 1934 1890 Unumquodque
1962 1827 2062 1886 per

478 1940 538 1981 se
582 1937 665 1983 est
705 1924 1013 1996 perplexum
1055 1931 1110 1974 et
1153 1918 1411 1976 refertum
1455 1911 1808 1969 btesitatione.
1835 1907 1951 1962 Non
1978 1915 2063 1964 est

479 2019 619 2074 enim
645 2019 697 2072 in
722 2018 871 2081 loco;
899 2027 1071 2084 neque
1085 2019 1167 2067 est
1187 2011 1326 2066 ullus
1350 2010 1400 2063 in
1425 2017 1532 2078 quo
1557 2003 1629 2060 sit
1655 2003 1822 2058 locus.
1842 1999 1958 2054 Non
1981 2007 2071 2057 est

480 2111 709 2181 genitus,
736 2124 841 2164 non
873 2109 1106 2176 scipsum
1134 2102 1280 2167 fecit,
1313 2117 1418 2156 non
1447 2099 1609 2167 coepit
1634 2109 1773 2152 esse.
1806 2095 2061 2161 Quaenam

481 2204 619 2258 ratio
644 2201 759 2256 btec
788 2197 1105 2268 susceperit,
1136 2197 1179 2250 si
1212 2208 1317 2251 non
1345 2194 1413 2248 sit
1438 2190 1606 2246 ﬁdes?
1646 2201 1822 2242 annon
1854 2185 2064 2240 videtur

482 2308 603 2349 esse
624 2291 925 2353 ridiculum,
953 2296 1007 2342 et
1050 2286 1254 2342 mdium
1286 2284 1485 2339 habere
1513 2281 1673 2335 linem
1708 2277 1877 2348 magis
1901 2289 2060 2346 quam

482 2383 747 2454 amigmal
774 2385 945 2451 Atque
974 2379 1113 2448 quod
1144 2379 1214 2432 sit
1249 2375 1365 2430 sine
1414 2371 1677 2444 principio
1715 2377 1770 2424 et
1799 2369 2067 2438 ingenitus

482 2489 533 2532 ct
574 2471 1065 2542 incircumscriptus
1109 2479 1163 2525 ct
1207 2467 1483 2529 inﬁnitus,
1532 2464 1600 2518 ita
1630 2470 1713 2518 est
1759 2460 1976 2515 dubium
2011 2469 2067 2517 et

485 2568 798 2638 perplexum
828 2563 1006 2634 :quod
1051 2562 1120 2618 sit
1166 2569 1345 2615 autem
1390 2557 1758 2625 incorporeus,
1791 2552 2065 2608 videamus

485 2677 610 2716 num
624 2660 890 2730 possimus
909 2655 1160 2724 indagare
1186 2653 1413 2707 ratione.
1443 2649 1582 2703 Deus
1594 2646 2065 2713 estiucorporcus.

485 2751 621 2821 Quid
647 2761 730 2807 est
757 2747 1149 2819 incorporeus?
1185 2744 1367 2801 Solum
1393 2741 1612 2797 verbum
1638 2737 1839 2793 nudum
1870 2753 1884 2789 :
1914 2748 2088 2790 mens‘

486 2847 628 2901 enim
661 2843 792 2899 nihil
822 2841 1075 2911 suscepit,
1109 2851 1283 2909 neque
1334 2833 1433 2891 sibi
1483 2834 1701 2904 liguram
1747 2828 2017 2899 impressit
2049 2841 2063 2881 :

487 2952 610 2992 nam
641 2935 685 2990 si
713 2933 936 3005 liguram
966 2927 1320 3001 impresserit,
1360 2925 1506 2980 venit
1533 2923 1597 2977 ad
1625 2930 1891 2980 naturam.
1921 2929 1975 2974 et
2002 2931 2066 2974 ea

487 3044 606 3102 qum
639 3026 973 3083 constituunt
1015 3035 1230 3090 corpus.
1279 3017 1637 3085 Quamobrem
1678 3013 1808 3068 dicit
1852 3010 2067 3082 quidem

486 3137 602 3187 ore,
631 3118 724 3174 sed
754 3116 878 3188 quid
905 3114 1049 3170 dicat
1090 3125 1198 3166 non
1247 3109 1399 3165 novit
1438 3106 1710 3178 cogitatio,
1759 3103 1860 3159 nisi
1906 3117 2069 3158 unum

490 3213 686 3272 Solum.
710 3219 901 3278 nempe
928 3204 1068 3277 quod
1091 3219 1196 3259 non
1222 3202 1293 3256 sit
1320 3213 1538 3270 corpus,
1571 3198 1673 3252 hoc
1701 3198 1872 3252 solum
1899 3195 2070 3250 novit.

491 3305 562 3359 Et
608 3301 735 3372 quid
777 3299 899 3355 dico
929 3297 998 3352 de
1026 3296 1178 3352 Deo?
1221 3293 1273 3348 in
1303 3292 1478 3347 anima
1513 3289 1654 3347 enim
1703 3288 1830 3360 quid
1857 3295 1938 3342 est
1984 3287 2071 3342 in-

491 3406 834 3462 corporeum,
865 3405 984 3460 qua:
1011 3398 1092 3444 εει
1120 3386 1282 3452 facta,
1310 3398 1427 3455 qme
1452 3382 1676 3448 inclusa,
1708 3396 1826 3451 qum
1852 3380 2075 3435 circum-

493 3483 784 3539 scribitur?
821 3480 939 3546 dic,
977 3476 1218 3532 ostende.
1261 3473 1365 3530 Sed
1412 3488 1516 3527 non
1567 3481 1738 3542 potes.
1809 3468 1903 3524 Est
1942 3468 2075 3524 aer?

491 3575 597 3632 Sed
649 3588 742 3630 aer
780 3580 864 3627 est
911 3583 1126 3639 corpus,
1181 3565 1386 3621 etiamsi
1436 3581 1540 3620 non
1583 3561 1812 3618 solidum
1840 3602 1855 3627 ,
1910 3569 1967 3615 et
2008 3570 2074 3615 ex

494 3655 684 3725 nitiltis'
696 3673 903 3722 constat
927 3663 1068 3734 quod
1091 3663 1162 3717 sit
1187 3674 1379 3730 corpus
1411 3659 1604 3714 laxum.
1649 3655 1790 3726 Ignis
1817 3652 1937 3709 est?
1969 3651 2076 3707 Sed

494 3761 631 3831 ignis
672 3767 755 3814 est
804 3769 998 3825 corpus
1023 3751 1298 3822 ,operatio
1339 3757 1515 3804 autem
1557 3747 1748 3801 animae
1791 3754 1872 3800 est
1899 3743 2076 3798 incur-

493 3866 677 3921 porca.
726 3848 936 3914 Quare?
977 3844 1251 3914 Siquidem
1282 3842 1457 3895 omnia
1499 3836 1759 3909 pervadit.
1812 3831 1867 3890 Si
1899 3843 2077 3888 autem

499 3943 616 4013 ipsa
637 3947 718 3996 est
746 3949 964 4008 Carpus,
1005 3937 1058 3990 in
1079 3936 1220 4020 [loco
1245 3941 1328 3989 est
1369 3933 1743 4000 incorporeum
1771 3943 1785 3980 :
1818 3941 1946 3996 ergo
1970 3925 2081 3980 cir-

499 4029 911 4094 cumscribitur;
942 4015 1089 4097 quod
1114 4033 1290 4078 autem
1326 4018 1800 4083 circumscribitur,
1823 4027 1900 4073 est
1933 4017 1984 4072 in
2013 4015 2078 4072 li-

499 4138 659 4197 gura;
691 4123 870 4194 ligurze
901 4129 1079 4175 autem
1110 4131 1176 4172 ex
1206 4117 1341 4171 linea
1366 4132 1382 4180 ;
1413 4112 1568 4170 linea:
1595 4121 1771 4166 autem
1803 4119 1926 4166 sunt
1953 4123 2080 4165 cor-

501 4229 709 4287 porum.
752 4212 957 4268 Rursus
1000 4209 1138 4280 quod
1177 4215 1264 4264 est
1305 4219 1499 4275 expers
1537 4205 1744 4275 ﬁgurae,
1793 4209 2078 4272 quamnam

499 4307 661 4362 habet
698 4301 1009 4360 notionem?
1037 4300 1150 4356 Non
1194 4298 1356 4353 habet
1399 4297 1643 4367 ﬁguram,
1681 4309 1788 4348 non
1827 4292 2079 4356 fortnam,

503 4414 607 4455 non
652 4398 851 4452 locum.
897 4393 1060 4449 Vides
1101 4389 1369 4462 quomodo
1403 4404 1554 4443 mens
1601 4385 1838 4457 caligat?
1877 4385 2082 4439 Rursus

503 4500 689 4545 natura
715 4487 804 4542 illa
831 4499 939 4540 non
962 4493 1044 4539 est
1061 4493 1227 4553 capax
1247 4480 1506 4536 malorum
1535 4495 1551 4532 :
1580 4477 1674 4534 sed
1699 4487 1753 4533 et
1779 4492 1873 4532 sua
1891 4485 2083 4547 Sponte

503 4580 765 4653 quispiam
795 4587 880 4636 est
901 4581 1070 4633 bonus
1099 4593 1113 4630 :
1143 4589 1272 4646 ergo
1293 4581 1377 4630 est
1401 4585 1589 4643 capax.
1607 4571 1715 4628 Sed
1747 4571 1850 4625 dici
1874 4584 1978 4625 non
1999 4585 2086 4639 po-

502 4681 642 4737 test;
671 4671 831 4727 absit.
858 4669 1064 4726 Rursus
1089 4666 1156 4722 ad
1185 4666 1287 4721 hoc
1327 4674 1386 4720 ut
1413 4673 1576 4727 esset,
1609 4663 1795 4717 volens
1821 4660 2083 4716 deductus

496 4770 608 4828 est,
636 4777 704 4816 an
731 4761 961 4816 nolens?
988 4759 1092 4816 Sed
1117 4773 1222 4814 nec
1258 4757 1360 4812 hoc
1381 4755 1486 4811 dici
1517 4763 1714 4825 potest.
1745 4752 1951 4807 Rursus
1979 4751 2085 4806 cir-

504 4852 814 4911 cumscribit
833 4851 1016 4907 orbem
1039 4858 1217 4915 terrai,
1236 4861 1410 4903 annon
1427 4848 1452 4902 ἳ
1468 4847 1524 4903 Si
1541 4859 1648 4902 non
1672 4842 2084 4911 circumscribit,

504 4949 622 5016 ipse
649 4944 1107 5003 circumscribitur
1136 4960 1150 4995 :
1177 4941 1221 4998 si
1250 4952 1425 4998 autem
1457 4939 1867 5004 circumscribit,
1890 4949 1973 4995 est
1999 4938 2083 4993 in-

507 5037 688 5108 ﬁnitus
739 5043 950 5090 natura.
1011 5033 1218 5087 Rursus
1263 5030 1655 5087 circumscribit
1707 5030 1980 5100 seipsum?
2028 5030 2085 5085 Si

505 5125 900 5183 circumscribit
925 5123 1184 5194 seipsum,
1211 5137 1318 5178 non
1345 5131 1428 5179 est
1452 5138 1578 5192 ergo
1605 5123 1702 5177 sibi
1750 5124 1867 5177 sine
1897 5119 2087 5192 princi-

507 5219 618 5288 pio,
648 5218 742 5272 sed
773 5216 926 5272 nobis
956 5231 969 5269 :
1002 5230 1108 5270 non
1133 5223 1216 5271 est
1262 5227 1394 5284 ergo
1441 5223 1628 5268 natura
1655 5214 1772 5267 sine
1798 5214 2083 5283 principio.

512 5307 718 5378 Ubique
750 5317 962 5377 oportet
989 5307 1120 5363 dare
1147 5304 1436 5361 contraria.
1476 5304 1634 5358 Vides
1659 5312 1853 5374 quanta
1884 5305 1954 5358 sit
1992 5319 2084 5358 ca-

510 5399 637 5468 ligo,
666 5406 721 5454 et
745 5399 886 5467 quod
917 5399 1112 5468 ubique
1141 5412 1274 5468 opus
1305 5397 1375 5452 sit
1414 5396 1559 5450 iide?
1587 5395 1701 5465 Ipsa
1736 5405 1820 5450 est
1848 5396 1998 5450 ﬁrma
2027 5411 2090 5452 ac

507 5489 702 5543 solida.
733 5487 838 5543 Sed
861 5490 906 5544 si
929 5488 1109 5554 vultis,
1143 5490 1420 5544 veniamus
1449 5487 1513 5542 ad
1547 5488 1628 5540 bis
1653 5487 1882 5541 minora.
1920 5487 2092 5542 liabet

509 5581 876 5650 operationem
900 5580 989 5636 illa
1018 5582 1272 5636 essentia.
1300 5577 1508 5655 Ethuid
1534 5588 1617 5634 est
1646 5578 1698 5633 in
1730 5593 1794 5634 eo
1812 5578 2090 5649 operatio?

511 5680 762 5727 metusne
806 5671 1034 5742 aliquis?
1082 5671 1196 5728 Non
1242 5679 1324 5726 est
1371 5683 1499 5739 ergo
1544 5669 1890 5725 immutabilis
1924 5686 1936 5721 :
1968 5683 2089 5724 nam

512 5763 652 5831 quod
683 5773 946 5829 movetur,
992 5779 1098 5821 non
1125 5773 1205 5821 est
1247 5761 1576 5820 immutabile
1606 5779 1617 5815 :
1651 5777 1773 5818 nam
1801 5777 1863 5819 ex
1896 5763 2086 5817 immo-

1181 353 1238 412 s.
1275 349 1565 410 marcus
1589 337 2064 405 (ειιιιτῖεοδτωιτ
2095 339 2412 397 Αιιωῐιει».
2445 338 2971 398 CONSTAM‘INOP.

3638 347 3747 408 33ιῖ

2165 451 2368 508 bilitate
2412 463 2674 510 movetur.
2719 455 2823 511 Sed
2866 467 3041 513 tamen
3071 467 3330 524 movetur,
3359 469 3413 515 et
3453 475 3744 532 numquam

2163 551 2286 598 stat.
2335 541 2574 611 Quonam
2621 555 2799 601 autent
2833 557 3004 614 motu,
3046 549 3397 618 dic,qua:so?
3449 553 3586 622 apud
3640 572 3742 611 nos

2161 634 2303 688 enim
2336 641 2461 688 sunt
2503 643 2742 704 septem,
2767 649 3016 703 sursum,
3056 637 3327 705 deorsum,
3371 641 3527 706 intra,
3575 642 3756 710 foras,

2162 724 2372 780 sinistra
2397 765 2411 790 ,
2437 724 2644 793 dextra,
2675 727 3004 784 circulariter
3028 739 3157 785 :faut
3197 731 3242 786 si
3294 748 3399 788 non
3444 733 3564 801 hoc,
3612 752 3746 807 aug-

2163 825 2400 871 mentum
2425 858 2452 883 ,,
2473 816 2749 873 diminutio
2773 861 2788 885 ,
2815 831 2965 876 ortus
2986 861 3000 885 ,
3031 821 3273 878 interitus
3297 866 3310 890 ,
3342 824 3602 882 alteratio.
3629 827 3760 884 Sed:

2162 905 2309 960 nullo
2335 905 2546 971 horum,
2579 923 2765 964 verum
2808 923 2874 964 eo
2910 920 3056 966 motu
3100 928 3206 984 quo
3247 930 3421 982 mens,
3450 930 3692 974 movetur
3719 922 3774 975 ?'

2164 993 2280 1049 Sed.
2316 1010 2418 1051 nec
2443 994 2544 1052 hoc
2587 998 2838 1068 quidem;
2872 999 3047 1055 absit:
3081 1003 3148 1056 in.
3174 1003 3360 1059 multis
3398 1007 3537 1061 enim
3575 1011 3762 1064 etiam.

2162 1086 2389 1142 absurde
2411 1103 2570 1144 mens
2586 1101 2848 1146 movetur.
2861 1137 2865 1140 .
2879 1089 3030 1148 Velle
3049 1101 3133 1148 est
3152 1100 3359 1164 cperari
3377 1096 3612 1155 ?'omnes
3643 1118 3750 1156 an-

2164 1183 2268 1231 tem
2311 1177 2553 1232 homines
2583 1181 2696 1234 vult
2735 1195 2858 1236 esse
2904 1180 3074 1238 bonos
3121 1195 3177 1240 et
3215 1187 3434 1244 salvos:
3469 1193 3772 1261 quomodo-

2164 1284 2269 1322 non
2297 1269 2357 1324 iit
2379 1269 2540 1326 νεεδ·
2559 1271 2702 1328 aliud
2721 1283 2804 1328 est
2828 1275 2983 1342 velle,
3003 1275 3145 1332 aliud
3169 1281 3421 1349 operari?
3450 1281 3529 1338 Ad
3552 1300 3747 1354 opera.

2163 1358 2363 1415 tionem
2391 1373 2518 1430 ergo
2545 1363 2874 1420 non-sufﬁcit
2917 1367 3054 1421 velle
3085 1385 3100 1422 :
3131 1368 3414 1435 Quomodo
3457 1388 3587 1444 ergo
3611 1376 3749 1432 dicit

2163 1446 2457 1522 Scriptura,
2489 1453 2674 1508 Omnia
2701 1471 3021 1525 quacumque
3045 1458 3202 1513 voluit
3231 1461 3350 1530 fecit
3379 1461 3408 1534 (μ
3427 1461 3573 1520 Psal.
3617 1467 3744 1523 “5'.

2166 1543 2306 1613 Hi)?
2331 1553 2384 1600 et
2430 1561 2614 1600 rursus
2643 1545 2885 1617 leprosos
2911 1549 3039 1605 dicit
3068 1549 3298 1618 Christo,
3332 1555 3396 1610 Si
3431 1557 3570 1624 velis,
3601 1569 3757 1630 potes

2164 1649 2243 1688 me
2269 1636 2514 1691 mundare
2530 1636 2737 1706 (Matth.
2766 1635 2818 1694 8.
2843 1639 2903 1710 9)
2923 1640 2946 1693 τ
2966 1641 3136 1698 Vultis
3152 1644 3293 1700 aliud
3315 1663 3525 1718 quoque
3543 1648 3748 1706 dicant?

2164 1724 2442 1790 Quomodo
2460 1742 2530 1781 cn
2555 1727 2617 1782 iis
2638 1738 2755 1798 quas
2786 1745 2890 1784 non
2917 1740 3090 1797 erant,
3120 1732 3254 1789 facta
3285 1746 3406 1791 suut
3433 1755 3552 1809 quas
3577 1750 3701 1794 sunt
3721 1743 3767 1792 τ’

2164 1817 2432 1886 quomodo
2456 1821 2508 1874 in
2540 1819 2761 1875 nihilum
2790 1822 3197 1881 dissolvuntur?
3222 1824 3359 1895 Quid
3387 1841 3468 1885 est
3508 1832 3640 1888 caelo
3665 1834 3753 1889 alo

2167 1908 2314 1964 tius?
2346 1908 2436 1965 illo
2465 1919 2648 1966 autem
2693 1913 2852 1970 altius
2879 1916 3050 1985 quid?
3075 1925 3139 1971 et-
3176 1918 3269 1974 illo
3299 1920 3468 1989 quid?
3513 1934 3569 1979 et
3617 1927 3746 1996 quid

2165 2008 2284 2071 post
2305 2001 2434 2057 illud
2451 2003 2554 2058 ?et
2574 2001 2676 2058 hoc
2697 2006 2749 2059 in
2781 2005 3066 2061 inﬁnitum.
3092 2007 3226 2076 Quid
3246 2009 3382 2065 infra
3410 2024 3603 2068 terram
3627 2026 3708 2070 est
3724 2018 3768 2069 ’ἒν

2165 2105 2314 2148 mare
2343 2108 2370 2148 :.
2383 2101 2438 2148 et
2458 2103 2576 2163 p05t
2599 2095 2770 2166 ipsum
2801 2096 2926 2168 quid
2947 2099 2971 2152 τ
3009 2109 3064 2156 et
3092 2115 3274 2156 rursus
3301 2104 3574 2173 post‘iliud
3594 2107 3619 2160 7
3637 2106 3767 2163 Sed:

2166 2181 2219 2238 in
2259 2183 2494 2241 dexteris
2523 2195 2579 2242 et
2624 2188 2854 2245 sinistris
2885 2205 3063 2248 nonne
3111 2195 3297 2250 eadem
3337 2198 3778 2256 estdubitatiot'

2235 2280 2286 2333 4.
2330 2276 2444 2334 δεύ-
2479 2277 2595 2336 haec
2641 2281 2856 2352 quidem
2907 2285 3006 2339 sub
3054 2295 3329 2356 aspectum
3378 2305 3482 2346 non
3526 2291 3764 2349 cadunt._

2166 2367 2339 2424 Vultis
2365 2371 2416 2425 in
2445 2371 2512 2426 iis
2555 2385 2674 2443 quae.
2709 2382 3003 2429 cernuntur
3026 2372 3355 2433 deducamus
3393 2381 3692 2437 orationem
3721 2386 3774 2437 Υ

2168 2460 2220 2515 in
2248 2459 2310 2516 iis
2329 2477 2449 2534 qute
2470 2463 2580 2533 jam
2608 2467 2947 2520 evenerunt?
2973 2467 3066 2522 Dic
3105 2469 3551 2541 mihi,quomodo-
3572 2473 3768 2530 bellum

2166 2551 2355 2608 Jonam
2380 2554 2607 2611 habebat
2648 2556 2702 2610 in
2733 2566 2941 2624 ventre,
2967 2566 3030 2613 et
3069 2559 3114 2614 is
3153 2576 3262 2615 non
3293 2559 3539 2631 peribat]?
3567 2581 3750 2621 annon

2170 2642 2230 2700 id»
2253 2659 2444 2716 expers
2471 2656 2552 2701 est
2582 2647 2848 2702 rationis?
2872 2660 3049 2703 annon
3081 2658 3284 2707 temere
3305 2655 3585 2708 movetur?
3614 2671 3754 2723 quo-

2169 2735 2329 2790 modo
2355 2735 2501 2806 justo
2523 2738 2802 2807 pepercit?
2830 2740 3106 2809 quomodo
3127 2741 3278 2797 calor
3295 2757 3398 2796 non
3426 2754 3547 2797 eum
3579 2743 3754 2800 ευπο-

2170 2828 2348 2883 cavit?
2375 2828 2646 2898 quomodo
2677 2845 2783 2885 non
2821 2830 3140 2900 putrefecit?
3173 2831 3303 2888 Nam
3334 2833 3378 2888 si
3409 2835 3768 2905 inprofundo

2172 2919 2342 2975 solum
2381 2933 2522 2983 esse.
2552 2921 2911 2991 periculosum
2959 2931 3079 2989 est;
3111 2938 3231 2980 esse
3260 2925 3419 2980 etiam
3449 2926 3499 2980 in
3530 2927 3756 2983 visceri-

2171 3011 2294 3075 bus,
2320 3011 2455 3066 etin
2495 3011 2587 3066 illo
2625 3013 2830 3079 calore,
2861 3014 3018 3083 longe
3058 3014 3782 3085 periculosius..Quomodo-

2174 3097 2324 3156 illinc
2348 3101 2581 3172 spirabat
2608 3103 2834 3158 aerem?
2868 3103 3140 3173 quomodo
3163 3105 3758 3165 duobusanimantibus

2172 3191 2472 3247 Sulliciebat
2508 3191 2790 3263 respiratio
2808 3193 2833 3247 ἲ
2853 3194 3123 3262 quomodo
3149 3205 3328 3250 autem
3368 3211 3489 3251 eum
3519 3199 3774 3253 evomuit

2175 3282 2400 3337 illmsum
2419 3283 2446 3336 ?
2469 3284 2740 3352 quomodo
2771 3294 2825 3340 et
2854 3285 3175 3355 loquebatur
3193 3288 3225 3342 1'
3243 3287 3511 3357 quomodo
3538 3297 3590 3344 et
3615 3290 3780 3358 apud.-

2175 3383 2235 3428 se
2259 3383 2374 3429 erat
2399 3383 2453 3429 et
2479 3375 2836 3443 precabatur?
2857 3391 3034 3431 annon
3071 3387 3194 3432 sunt
3236 3375 3353 3434 haec
3380 3379 3704 3436 incredibilia
3734 3381 3782 3434 τ’

2177 3466 2533 3531 Incredibilia,
2562 3467 2607 3523 si
2652 3467 2856 3524 ratione
2901 3470 3279 3540 exquiramus;
3320 3471 3366 3524 si
3398 3481 3575 3526 autem
3627 3472 3759 3535 title.

2175 3559 2332 3615 valde
2375 3558 2676 3615 credibilia.
2728 3559 2914 3615 Dicam
2944 3570 3000 3616 et
3046 3561 3197 3631 quod.
3233 3572 3318 3617 est
3355 3562 3456 3619 hoc
3497 3564 3783 3635 amplius?“

2178 3649 2529 3706 Frumentum
2558 3652 2611 3706 in
2640 3652 2762 3708 sinu
2793 3661 2951 3709 terra:
2995 3654 3359 3724 corrumpitur
3402 3664 3464 3710 et
3501 3657 3758 3727 resurgit.

2179 3743 2313 3799 Vide
2340 3744 2607 3800 miracula»
2641 3744 2936 3811 contraria,
2971 3753 3026 3801 et
3059 3761 3178 3816 quae
3219 3747 3445 3802 alterum
3486 3748 3555 3804 ab
3591 3749 3789 3804 altera»

2178 3836 2466 3891 vincuntur
2493 3855 2506 3892 :
2537 3847 2619 3892 est
2659 3837 2961 3892 mirandum
3005 3837 3146 3908 quod
3177 3854 3282 3893 non
3311 3837 3645 3909 putruerint;
3679 3851 3784 3896 esu

2179 3925 2485 3981 mirandum
2511 3929 2653 3996 quod
2683 3926 2975 3997 putrefacta
3006 3931 3430 3985 resurrexerint..

2253 4015 2441 4072 Contra
2465 4032 2549 4072 eos
2574 4018 2660 4088 qui
2681 4019 3094 4073 resurrectionem
3123 4020 3388 4090 negabant.
3420 4049 3489 4061 —
3513 4021 3616 4077 Ubi
3642 4031 3786 4076 sunt:

2183 4109 2271 4179 qui
2318 4121 2433 4163 non:
2469 4109 2699 4164 credunt
2739 4111 3140 4178 resurrectioni,
3191 4123 3245 4166 et
3291 4112 3514 4168 dicunt:
3547 4112 3662 4168 Hoc
3701 4129 3787 4170 os.

2181 4201 2452 4271 quomodo
2493 4200 2616 4257 huic
2653 4203 3090 4272 conglutinatur?
3131 4212 3186 4259 et
3224 4203 3484 4272 ejusmodi
3525 4202 3789 4260 fabulosa-

2188 4291 2553 4347 introducunt.
2591 4291 2684 4346 Die
2726 4293 2877 4359 mibi,
2921 4291 3070 4348 Elias
3108 4293 3393 4364 quomodo-
3422 4295 3666 4350 ascendit
3712 4296 3786 4350 in

2187 4398 2345 4438 curru
2387 4383 2523 4454 ignis
2553 4383 2647 4454 (ι.
2670 4383 2800 4452 Reg.
2838 4383 2895 4438 2.
2925 4384 2985 4439 il
3021 4383 3088 4455 )?
3119 4383 3257 4455 Ignis
3281 4386 3417 4440 solet
3449 4399 3626 4449 urere,
3659 4401 3772 4439 non

2187 4489 2397 4530 sursum
2437 4476 2642 4530 tollere.
2682 4475 2964 4542 Quomodo
3006 4476 3132 4532 vivit
3173 4486 3374 4531 tantum
3409 4479 3668 4547 tempus?
3716 4477 3792 4532 in.

2185 4581 2293 4635 quo
2334 4572 2418 4619 est
2454 4565 2612 4620 loco?
2641 4581 2804 4635 quare
2855 4565 2956 4620 hoc
2996 4563 3194 4622 factum
3233 4567 3360 4621 est?
3414 4565 3530 4633 Quo
3580 4576 3784 4620 autem.

2184 4657 2476 4712 translatus
2501 4666 2584 4714 est
2610 4656 2840 4712 Euoclt?
2884 4672 3017 4714 eone
3059 4661 3178 4714 cibo
3213 4659 3445 4714 vescitur
3473 4673 3582 4727 quo
3623 4675 3728 4712 nos
3755 4660 3782 4712 ἲ

2187 4761 2244 4806 et
2268 4751 2393 4822 quid
2425 4761 2566 4806 vetat
2591 4750 2880 4821 quominus
2905 4751 2974 4806 sit
2998 4750 3124 4807 hic?
3170 4751 3242 4806 At
3285 4759 3391 4805 non
3420 4749 3697 4804 vescitur?
3727 4761 3784 4804 et

2192 4857 2288 4896 cur
2317 4841 2416 4896 fuit
2459 4842 2796 4896 translatus?
2835 4841 2964 4898 Vide
2995 4841 3160 4897 Deum
3206 4841 3460 4912 paulatim
3501 4855 3600 4895 nos
3651 4857 3786 4895 eru-

2193 4935 2449 4989 dientem.
2487 4932 2778 4988 Transtulit
2820 4930 3002 4988 Enoch
3028 4949 3040 4986 :
3071 4931 3172 4987 hoc
3215 4945 3321 4985 non
3367 4939 3450 4986 est
3495 4946 3786 5000 magnum.

2195 5025 2306 5080 Hoc
2329 5038 2428 5080 nos
2456 5023 2638 5079 docuit
2672 5024 2725 5078 in
2769 5024 2896 5077 Elite
2925 5023 2982 5077 in
3011 5022 3177 5076 altum
3206 5021 3504 5076 evectione.
3539 5019 3784 5076 Rursum

2192 5119 2406 5175 inclusit
2435 5119 2547 5174 Noe
2570 5119 2622 5173 in
2653 5134 2776 5173 arca
2805 5132 3013 5188 :neque
3034 5119 3136 5172 hoc
3163 5127 3244 5173 est
3270 5118 3338 5171 ita
3362 5127 3635 5186 magnum.
3669 5112 3789 5168 Hoc

2194 5226 2293 5266 nos
2320 5210 2498 5265 docuit
2524 5210 2575 5263 in
2600 5211 2874 5280 pr0pltetze
2897 5208 3194 5264 inclusione
3221 5208 3272 5261 in
3301 5216 3442 5261 ceto.
3472 5205 3562 5261 Sic
3589 5216 3783 5260 vetera

2194 5315 2404 5372 quoque
2454 5299 2878 5370 prascursoribus
2920 5313 3055 5369 opus
3105 5299 3406 5352 baburrunt
3455 5307 3513 5349 et
3566 5295 3782 5362 ﬁguris.

2193 5391 2342 5446 Sicut
2363 5391 2505 5444 enim
2535 5389 2588 5444 in
2610 5390 2770 5445 scalis
2801 5389 3005 5458 primus
3024 5387 3222 5458 gradus
3249 5383 3563 5441 transmittit
3587 5384 3665 5438 ad
3695 5401 3783 5439 sc-

2195 5483 2461 5548 cundum;
2488 5497 2518 5537 a
2547 5483 2720 5552 primo
2756 5491 2934 5537 autem
2965 5495 3070 5535 non
3114 5479 3240 5534 licet
3289 5477 3471 5533 venire
3504 5475 3572 5530 ad
3614 5492 3786 5547 quaro

2197 5585 2332 5644 tum,
2357 5584 2412 5630 et
2437 5575 2536 5631 iste
2559 5574 2627 5629 ad
2658 5573 2832 5637 illum,
2867 5580 2927 5628 ut
2954 5572 3043 5626 ille
3071 5571 3138 5626 ad
3166 5571 3324 5626 istum
3363 5571 3432 5624 sit
3453 5568 3537 5621 via
3559 5584 3575 5632 ;
3601 5584 3784 5638 neque

2197 5676 2321 5723 ante
2351 5667 2577 5738 primum
2620 5665 2731 5721 ﬁeri
2778 5674 2952 5736 potest
2982 5673 3040 5719 ut
3063 5662 3308 5719 veniatur
3335 5660 3401 5716 ad
3430 5659 3736 5716 secundum
3768 5679 3780 5712 :

2200 5762 2268 5816 ita
2292 5760 2376 5815 hic
2405 5773 2634 5831 qucque.
2668 5758 2731 5814 Et
2772 5757 2892 5813 vide
2937 5756 3082 5829 signa
3124 5755 3395 5827 signorum
3431 5771 3446 5811 ;
3477 5763 3531 5810 et
3571 5753 3780 5809 vidcbs
