4064 6210
308 311 412 374 557

309 426 412 482 hoc
438 425 491 479 in
515 421 655 478 scala
672 434 845 492 quam
869 415 1000 473 vidit
1027 414 1232 471 Jacob:
1264 414 1523 485 Superius
1544 413 1782 485 quidem,
1808 413 1892 468 in-

307 514 660 587 quit,_ﬁrmus
689 519 745 565 et
768 509 975 564 stabilis
996 507 1171 562 stabat
1204 506 1496 571 Dominus;
1528 505 1753 560 inferius
1795 519 1895 559 au-

309 617 417 661 tem
448 604 621 673 angeli
650 599 1014 656 ascendebant
1039 608 1092 652 et
1131 596 1548 652 descendebant.
1579 595 1898 666 Prophetice

308 695 660 753 nuntiabatur
683 692 823 763 quod
874 691 1070 746 Filium
1115 688 1341 743 haberet
1388 687 1587 741 Pater:
1617 686 1900 756 oportebat

308 789 416 845 hoc
444 786 613 842 credi.
650 784 926 840 Undenatn
974 783 1054 835 vis
1090 780 1373 836 ostendam
1410 780 1562 834 illius
1604 779 1791 848 signa?
1830 778 1899 835 ab

307 879 417 933 alto
453 876 612 938 infra,
642 876 711 929 ab
749 876 857 928 imo
906 872 1106 942 supra?
1135 868 1550 925 Ostendendum
1595 877 1711 923 erat
1755 866 1898 937 quod

306 974 489 1040 gignat
519 965 886 1036 impatibiliter
919 981 932 1017 :
960 971 1243 1033 propterea
1270 961 1451 1030 genuit
1472 960 1707 1028 primum
1739 957 1900 1013 steri-

311 1063 396 1114 lis.
427 1060 536 1113 ltno
567 1074 693 1114 vero
733 1059 802 1113 ab
840 1056 950 1111 alto
992 1055 1211 1125 petitum
1263 1053 1520 1108 ducamus
1544 1066 1900 1108 sermonem:

309 1154 454 1207 credi
485 1152 794 1220 oportebat,
825 1148 1063 1219 quodex
1093 1149 1209 1217 ipso
1233 1165 1257 1201 τ
1286 1146 1412 1215 quid
1457 1143 1625 1215 ergo?
1673 1144 1783 1199 lloc
1820 1145 1898 1207 ﬁt,

311 1244 405 1298 sed
434 1244 684 1305 obscure,
718 1249 901 1310 utpote
938 1239 996 1293 in
1027 1239 1213 1292 umbra
1246 1247 1311 1291 et
1349 1236 1553 1306 ﬁgura;
1590 1234 1684 1290 sed
1717 1236 1774 1289 fit
1805 1251 1820 1289 :
1847 1242 1903 1288 et

313 1335 654 1404 procedendo
684 1333 739 1388 fit
767 1330 1163 1403 quodammodo
1191 1328 1545 1384 manifestius.
1577 1328 1653 1383 Ex
1688 1328 1904 1383 homine

312 1429 429 1482 solo
453 1438 536 1481 est
577 1427 793 1491 mulier,
825 1435 879 1479 et
904 1424 993 1478 ille
1040 1431 1220 1478 manet
1259 1423 1485 1491 integer.
1514 1420 1722 1475 Rursus
1769 1434 1903 1474 con-

315 1519 578 1589 ceptionis
606 1534 672 1572 ex
702 1516 922 1587 Virgine
948 1516 1232 1585 oportebat
1273 1529 1393 1569 esse
1425 1513 1639 1583 aliquod
1667 1513 1898 1581 signum.

314 1610 458 1666 Parit
480 1611 702 1677 sterilis,
734 1625 839 1664 non
871 1609 1059 1673 semel,
1096 1607 1190 1662 sed
1232 1607 1312 1660 bis
1334 1614 1388 1661 et
1413 1614 1493 1661 ter
1521 1616 1572 1660 et
1598 1620 1761 1674 srepe.
1792 1602 1904 1658 Ge-

311 1702 607 1757 nerationis
631 1717 761 1773 ergo
786 1717 852 1755 cx
886 1700 1103 1770 Virgine
1126 1699 1326 1754 sterilis
1353 1697 1452 1753 fuit
1478 1696 1696 1769 quidem
1719 1706 1901 1766 typus,

310 1802 366 1847 et
411 1795 502 1847 illa
558 1804 791 1847 mentem
850 1791 1164 1847 transmittit
1206 1790 1273 1845 ad
1331 1790 1511 1844 ﬁdem.
1568 1788 1678 1841 Iloc
1718 1803 1904 1841 rursus

314 1883 415 1938 fuit
472 1892 633 1953 typus
681 1882 817 1953 quod
858 1883 1006 1936 solus
1044 1883 1180 1937 Deus
1216 1881 1384 1950 possit
1413 1881 1649 1949 gignere.
1676 1878 1730 1933 Si
1761 1880 1903 1932 enim

315 1973 464 2045 quod
496 1982 579 2028 est
607 1974 936 2042 praestantius
968 1974 1147 2036 homo,
1174 1972 1333 2025 etiam
1358 1971 1558 2039 absque
1575 1985 1640 2025 eo
1665 1969 1902 2040 paritur;

319 2063 495 2119 multo
532 2063 694 2132 magis
717 2072 1005 2131 generatur
1029 2078 1094 2115 ex
1113 2076 1192 2116 eo
1230 2060 1373 2131 quod
1403 2070 1483 2114 est
1511 2060 1604 2114 illo
1646 2068 1908 2130 praestan-

326 2156 454 2207 tius.
504 2154 605 2208 Est
657 2154 759 2207 alia
824 2168 1035 2223 quoque
1097 2152 1373 2223 generatio
1420 2160 1578 2222 typus
1628 2149 1904 2211 veritatis;

313 2260 510 2314 nempe
550 2253 731 2298 nostra
786 2260 852 2298 ex
896 2244 1120 2313 Spiritu.
1169 2242 1335 2311 llujus
1383 2256 1570 2296 rursus
1622 2250 1779 2311 typus
1825 2248 1907 2294 est

311 2339 535 2402 sterilis,
562 2340 816 2408 quoniam
846 2353 950 2391 non
982 2352 1047 2392 ex
1081 2335 1429 2406 sanguinibus
1461 2351 1474 2387 :
1506 2334 1620 2387 hare
1656 2347 1907 2401 superna:

312 2431 678 2503 generationis
725 2442 882 2501 typus
921 2440 1025 2487 est.
1069 2432 1241 2500 Atque
1282 2429 1369 2483 illa
1410 2427 1626 2495 quidem
1671 2424 1909 2481 ostendit

315 2523 434 2592 ejus
464 2523 958 2591 impatibilitatem;
987 2520 1102 2575 inec
1129 2534 1259 2575 vero
1285 2533 1349 2574 ex
1385 2518 1503 2572 solo
1546 2531 1703 2587 posse
1736 2530 1910 2586 gene-

318 2615 446 2670 rari.
490 2614 595 2669 Est
646 2614 893 2669 Chrisms
942 2628 1175 2683 superne
1230 2612 1282 2665 in
1331 2624 1523 2665 omnes
1578 2609 1909 2663 dominatum

316 2708 568 2763 obtinens
600 2727 613 2763 :
644 2708 929 2777 oportebat
979 2706 1082 2761 hoc
1123 2705 1289 2761 credi.
1321 2703 1407 2758 Fit
1451 2703 1552 2757 hoc
1589 2703 1650 2757 in
1685 2712 1823 2757 terra
1857 2700 1909 2756 in

317 2800 537 2856 homine
567 2819 580 2855 :
610 2799 892 2854 Faciamus
917 2799 1193 2864 hominem,
1228 2796 1419 2866 inquit,
1458 2794 1527 2848 ad
1560 2795 1826 2865 imaginem
1855 2802 1911 2847 et

315 2897 698 2951 similitudinem
727 2904 949 2947 nostram
973 2890 1123 2961 (Gen.
1160 2890 1354 2959 1.26),
1378 2900 1433 2943 ut
1464 2890 1638 2944 brutis
1661 2889 1909 2944 omnibus

317 2991 573 3060 imperet.
603 2987 674 3042 Ita
705 3002 808 3040 non
835 2984 1037 3048 verbis,
1067 2983 1159 3038 sed
1186 2982 1346 3037 rebus
1372 2981 1533 3037 etiam
1574 2996 1671 3033 nos
1697 2978 1901 3033 docuit.

315 3080 539 3135 Natura:
563 3079 956 3147 separationem
988 3073 1250 3144 signiﬁcat
1276 3072 1577 3143 paradisus,
1593 3082 1656 3127 et
1672 3070 1908 3125 omnium

1185 298 1261 356 1N
1290 297 1514 357 EPIST.
1556 299 1647 356 AD
1673 298 1960 358 COLOSS.
1988 300 2152 360 CA9.
2192 300 2259 361 ll.
2300 303 2530 360 HOMlL.
2576 302 2657 360 Vl.

3475 314 3580 373 333

1996 416 2256 486 optimum
2283 427 2337 473 et
2358 418 2853 489 praestantissimum
2870 435 2989 478 esse
3011 422 3305 483 hominem.
3337 427 3581 489 Christus

1999 519 2117 565 erat
2162 521 2585 568 resurrecturus.
2633 511 2769 569 Vide
2810 514 2919 585 jam
2966 526 3097 587 quot
3115 518 3265 589 signa
3307 536 3323 575 :
3373 520 3575 587 Enoch,

2002 602 2164 666 Elias,
2192 602 2377 667 Jonas,
2400 620 2520 674 quae
2548 606 2681 660 facta
2709 608 2901 661 suntin
2930 605 3163 674 fornace,
3198 626 3317 680 quae
3341 620 3581 682 tempore

2001 692 2113 747 Noe
2154 692 2291 748 facta
2314 702 2401 749 est
2443 695 2742 761 inundatio,
2775 697 3002 764 semina,
3032 700 3245 767 planttc,
3273 715 3452 756 nostra
3526 713 3582 758 et

2000 785 2239 839 omnium
2266 786 2575 840 animalium
2608 788 2905 856 generatio.
2939 788 3069 842 Nam
3095 790 3346 858 quoniam
3393 794 3444 846 in
3479 792 3582 848 hoc

2001 878 2179 931 omnia
2210 877 2688 946 periclitabantur,
2722 880 2824 935 hoc
2851 881 3080 934 maxime
3119 881 3357 935 omnium
3389 886 3583 939 multas

2006 968 2187 1023 habuit
2211 967 2429 1038 ﬁguras.
2454 967 2605 1034 Quod
2632 969 2807 1023 omnia
2835 985 2942 1024 non
2970 971 3085 1024 sine
3110 971 3445 1039 providentia
3484 989 3580 1044 ge-

2004 1068 2209 1122 rantur,
2238 1073 2304 1112 ex
2337 1058 2399 1112 iis
2420 1073 2634 1130 quoque
2655 1074 2773 1127 qua:
2798 1060 2937 1129 apud
2967 1076 3063 1116 nos
3091 1063 3222 1116 ﬁunt
3247 1072 3425 1132 potest
3449 1080 3582 1118 con-

2000 1150 2092 1219 jici
2116 1166 2131 1202 :
2162 1150 2363 1204 nullum
2386 1150 2529 1205 enim
2556 1166 2740 1205 eorum
2771 1151 2890 1207 sine
2905 1152 3232 1221 providentia
3260 1153 3581 1221 manet._Sed

2003 1250 2059 1295 et
2082 1256 2292 1312 greges,
2320 1250 2372 1295 et
2399 1241 2501 1295 alia
2527 1242 2706 1294 onmia
2741 1256 2877 1311 opus
2908 1242 3105 1296 habent
3130 1253 3182 1296 ut
3208 1255 3481 1313 regantur.
3521 1246 3586 1299 Et

2004 1333 2146 1404 quod
2168 1348 2304 1387 casu
2352 1348 2457 1388 non
2497 1335 2633 1389 facta
2682 1334 2787 1388 sint
2816 1336 3015 1399 omnia,
3038 1336 3272 1390 ostendit
3316 1337 3583 1405 gehenna,

2005 1422 2238 1479 ostendit
2257 1425 2418 1477 etiam
2437 1423 2691 1478 diluvium
2719 1423 2860 1493 quod
2891 1425 2987 1478 fuit
3014 1434 3252 1495 tempore
3274 1426 3404 1492 Noe,
3427 1427 3583 1497 ignis,

2005 1515 2277 1570 demersio
2304 1516 2703 1587 Egyptiorum,
2734 1534 2853 1587 qua:
2902 1515 3040 1572 facta
3083 1526 3206 1572 sunt
3249 1518 3300 1572 in
3349 1518 3584 1574 deserto.

2006 1604 2294 1675 Oportebat
2321 1605 2709 1675 etbaptismum
2742 1607 2905 1660 multa
2927 1606 3232 1677 przecedere
3265 1625 3279 1661 :
3312 1608 3445 1662 facta
3464 1618 3590 1663 sunt

2006 1699 2119 1765 illa,
2160 1713 2508 1769 quascumque
2554 1698 2605 1753 in
2632 1714 2764 1769 aqua
2787 1741 2801 1764 ,
2831 1707 2990 1769 atque
3016 1699 3120 1754 alia
3152 1700 3585 1767 innumerabilia,

2009 1801 2066 1845 ut
2095 1807 2215 1859 quae
2239 1791 2375 1846 facta
2395 1802 2517 1846 sunt
2536 1791 2589 1845 in
2616 1790 2818 1858 Veteri,
2849 1808 2967 1863 qum
2991 1792 3042 1847 in
3067 1792 3301 1862 piscina;
3332 1794 3472 1861 quod
3499 1795 3586 1865 qui

2008 1896 2291 1937 sanus-non
2316 1892 2431 1938 erat
2453 1882 2822 1950 tnttndarctttr,
2839 1884 3009 1953 ipsum
3032 1883 3307 1952 diluvium,
3329 1885 3589 1956 baptisma

2008 1973 2250 2029 Joannis.
2283 1975 2577 2043 Oportebat
2624 1974 2791 2039 credi,
2820 1975 2970 2045 «quod
3016 1974 3206 2032 Filium
3232 1990 3393 2037 suum
3420 1977 3593 2031 tradat

2012 2066 2151 2119 Deus
2180 2082 2194 2118 :
2226 2064 2325 2119 hoc
2348 2065 2504 2135 prius
2530 2063 2658 2120 fecit
2684 2064 2869 2120 homo.
2893 2065 3023 2133 Quis
3049 2065 3177 2119 ille?
3204 2066 3471 2122 Abraham
3501 2083 3593 2137 pa-

2014 2155 2267 2210 triarcha.
2299 2155 2501 2210 llornm
2533 2172 2663 2226 ergo
2686 2156 2925 2210 omnium
2957 2168 3135 2227 typos,
3167 2158 3210 2210 si
3238 2158 3482 2224 velimus,
3511 2161 3596 2212 iu-

2011 2248 2305 2312 venientus,
2329 2249 2372 2302 si
2407 2264 2707 2318 qumramus
2725 2249 2780 2303 itt
2803 2247 3095 2318 Scriptura.
3118 2248 3221 2303 Sed
3250 2265 3317 2304 ne
3336 2249 3593 2320 defatige-

2014 2355 2154 2404 nmr,
2178 2355 2361 2394 verum
2384 2341 2442 2393 in
2476 2340 2557 2393 his
2584 2355 2682 2394 nos
2703 2354 3113 2410 componamus.
3144 2339 3377 2395 Firtnam
3407 2351 3460 2395 et
3481 2350 3595 2396 sta-

2014 2431 2176 2485 bilem
2230 2430 2521 2485 habeamus
2581 2430 2741 2486 ﬁdem
2790 2446 2806 2483 :
2855 2443 3095 2486 exactam
3171 2440 3224 2485 et
3288 2440 3594 2486 accuratam

2014 2519 2360 2575 ostendamus
2385 2521 2510 2575 vita:
2559 2529 2757 2574 nostra:
2805 2520 3197 2575 institutionem
3224 2537 3240 2587 ;
3274 2528 3332 2575 ut
3358 2537 3478 2575 cum
3505 2535 3600 2591 per

2016 2612 2197 2666 onmia
2227 2611 2334 2667 Deo
2370 2613 2568 2682 gratias
2594 2614 2884 2683 egerimus,
2912 2612 3192 2682 promissis
3217 2614 3384 2667 etiam
3418 2614 3481 2667 iis
3507 2613 3599 2683 qui

2016 2705 2239 2774 diligunt
2286 2721 2407 2759 eum
2447 2704 2931 2775 dignemurbonis,
2972 2704 3140 2775 gratia
3181 2713 3236 2759 et
3275 2705 3599 2773 benignitate

2020 2798 2231 2854 Domini
2255 2799 2423 2853 nostri
2444 2798 2572 2853 Jcsu
2592 2796 2813 2862 Christi,
2843 2810 2967 2851 cum
2996 2811 3102 2866 quo
3140 2796 3308 2864 Patri,
3335 2796 3600 2865 simulque

2017 2903 2203 2948 sancto
2227 2890 2445 2962 Spiritui
2467 2892 2656 2961 gloria,
2679 2899 2936 2961 potestas,
2964 2888 3162 2957 honor,
3196 2903 3336 2945 nunc
3372 2898 3427 2944 et
3455 2902 3601 2945 scm-

2020 2996 2136 3053 per,
2168 2991 2222 3038 et
2243 2983 2294 3037 iu
2320 2984 2513 3038 saecula
2538 2981 2878 3037 stecu'lorum.
2898 2984 3093 3038 Amen.

317 3194 3595 3225 W

1650 3294 1996 3358 HOMILIA
2040 3298 2148 3361 VI.

315 3452 452 3507 Car.
480 3449 536 3503 2.
568 3465 618 3503 v.
641 3449 693 3502 6.
728 3446 876 3503 Sicut
896 3463 1014 3517 ergo
1034 3444 1304 3516 accepistis
1323 3442 1499 3497 Iesum
1518 3440 1778 3496 Christum
1800 3439 1913 3495 Do-

392 3542 591 3595 minum
638 3551 887 3604 nostrum,
931 3540 985 3592 in
1027 3537 1139 3607 ipso
1183 3533 1457 3599 ambuiate,
1507 3534 1561 3587 7.
1612 3532 1827 3586 radicati
1866 3541 1913 3585 et

393 3632 795 3701 supertcdiﬁcati
836 3632 887 3684 in
918 3631 1051 3700 ipso,
1084 3639 1130 3682 et
1160 3627 1451 3697 conﬁrmati
1476 3626 1529 3679 in
1556 3624 1679 3695 ﬁde,
1711 3625 1840 3677 sicut
1866 3631 1914 3677 et

393 3725 669 3787 didicistis,
697 3723 1010 3776 abundantes
1040 3722 1092 3773 in
1122 3718 1213 3773 illa
1239 3720 1290 3772 in
1316 3718 1594 3788 gratiarum
1621 3719 1840 3769 actione.

395 3818 449 3871 l.
497 3814 651 3869 Prius
674 3814 794 3868 illos
816 3814 1031 3885 proprio
1058 3812 1319 3882 przevenit
1350 3807 1681 3870 testimonio,
1704 3806 1913 3874 dicens,

316 3908 477 3964 Sicut
502 3908 788 3977 accepistis.
813 3906 955 3961 Nihil
983 3906 1237 3970 alienum,
1268 3904 1457 3972 inquit,
1489 3900 1912 3966 introducimus;

311 4018 455 4074 ergo
498 4017 671 4068 neque
711 4015 827 4053 vos.
868 3998 937 4053 In
966 4014 1023 4052 eo
1048 3997 1346 4051 ambutate:
1377 3996 1489 4064 ipse
1516 3994 1658 4049 enim
1707 4001 1791 4048 est
1830 3992 1915 4046 via

313 4110 445 4164 qum
472 4092 692 4146 adducit
720 4090 785 4145 ad
833 4090 1042 4145 Patrem
1078 4104 1220 4143 :non
1264 4089 1316 4141 in
1358 4087 1590 4157 angelis;
1634 4101 1740 4139 non
1785 4084 1917 4139 illuc

314 4188 475 4241 ducit
508 4185 622 4239 hare
644 4186 747 4237 via.
779 4182 1047 4244 Radicati;
1074 4180 1176 4235 hoc
1203 4191 1305 4245 est,
1338 4180 1424 4234 ﬁxi
1446 4194 1509 4234 ac
1535 4179 1775 4243 stabiles,
1809 4194 1915 4232 non

314 4274 619 4346 aliquando
662 4273 877 4343 quidem
928 4272 1086 4337 hanc,
1132 4268 1417 4339 aliquando
1453 4284 1583 4323 vero
1619 4267 1786 4334 illam,
1818 4266 1913 4321 sed

314 4365 591 4422 radicati:
620 4362 762 4433 quod
791 4372 874 4417 est
903 4371 1081 4416 autent
1111 4361 1404 4415 radicatam
1426 4375 1520 4415 seu
1549 4358 1689 4429 quod
1716 4357 1919 4413 radices

312 4456 460 4526 egit,
486 4469 595 4507 non
619 4451 810 4521 poterit
835 4450 1210 4505 transmoveri.
1252 4448 1383 4503 Vide
1411 4464 1569 4518 quam
1598 4448 1841 4518 prOprias
1867 4456 1921 4502 et

310 4544 608 4616 appositas
638 4542 788 4611 ponit
830 4540 1117 4595 dictiones.
1152 4540 1218 4592 Et
1244 4539 1659 4607 superadi/icati,
1716 4536 1919 4607 inquit;

310 4639 435 4693 hoc
464 4641 567 4696 est,
601 4642 782 4687 mente
801 4632 867 4686 ad
897 4633 1071 4701 ipsum
1106 4632 1491 4701 pertingcntes.
1532 4628 1602 4683 Et
1632 4631 1921 4699 conﬁrmati

306 4730 379 4782 in
417 4728 564 4794 ipso;
596 4723 699 4779 hoc
744 4734 848 4789 est,
896 4723 1068 4793 ipsum
1122 4732 1385 4786 tenentes,
1443 4732 1712 4791 tamquam
1762 4737 1926 4791 super

312 4817 743 4873 {uiridamentum
784 4815 1051 4871 tediﬁcati.
1083 4814 1329 4870 Ostendit
1356 4829 1449 4869 eos
1474 4814 1734 4869 cecidisse
1765 4831 1779 4868 :
1825 4814 1926 4868 hoc

313 4910 481 4966 enim
516 4908 714 4962 indicat
740 4907 890 4972 illud,
918 4906 1210 4976 didi/irati.
1238 4907 1442 4960 Revera
1471 4906 1611 4959 enim
1643 4905 1924 4960 ardilicinm

315 5009 422 5055 est
452 4998 621 5052 ﬁdes:
652 5008 862 5068 etopus
893 5008 975 5052 est
1002 4997 1123 5051 forti
1164 4996 1536 5063 fundamento,
1563 4995 1844 5066 stabilique
1873 5003 1928 5051 et

318 5104 455 5145 tuta
483 5090 862 5145 :ediﬂcatione.
888 5089 1017 5144 Nam
1049 5090 1092 5143 si
1121 5089 1241 5160 quis
1264 5090 1319 5143 in
1347 5098 1461 5142 tuto
1492 5102 1596 5141 nou
1624 5087 1928 5141 :edilicave-

316 5185 431 5246 rit,
464 5182 715 5247 labascit;
742 5190 795 5237 et
840 5182 884 5235 si
926 5182 977 5233 in
1019 5189 1151 5245 tuto,
1180 5190 1233 5235 et
1260 5196 1363 5233 non
1393 5181 1654 5240 lirmetnr,
1688 5193 1794 5231 non
1825 5184 1930 5231 stat

317 5271 598 5341 amplius.
631 5270 779 5326 Sicut
820 5280 865 5324 et
892 5271 1161 5324 didicistis.
1196 5270 1422 5333 Rursus,
1452 5268 1633 5333 Sicut,
1668 5265 1930 5336 signiﬁcat

319 5363 480 5418 nihil
503 5377 697 5417 novum
726 5362 853 5416 dici.
881 5361 1231 5427 Abundantes,
1261 5362 1449 5431 inqttit,
1480 5361 1531 5413 in
1559 5360 1647 5413 illa
1669 5361 1719 5412 in
1741 5359 1932 5430 gratia-

318 5472 463 5510 rum
493 5455 705 5508 actione.
752 5455 862 5508 lloc
890 5464 971 5508 est
1000 5454 1140 5507 enim
1170 5468 1359 5507 eorum
1396 5451 1483 5520 qtti
1513 5459 1636 5505 sunt
1668 5465 1933 5504 memores

323 5548 597 5604 lsettelicii
634 5570 648 5600 :
681 5561 784 5600 non
829 5547 1027 5611 solum,
1078 5546 1315 5613 inquam,
1362 5542 1557 5613 gratias
1606 5556 1784 5610 agere,
1839 5539 1934 5594 sed

324 5654 474 5695 cum
504 5653 692 5708 magna
723 5637 1064 5700 abundantia,
1100 5636 1218 5707 plus
1256 5650 1412 5705 quam
1438 5633 1720 5699 didicistis,
1747 5633 1789 5687 si
1822 5632 1935 5686 ﬁeri

327 5738 553 5803 potest,
586 5743 708 5784 cum
741 5743 929 5799 magna
969 5728 1133 5783 animi
1176 5725 1541 5784 contentione.
1575 5724 1628 5782 8.
1669 5722 1842 5781 Videte
1874 5738 1935 5780 ne

2022 3445 2135 3511 quis
2164 3462 2248 3500 vos
2278 3447 2517 3517 decipiat.
2549 3447 2710 3503 Vides
2740 3447 3009 3517 quomodo
3037 3445 3331 3502 ostenderit
3368 3459 3488 3501 θμεθ
3516 3442 3568 3499 fu
3586 3471 3601 3484 -

2022 3552 2156 3603 rem,
2192 3548 2245 3591 et
2268 3540 2522 3605 alienum,
2551 3550 2605 3593 ct
2632 3540 2828 3594 sensim
2876 3538 3299 3609 ingredientem?
3321 3538 3429 3606 jam
3457 3538 3600 3590 enim

2019 3629 2203 3682 statuit
2221 3630 2390 3698 ipsum
2419 3630 2824 3700 ingredientem.
2846 3630 2907 3684 Et
2929 3628 3149 3700 pulchre
3166 3627 3600 3691 dixitcum/~75),

2022 3721 2392 3777 sull‘urantem.
2418 3720 2489 3778 Ut
2516 3721 2561 3777 si
2592 3723 2855 3793 quispiam
2895 3737 3144 3792 aggerem
3195 3719 3405 3774 inferne
3433 3717 3601 3772 δυσυ-

2021 3810 2196 3877 dLens,
2227 3812 2305 3866 sui
2329 3827 2546 3867 sensum
2587 3830 2692 3867 non
2726 3813 2979 3883 prmbcat,
3032 3810 3160 3866 illud
3201 3826 3330 3867 vero
3359 3809 3601 3864 labatur:

2023 3905 2102 3959 sic
2124 3905 2209 3960 ille
2243 3904 2386 3960 facit.
2419 3905 2602 3961 Videte
2627 3920 2790 3975 ergo:
2822 3903 2906 3958 ha.-
2939 3913 3059 3958 suut
3089 3903 3231 3958 enim
3260 3902 3399 3956 illius
3428 3913 3605 3970 partes

2024 4014 2091 4053 ne
2117 4013 2333 4053 sensum
2364 3999 2578 4069 quidem
2623 3998 2705 4052 sui
2756 3999 3017 4067 prmbere.
3054 3995 3158 4050 Per
3200 3994 3602 4066 philosophiam.

2026 4090 2250 4154 Deinde,
2268 4092 2518 4160 quoniam
2548 4088 2850 4144 veneranda
2880 4088 3088 4141 videtur
3104 4101 3223 4141 esse
3246 4084 3603 4155 philosophia,

2025 4182 2264 4241 addidit:
2298 4181 2359 4235 Et
2383 4183 2587 4235 inanem
2611 4180 2891 4251 fallaciam.
2922 4177 3019 4232 Est
3050 4178 3193 4232 enim
3226 4176 3363 4228 bona
3394 4188 3607 4245 quoque

2025 4271 2272 4342 dect-ptio
2293 4280 2347 4326 et
2374 4272 2547 4326 bonus
2566 4271 2738 4333 dolus,
2759 4284 2865 4337 quo
2883 4268 3030 4321 multi
3053 4275 3177 4320 sunt
3195 4265 3426 4335 decepti,
3445 4278 3605 4332 quem

2028 4381 2133 4419 non
2166 4365 2424 4418 fallaciam
2455 4363 2668 4431 quidem
2715 4368 2807 4415 aut
2853 4357 3229 4428 deceptionem
3258 4363 3471 4426 oportet
3509 4370 3605 4407 vo-

2028 4471 2186 4510 care:
2216 4454 2282 4509 de
2321 4469 2422 4524 qua
2474 4453 2603 4507 dicit
2647 4451 2928 4514 Jeremias,
2962 4448 3211 4517 Deceinsti
3241 4464 3337 4511 me,
3368 4443 3607 4511 Domine,

2030 4559 2075 4603 et
2100 4550 2336 4618 deceptus
2363 4564 2472 4600 sum
2508 4544 2641 4616 (Jcr.
2671 4544 2762 4600 20.
2791 4544 2869 4614 7).
2894 4541 3023 4596 Nam
3052 4540 3193 4610 quod
3221 4552 3303 4595 est
3331 4539 3609 4607 hujnsmo-

2029 4641 2106 4704 di,
2130 4657 2197 4696 ne
2225 4640 2469 4709 deceptio
2494 4639 2705 4709 quidem
2732 4635 3014 4692 dicendmu
3039 4643 3140 4689 est.
3162 4633 3292 4687 Nam
3320 4646 3373 4688 et
3405 4640 3608 4702 patrem

2031 4746 2184 4787 suum
2214 4731 2425 4801 decepit
2464 4729 2649 4792 Jacob,
2684 4728 2777 4782 sed
2810 4740 2913 4780 non
2947 4734 3062 4779 erat
3105 4724 3373 4794 deccptio,
3421 4738 3608 4778 verum

2033 4824 2381 4893 dispensatio.
2419 4820 2519 4875 Per
2539 4818 2933 4890 philowphiam,
2960 4816 3152 4887 inquit,
3169 4825 3216 4869 et
3237 4816 3438 4869 inanem
3458 4813 3614 4884 {alla-

2033 4917 2185 4977 ciam,
2213 4912 2488 4967 secundum
2518 4911 2842 4965 traditionem
2887 4909 3168 4971 hominum,
3209 4906 3485 4961 secuttdum
3513 4903 3615 4957 elc-

2035 5015 2202 5060 menla
2223 5003 2422 5069 mundi,
2447 5013 2491 5056 et
2516 5019 2615 5055 non
2641 5000 2916 5054 secundum
2944 4999 3219 5052 Christum.

2111 5095 2490 5149 Observationes
2517 5093 2729 5146 dierum.
2756 5119 2830 5132 —
2850 5090 2967 5146 Jam
2999 5090 3213 5159 attingit
3241 5085 3616 5159 reprehensio-

2037 5202 2162 5242 nem
2188 5187 2396 5240 dierum
2423 5184 2811 5239 observationis
2833 5182 2928 5252 (a),
2950 5182 3214 5237 elementa
3234 5176 3416 5233 mundi
3433 5176 3621 5233 dicens

2039 5279 2208 5333 solent
2239 5288 2293 5332 et
2321 5276 2538 5330 lunam:
2582 5276 2720 5329 sicut
2761 5275 2921 5329 etiam
2962 5272 3174 5327 dicebat
3202 5269 3255 5324 in
3287 5267 3522 5341 Epistola
3549 5267 3619 5323 ad

2040 5367 2283 5424 Galatas:
2313 5364 2576 5432 Quomodo
2624 5362 2973 5418 convertimini
3015 5360 3085 5414 ad
3130 5359 3336 5428 inﬁrma
3371 5369 3419 5413 et
3462 5374 3617 5430 egena

2106 5548 2176 5607 (a)
2202 5545 2278 5595 De
2300 5545 2486 5594 dierum
2509 5540 2947 5607 observationibus,
2966 5552 3084 5607 quae
3106 5548 3279 5607 magna
3304 5533 3527 5607 fuitgolim
3551 5546 3629 5607 sus

2043 5593 2281 5672 peisiitio,
2303 5593 2434 5672 etgiad
2462 5604 2619 5672 influat
2646 5616 2801 5665 usque
2836 5593 3025 5672 stt-cule
3046 5593 3282 5672 protnicta
3328 5598 3436 5672 fuit,
3471 5593 3630 5672 multa

2041 5657 2169 5720 ilieta
2206 5657 2318 5718 sum
2356 5670 2405 5717 in
2449 5657 2801 5729 Supplementa
2824 5665 2881 5714 ad
2916 5657 3262 5726 Antiquitatem
3287 5657 3626 5723 explanatam:

2041 5683 2169 5720 uncta
2206 5683 2318 5718 sum
2356 5683 2405 5717 tu
2449 5683 2516 5715 eu
2552 5683 2680 5729 ptem

2041 5746 2152 5797 qtae
2174 5731 2314 5780 adeat
2346 5731 2430 5794 qui
2457 5683 2680 5779 voiiterit.
