4064 6210
473 277 578 335 339

477 393 652 448 mundi
671 392 914 448 elementa
937 391 1078 464 Gal.
1102 393 1154 448 4.
1183 391 1280 459 9)?
1310 391 1377 450 Ει
1399 405 1506 446 non
1533 387 1684 454 dixit,
1716 387 1930 447 nierum
1955 387 2052 442 ob-

477 485 827 551 servationes,
855 483 948 539 sed
975 482 1194 538 omnino
1223 480 1404 544 mundi
1444 478 1741 549 przesentls,
1777 485 1835 532 ut
1863 486 2049 532 osten-

475 577 569 630 dat
593 591 752 647 quam
782 577 851 629 sit
876 590 960 630 res
989 576 1104 628 vilis
1125 592 1138 626 :
1158 589 1277 635 nam
1298 574 1340 627 si
1361 572 1591 630 mundus
1611 570 1859 635 nihilost,
1885 567 2054 628 multo

477 669 645 738 magis
671 669 953 722 elementa.
985 665 1116 724 Cum
1145 679 1274 733 ergo
1311 662 1633 718 ostendisset
1674 676 1830 730 quam
1875 658 2054 715 multis

476 758 651 815 affecti
696 759 890 813 fuerint
928 757 1238 822 beneﬁciis,
1283 766 1408 810 tunc
1451 755 1605 810 all'ert
1632 750 2050 814 accusationem,

477 857 539 904 ut
568 849 819 923 majorem
846 848 1113 910 ostendat,
1147 856 1200 901 et
1230 855 1416 915 arguat
1439 844 1730 902 auditores.
1762 843 1873 902 lloc
1892 843 2052 900 etiam

477 955 692 1007 semper
718 938 918 996 iaciunt
950 938 1256 1008 prophetia:
1285 937 1431 1006 prius
1457 934 1746 996 ostendunt
1774 932 2050 997 beneﬁcia.

475 1039 530 1083 et
552 1040 676 1084 tunc
703 1042 901 1099 augent
926 1031 1296 1092 accusatione;
1331 1029 1470 1086 sicut
1512 1026 1641 1082 dicit
1673 1025 1854 1088 Isaias,
1891 1023 2054 1081 Filios

475 1121 625 1190 genui
653 1130 697 1176 et
723 1121 966 1184 exaltari,
993 1120 1092 1188 ipsi
1123 1135 1236 1173 uero
1270 1136 1346 1174 me
1373 1127 1666 1183 spreverunt
1698 1114 1852 1186 (lsai.
1885 1116 1935 1170 1.
1955 1113 2011 1182 2)
2036 1131 2052 1186 ς

475 1221 532 1266 et
557 1229 760 1278 rursus,
810 1211 1008 1280 Populo
1037 1227 1198 1275 meus,
1239 1209 1361 1278 quid
1400 1208 1496 1276 feci
1542 1208 1650 1272 tibi,
1681 1216 1769 1266 aut
1799 1206 1851 1262 in
1880 1221 1977 1274 qua
2009 1215 2056 1264 te

475 1301 836 1369 doloreu/feci,
869 1312 914 1356 et
942 1303 1029 1362 tibi
1060 1302 1296 1355 molestus
1321 1301 1396 1370 fui
1423 1298 1608 1370 (Alich.
1641 1299 1690 1354 ὃ.
1726 1297 1827 1368 5)?
1861 1306 1918 1353 et
1946 1297 2052 1355 Da-

477 1393 562 1446 vid
593 1405 644 1445 ut
681 1407 797 1459 qua:
822 1391 891 1445 do
917 1391 1068 1452 diett,
1098 1389 1352 1444 Exaudivi
1377 1399 1422 1448 ts
1443 1389 1496 1448 in
1536 1388 1828 1448 abscondito
1859 1396 2054 1455 tempe-

476 1483 618 1534 statis
650 1479 820 1546 (l’sul.
853 1479 941 1540 80.
975 1483 1062 1547 8);
1092 1489 1144 1534 ct
1176 1494 1380 1542 rursus,
1423 1478 1574 1543 Aperi
1601 1494 1656 1530 os
1690 1487 1850 1541 tuum,
1879 1487 1925 1530 et
1954 1476 2051 1528 int-

481 1572 626 1641 plebo
646 1571 792 1630 illud.
829 1570 894 1626 Et
925 1571 1118 1644 ubique
1160 1569 1239 1626 sic
1267 1568 1528 1626 invenies.
1559 1567 1701 1637 Ergo
1731 1566 1934 1628 etiamsi
1965 1564 2044 1621 illi

478 1663 766 1731 quidquam
797 1661 1054 1725 dicereut,
1093 1675 1198 1714 non
1234 1657 1542 1728 persuaderi
1577 1666 1882 1727 oporteret;
1913 1669 2054 1719 nunc

476 1764 674 1817 autem,
724 1753 882 1808 etiam
926 1751 1127 1819 absque
1177 1749 1468 1814 hcncliciis,
1501 1749 1586 1803 illa
1614 1757 1824 1818 oportet
1851 1747 2052 1817 lugere.

478 1844 542 1897 Et
573 1862 670 1898 non
699 1844 976 1903 secundum
997 1842 1272 1901 Christum.
1305 1841 1436 1896 Nam
1467 1841 1567 1903 etsi
1591 1843 1660 1902 ita
1684 1855 1771 1896 res
1797 1856 1856 1896 se
1885 1838 2054 1896 babe-

476 1945 557 1990 ret
578 1946 634 1990 ut
662 1937 888 2005 possetis
914 1945 963 1991 ct
998 1935 1119 1990 lmic
1158 1947 1213 1990 et
1253 1935 1328 1988 illi
1368 1934 1592 2000 servire,
1636 1949 1703 1988 ne
1731 1933 1809 1988 sic
1836 1931 2050 2003 quidem

475 2037 780 2096 oporteret:
807 2043 946 2085 nunc
989 2036 1167 2082 autem
1200 2043 1304 2081 non
1349 2027 1531 2086 sinunt
1567 2024 1658 2079 illa
1691 2038 1788 2082 vos
1814 2037 1936 2082 esse
1961 2038 2052 2079 se-

474 2117 706 2172 cundum
737 2119 1042 2174 Christum:
1073 2133 1134 2170 ea
1165 2131 1256 2170 vos
1286 2117 1410 2171 inde
1434 2115 1726 2172 abducunt.
1744 2114 1878 2173 Cum
1907 2114 2056 2184 prius

475 2210 688 2266 Cra-cas
717 2210 1080 2268 labetaCIasset
1101 2209 1522 2271 observationes,
1558 2217 1682 2262 tunc.
1707 2205 1868 2268 etiam
1898 2219 2057 2260 ever-

478 2303 541 2355 tit
567 2301 826 2356 iudaicas.
862 2299 993 2353 Nam
1023 2310 1076 2355 ct
1105 2298 1280 2356 (ἔκ-ιιξεί
1310 2307 1364 2354 et
1389 2298 1556 2361 Judaei
1603 2297 1751 2367 plura
1792 2296 2052 2358 observav

476 2389 633 2455 bant;
667 2391 756 2450 sed
789 2391 862 2444 illi
889 2389 1103 2459 quidem
1131 2405 1196 2444 cx
1229 2387 1583 2458 philosophia,
1607 2387 1660 2442 hi
1681 2401 1810 2442 vero
1826 2401 1888 2442 ex
1912 2387 2051 2456 lege.

478 2482 633 2538 l'rius
663 2497 788 2551 ergo
828 2480 1034 2538 accedit
1072 2479 1138 2544 ad
1177 2494 1291 2543 eos,
1335 2480 1472 2548 apud
1511 2493 1647 2548 quos
1675 2478 1874 2548 majora
1900 2484 2054 2536 erant

476 2573 794 2630 accusanda.
846 2572 1145 2645 Quomodo,
1199 2571 1319 2632 Non
1365 2573 1635 2632 secundum
1677 2568 1970 2624 Christum?
1997 2568 2052 2624 9.

481 2664 614 2729 Quia
643 2666 693 2718 iu
721 2666 829 2730 ipso
858 2663 1046 2717 habitat
1075 2663 1237 2716 omnis
1269 2663 1522 2732 plenitudo
1567 2661 1840 2716 divinitatis
1877 2675 2056 2729 corpo-

479 2758 691 2822 raliter;
722 2755 809 2811 10.
850 2765 897 2811 et
932 2756 1048 2808 estis
1076 2755 1126 2808 iu
1155 2754 1243 2816 illo
1269 2752 1462 2828 repleti,
1509 2754 1594 2822 qui
1623 2762 1692 2806 est
1714 2762 1865 2822 caput
1893 2750 2056 2808 cuiuis

481 2851 796 2922 principatus
826 2857 872 2906 et
902 2847 1176 2915 potestatis.

550 2943 604 2997 2.
649 2939 780 2994 Vide
802 2938 1074 3009 quomodo
1098 2938 1148 2990 in
1181 2951 1365 2990 eorum
1396 2935 1740 2990 accusatione
1767 2931 1896 2990 illud
1921 2947 2055 2987 con-

483 3032 632 3097 fodit,
670 3031 814 3100 prius
856 3042 1059 3099 ponens
1085 3027 1425 3090 solutionem,
1449 3037 1498 3080 et
1525 3035 1646 3079 tunc
1677 3024 2052 3092 objectionem.

484 3121 699 3177 Minime
729 3121 868 3173 enim
902 3124 1146 3186 suspecta
1178 3125 1259 3170 est
1287 3116 1400 3168 lucc
1434 3115 1647 3176 solutio,
1679 3124 1732 3168 ct
1764 3114 1930 3184 magis
1958 3113 2053 3167 ad-

485 3213 643 3267 mittit
666 3209 896 3271 auditor,
927 3218 1107 3276 utpote
1149 3221 1270 3260 cum
1314 3206 1400 3276 qui
1446 3206 1598 3268 diCll,
1635 3221 1736 3258 non
1768 3205 1834 3257 ad
1867 3203 1917 3257 id
1947 3215 2058 3257 stu-

484 3303 629 3356 dittttt
658 3299 916 3354 conferat.
947 3298 1075 3352 Nam
1105 3297 1212 3352 illic
1233 3297 1445 3367 quidem
1477 3297 1640 3350 etiam
1674 3294 1947 3349 contendit
1991 3309 2056 3348 ne

486 3391 760 3453 vincatur;
793 3389 876 3444 hic
901 3399 1074 3443 autem
1107 3389 1344 3441 minime.
1367 3386 1496 3452 Quia
1515 3387 1564 3439 in
1586 3388 1694 3457 ipso
1717 3386 1924 3439 habitat.
1947 3383 2059 3438 lloc

483 3491 586 3548 est,
613 3481 733 3552 quia
767 3481 902 3534 Deus
925 3480 980 3538 iit
1013 3481 1127 3550 ipso
1156 3479 1380 3533 habitat.
1409 3477 1514 3532 Sed
1539 3492 1607 3532 tie
1635 3477 1912 3532 existimes
1933 3491 2055 3529 eum

484 3589 605 3629 esse
647 3573 958 3628 conclusum
987 3583 1255 3640 tamquam
1306 3569 1355 3624 in
1404 3585 1649 3639 corpore,
1679 3569 1843 3623 dicit:
1878 3569 2055 3628 Onmis

486 3665 745 3733 plenitudo
774 3663 1048 3717 divinitatis
1070 3661 1430 3728 corporaliter;
1452 3669 1498 3712 et
1525 3662 1640 3714 estis
1666 3661 1716 3712 in
1740 3658 1830 3712 illo
1859 3660 2057 3730 repleti.

486 3755 591 3810 Alii
617 3755 762 3808 aiunt
782 3769 903 3806 eum
926 3752 1106 3806 dicere
1137 3750 1426 3804 Ecclesiaut
1445 3749 1512 3803 ab
1527 3750 1643 3818 cjus
1672 3749 1950 3802 divinitate
1976 3765 2062 3802 re-

488 3846 704 3915 plctam,
737 3843 876 3896 sicut
904 3842 1026 3894 alibi
1056 3840 1203 3902 dicit,
1239 3841 1336 3905 Qui
1356 3840 1523 3892 onmia
1552 3839 1723 3909 implet
1752 3838 1802 3891 iu
1831 3838 2059 3892 aniiubus

487 3937 706 4008 (Ephes.
736 3935 787 3988 1.
818 3933 943 4002 25);
967 3931 1318 4001 corporaliter
1346 3939 1544 3992 autem,
1573 3941 1838 4000 tamquam
1863 3945 2059 3998 corpus

490 4029 542 4082 in
563 4027 754 4096 capite.
789 4021 1068 4091 Quomodo
1097 4035 1222 4090 ergo
1247 4035 1350 4074 non
1379 4019 1670 4088 subiunxit,
1694 4020 1822 4093 QIILH
1853 4030 1934 4074 est
1957 4019 2062 4074 Ec-

487 4115 683 4172 clesia?
709 4113 934 4182 Quidam
964 4112 1112 4164 aiunt
1140 4126 1260 4164 cuin
1291 4111 1357 4164 de
1377 4108 1748 4175 Patrediccrc,
1773 4109 2060 4166 divinitatis

491 4206 872 4278 plenitudinem
895 4205 945 4257 in
965 4203 1080 4272 ipso
1105 4203 1368 4267 habitare;
1393 4200 1484 4254 sed
1508 4215 1804 4270 perperam.
1829 4201 2060 4260 Primum

489 4299 723 4372 quidem,
757 4296 878 4367 quia
913 4295 1154 4348 habitare
1185 4309 1288 4347 non
1323 4293 1537 4362 proprie
1566 4293 1760 4347 dicitur
1797 4292 1866 4348 de
1913 4295 2058 4352 Deo:

490 4390 726 4448 secundo
752 4389 872 4460 quia
905 4386 1175 4458 plenitudo
1203 4402 1305 4439 nou
1336 4394 1416 4440 est
1442 4401 1560 4455 qua:
1598 4386 1914 4455 suscipitur;
1940 4401 2060 4440 nam

494 4481 698 4535 Domini
725 4490 794 4535 est
827 4490 981 4544 terra,
1024 4487 1070 4531 et
1112 4478 1370 4539 plenitudo
1408 4477 1517 4546 ejus
1547 4475 1714 4548 (Psal.
1757 4477 1849 4533 25.
1885 4479 1974 4546 l);
2007 4486 2062 4531 et

493 4585 678 4626 rursus
712 4569 1016 4638 Apostolus,
1050 4567 1219 4621 Donec
1249 4567 1508 4636 plenitudo
1550 4569 1774 4637 gentium
1813 4571 2064 4624 aduenerit

491 4661 664 4732 (Rom.
699 4663 786 4716 11.
817 4661 933 4731 25).
965 4660 1154 4714 Totum
1184 4659 1382 4713 dicitur
1403 4658 1694 4728 plenitudo.
1719 4659 1917 4713 Deinde
1935 4659 2062 4729 quid

491 4753 592 4808 sibi
620 4753 734 4807 vult
762 4752 912 4816 illud,
942 4752 1320 4822 Corpora/iter?
1346 4752 1494 4804 Sicut
1521 4752 1570 4803 in
1602 4751 1796 4820 capite.
1834 4751 1942 4805 Cur
1967 4769 2064 4806 au-

495 4855 599 4898 tetn
628 4858 812 4896 rursus
842 4843 978 4896 idem
1030 4841 1178 4906 dicit,
1212 4840 1276 4893 Et
1315 4840 1430 4893 estis
1467 4841 1518 4892 in
1547 4840 1634 4893 illo
1664 4840 1882 4907 repleti?
1925 4841 2061 4909 Quid

490 4950 622 5004 ergo
651 4932 778 4987 illud
821 4932 936 4986 est?
965 4932 1094 4999 Quia
1126 4931 1252 4985 nihil
1285 4932 1458 4984 minus
1493 4931 1696 4985 habetis
1735 4947 1891 5003 quam
1936 4935 2060 4988 ille:

492 5025 628 5079 sicut
665 5024 716 5077 iu
750 5023 840 5075 illo
889 5021 1168 5084 habitavit,
1218 5021 1287 5074 ita
1337 5021 1496 5074 etiam
1543 5020 1593 5073 in
1636 5021 1805 5075 vobis.
1838 5021 2063 5092 Semper

492 5116 634 5168 enim
664 5109 940 5166 contendit
970 5109 1164 5163 Paulus
1197 5119 1252 5161 ut
1297 5123 1391 5162 nos
1422 5109 1649 5162 adducat
1692 5125 1860 5180 pr0pc
1901 5112 2060 5166 Chri-

493 5215 668 5258 stum:
699 5213 754 5255 ut
779 5202 993 5272 quando
1029 5199 1176 5263 dicit,
1223 5198 1660 5265 Couresuscitattit,
1707 5211 1754 5254 ct
1793 5204 2063 5258 consedere

494 5295 610 5364 fecit
639 5294 846 5367 (Ephes.
871 5294 926 5348 2.
952 5295 1039 5362 li);
1070 5301 1144 5357 et,
1191 5291 1251 5346 Si
1279 5293 1686 5357 sustinuerimus,
1715 5302 1762 5345 et
1787 5309 2064 5364 conregna-

494 5387 656 5439 bimus
695 5383 769 5455 (2.
821 5383 952 5438 Tim.
996 5384 1052 5437 2.
1085 5381 1202 5451 l2);
1233 5393 1306 5446 et,
1343 5381 1606 5450 Quomodo
1651 5399 1751 5436 uou
1779 5384 1927 5436 etiam
1952 5401 2066 5437 cum

490 5477 604 5544 ipso
633 5475 800 5527 omnia
830 5474 971 5526 nobis
999 5474 1202 5526 donabit
1229 5471 1402 5542 (Rom.
1427 5473 1480 5527 8.
1526 5471 1615 5543 '52)
1637 5479 1665 5538 ;'
1683 5486 1876 5527 vocans
1899 5474 2059 5528 etiam

495 5565 808 5626 coheredes.
838 5563 1036 5618 Deinde
1055 5563 1124 5619 de
1146 5564 1433 5634 dignitate:
1460 5561 1527 5617 Et
1547 5565 1653 5633 ipse
1680 5575 1750 5620 est
1778 5574 1930 5635 caput
1954 5581 2061 5618 om-

497 5657 576 5706 nis
595 5658 906 5725 principatus
923 5665 974 5709 et
992 5658 1246 5726 potestatis
1268 5655 1316 5728 (l
1324 5657 1406 5709 bid
1414 5696 1424 5709 .
1461 5672 1507 5710 υ.
1539 5658 1648 5729 17).
1670 5657 1769 5723 Qui
1789 5669 1871 5711 est
1897 5673 2054 5725 siqu:—

1213 276 1268 332 S.
1304 274 1577 335 JOANNIS
1601 269 2072 334 CIIRYSOS‘I‘OMl
2110 269 2422 326 ARCIIIEP.
2465 269 2993 329 CONSTANTINOP.

3635 283 3740 342 3i0

2160 384 2270 440 rior
2289 384 2554 450 omnibus,
2575 395 2628 438 et
2643 400 2801 440 causa
2821 388 2997 440 omnis
3020 389 3346 458 principatus
3366 402 3420 445 et
3439 399 3735 468 potestatis,

2157 489 2335 528 annon
2392 484 2475 526 est
2515 474 3040 530 consubstantia-lis?
3096 477 3300 533 Deinde
3352 481 3739 542 admirsb'd-ter

2158 563 2428 630 subjunin
2459 563 2800 627 beneﬁcium,
2833 574 2888 618 ct
2914 567 3082 620 multo
3106 567 3472 626 admirabilius
3501 588 3659 644 quam
3687 580 3738 632 iu

2161 652 2393 720 Epistula
2423 655 2486 709 ad
2517 656 2807 710 Ilotnauos.
2840 656 2972 712 Nam
3023 659 3136 714 illic
3185 661 3398 730 quidem
3447 665 3594 730 dicit,
3627 669 3738 720 (ξῦν.

2159 749 2398 801 cumcisio
2427 749 2592 801 cordis
2639 749 2693 802 iu
2739 749 2945 818 spiritu,
2993 767 3094 804 non
3139 752 3282 805 litera
3314 752 3486 824 (Rom.
3519 755 3574 811 2.
3601 757 3698 816 29;
3725 777 3740 822 ;

2160 837 2246 892 hic
2271 847 2468 899 autem,
2511 838 2578 892 In
2622 839 2840 894 Christo.
2890 843 2978 896 11.
3020 840 3087 896 In
3117 859 3214 912 quo
3239 855 3287 896 et
3313 847 3594 901 circumcisi
3621 856 3744 904 estis

2159 929 2534 983 circumcisione
2557 947 2656 984 non
2684 948 2835 984 mauu
2861 932 3017 1000 facta,
3051 934 3102 987 iu
3128 934 3489 1002 exspoliatioue
3511 943 3745 1010 corporis

2161 1029 2478 1084 peccatorum
2501 1022 2690 1086 carnis,
2719 1023 2808 1075 sed
2845 1024 2898 1076 in
2940 1024 3318 1079 circumcisione
3353 1027 3559 1083 Christi.
3607 1032 3744 1087 \‘ide

2158 1111 2426 1178 quomodo
2449 1111 2690 1180 proxime
2710 1111 2776 1165 ad
2803 1127 2917 1166 rom
2942 1114 3168 1168 accedit.
3204 1115 3358 1179 Dicit,
3385 1115 3450 1170 In
3475 1121 3740 1188 aspolia-

2161 1202 2327 1264 tione:
2362 1216 2464 1255 non
2492 1201 2642 1265 dixit,
2671 1203 2726 1258 In
2757 1203 3097 1272 spoliatione.
3126 1203 3365 1276 Corporis
3392 1219 3739 1278 peccatorum:

2161 1302 2395 1348 veterem
2418 1291 2548 1346 dicit
2573 1292 2758 1346 vitam.
2794 1293 2990 1348 Eadem
3033 1294 3248 1351 assidue
3275 1305 3330 1351 ct
3357 1301 3503 1354 varie
3529 1311 3733 1367 versat,

2159 1381 2294 1436 sicut
2319 1383 2561 1452 superius
2585 1381 2792 1438 dicebat
2814 1402 2828 1438 :
2855 1383 2954 1450 Qui
2979 1385 3162 1453 eripuit
3192 1403 3283 1441 uos
3310 1405 3342 1440 a
3380 1397 3619 1458 potestate
3645 1401 3727 1445 te-

2159 1473 2448 1536 nebrarum,
2473 1485 2520 1528 et
2544 1475 2855 1530 abalienatos
2884 1477 3222 1530 reconciliauit
3250 1486 3302 1532 ut
3331 1494 3548 1537 essemus
3571 1485 3740 1538 sancti

2158 1574 2204 1617 et
2230 1564 2471 1633 iuculpati
2501 1564 2637 1632 (Col.
2670 1567 2722 1621 1.
2754 1567 2865 1634 15).
2896 1565 3010 1621 Non
3040 1568 3288 1638 amplius,
3321 1570 3508 1641 inquit,
3540 1575 3592 1628 in
3615 1574 3739 1643 gla-

2157 1655 2248 1712 dio
2273 1666 2353 1708 cst
2376 1656 2730 1721 circumcisio,
2779 1656 2873 1712 sed
2919 1658 2971 1712 in
3016 1658 3131 1728 ipso
3163 1659 3421 1716 Christo:
3454 1677 3560 1717 non
3589 1666 3734 1718 cnim

2159 1762 2346 1802 manus
2373 1747 2553 1813 inlcrt,
2595 1748 2734 1802 sicut
2762 1747 2889 1814 illic,
2939 1748 3080 1805 hanc
3123 1751 3605 1818 circumcisionem,
3639 1757 3734 1810 sed

2157 1838 2407 1907 spiritus:
2441 1852 2543 1892 non
2573 1847 2801 1907 partem,
2829 1838 2923 1892 sed
2953 1847 3122 1894 totum
3153 1839 3422 1897 hominem
3447 1843 3737 1898 circumei-

2157 1929 2256 1984 dit.
2286 1927 2488 2000 Corpus
2518 1937 2599 1984 cst
2626 1939 2680 1982 et
2711 1927 2834 1996 hoc,
2870 1942 2925 1984 et
2952 1944 3150 1999 corpus
3175 1941 3259 1986 est
3288 1931 3445 1998 illud;
3479 1935 3572 1990 sed
3606 1935 3734 1990 illud

2157 2019 2371 2090 quidem
2398 2033 2581 2082 carne,
2621 2018 2724 2074 hoc
2751 2035 2880 2075 vero
2923 2021 3277 2090 spiritusliter
3312 2023 3731 2096 circumciditur,

2157 2108 2250 2164 sed
2281 2125 2386 2164 non
2416 2109 2554 2164 sicut
2578 2109 2746 2164 Judaei
2774 2127 2788 2166 :
2812 2125 2916 2166 non
2949 2111 3089 2166 enim
3121 2127 3360 2180 carnem,
3387 2113 3480 2169 sed
3511 2128 3731 2185 peccata

2157 2199 2402 2255 exuistis.
2425 2199 2650 2266 Quando
2668 2207 2725 2255 et
2743 2201 3046 2271 quomodo?
3064 2201 3119 2256 In
3145 2201 3481 2271 baptismate.
3509 2203 3578 2260 Et
3593 2207 3732 2275 quod

2158 2301 2314 2346 vocat
2341 2291 2827 2355 circumcisionem,
2857 2301 3011 2346 vocat
3051 2292 3212 2347 etiam
3254 2293 3579 2361 sepulcrum.
3603 2295 3734 2351 Vide

2160 2382 2427 2453 quomodo
2453 2398 2639 2442 rursus
2671 2384 2863 2438 transit
2903 2384 2970 2438 ad
3007 2384 3434 2453 justiticationes.
3488 2385 3734 2442 Percnta-

2158 2493 2292 2543 rum,
2317 2477 2508 2546 inquit,
2531 2477 2722 2540 carnis,
2744 2491 2864 2548 qua:
2892 2475 3134 2539 iecerunt
3162 2478 3214 2532 in
3241 2492 3426 2534 carne.
3457 2479 3599 2534 Dicit
3621 2497 3735 2535 nia-

2155 2568 2245 2640 jus
2271 2567 2711 2624 circumcisione:
2745 2582 2852 2622 non
2893 2567 3035 2624 enim
3074 2567 3324 2637 jeceruut
3369 2568 3420 2624 id
3466 2570 3608 2640 quod
3651 2581 3736 2625 est

2159 2661 2574 2723 circumcisum,
2632 2659 2726 2714 scd
2779 2660 3165 2730 perdiderunt,
3216 2661 3310 2716 scd
3359 2676 3731 2732 corruperunt.

2161 2751 2248 2808 12.
2307 2750 2598 2818 Cousepulti
2645 2751 2712 2815 ci,
2760 2752 2950 2820 inquit,
3000 2751 3053 2805 in
3097 2752 3380 2822 baptismo,
3431 2753 3486 2806 in
3539 2771 3638 2823 quo
3689 2766 3736 2808 ct

2165 2841 2546 2901 rousurrexistis
2594 2858 2686 2910 per
2735 2841 2887 2905 ﬁdem
2930 2843 3236 2912 Operatiouis
3273 2842 3386 2908 Dei,
3412 2845 3497 2914 qui
3521 2846 3737 2900 suscita-

2160 2934 2227 2988 vit
2267 2934 2463 2987 illuma
2490 2934 2718 2986 mortuis.
2765 2933 2868 2988 Sed
2897 2951 3001 2988 non
3046 2943 3129 2990 est
3171 2936 3344 2990 Solum
3383 2937 3733 3006 sepulcrum:

2161 3025 2280 3080 vide
2309 3025 2449 3079 enim
2477 3024 2602 3093 quid
2644 3025 2808 3091 dicat,
2840 3023 2906 3077 lu
2933 3040 3034 3089 quo
3061 3035 3106 3079 et
3132 3028 3516 3081 consurrexistis
3547 3045 3638 3095 per
3667 3032 3734 3091 ti-

2161 3117 2272 3170 dem
2299 3117 2600 3186 operationis
2630 3115 2742 3180 Dei,
2773 3117 2858 3186 qui
2875 3117 3132 3171 suscitavit
3163 3118 3304 3172 illum
3326 3135 3358 3172 a
3377 3121 3605 3174 mortuis.
3626 3120 3735 3174 Re-

2161 3220 2246 3264 cte
2265 3209 2430 3274 dixit;
2461 3218 2627 3262 totum
2651 3210 2792 3262 cnim
2814 3219 2900 3262 est
2926 3208 3067 3262 ﬁdei.
3092 3209 3405 3264 Credidistis
3427 3213 3567 3279 quod
3596 3213 3737 3268 Deus

2165 3308 2336 3367 potest
2365 3299 2658 3364 suscitare;
2689 3309 2736 3351 et
2767 3299 2836 3352 ita
2864 3300 3104 3353 suscitati
3124 3301 3273 3353 estis.
3299 3301 3500 3356 Deinde
3525 3305 3734 3373 etquod

2162 3400 2243 3453 est
2269 3389 2373 3452 (ide
2399 3388 2615 3458 dignum
2641 3403 2656 3446 :
2687 3387 2786 3455 Qui
2811 3389 3089 3448 suscitavit.
3139 3390 3326 3459 inquit,
3375 3392 3518 3445 illuni
3537 3412 3569 3446 α
3596 3411 3760 3446 νηοῖς.

2163 3485 2280 3542 tuis.
2304 3479 2418 3534 iam
2465 3479 2695 3532 ostendit
2739 3481 3182 3538 resilirectiouem
3217 3499 3232 3535 :
3271 3483 3352 3536 13.
3391 3481 3454 3536 Et
3502 3499 3584 3538 vos
3619 3501 3734 3538 cum

2163 3573 2348 3625 mortui
2380 3570 2552 3625 essetis
2579 3571 2630 3624 in
2656 3570 2851 3634 delictis
2876 3581 2922 3624 et
2946 3572 3195 3642 prtcputio
3217 3574 3386 3632 carnis
3409 3585 3604 3640 restria,
3622 3592 3736 3630 cou-

2163 3661 2427 3730 vivi/icauit
2457 3677 2568 3714 cum
2595 3660 2702 3714 illo.
2731 3659 2906 3724 Eratis
2945 3663 3086 3715 enim
3119 3664 3274 3717 tlturti
3303 3663 3536 3718 obnoxii.
3583 3666 3734 3732 Quod

2163 3752 2208 3808 si
2237 3753 2395 3807 etiam
2427 3752 2619 3806 mortui
2671 3753 2886 3816 essetis,
2918 3767 3023 3806 non
3053 3753 3268 3820 frustra,
3299 3753 3392 3809 sed
3420 3754 3530 3808 utili
3561 3765 3736 3810 tttOrtc

2165 3843 2354 3902 essetis
2384 3844 2598 3896 mortui.
2648 3841 2780 3897 \‘ide
2807 3842 3074 3912 quomodo
3114 3859 3301 3898 rursus
3329 3845 3560 3899 ostendit
3584 3862 3736 3915 qua:-

2165 3951 2287 3990 nam
2311 3945 2464 3988 erant
2495 3935 2691 3999 meriti,
2723 3951 2817 4004 per
2843 3951 2903 3989 ca
2932 3951 3051 4006 qua:
3073 3935 3378 4004 subjnuxit:
3405 3936 3613 3992 Danaus
3641 3956 3736 3992 no-

2166 4026 2241 4085 bis
2290 4025 2460 4084 omuia
2488 4025 2691 4090 delicta,
2739 4027 2826 4081 14.
2867 4027 3035 4080 deleas
3063 4027 3199 4096 quod
3237 4027 3476 4080 adversus
3515 4044 3605 4081 nos
3630 4038 3738 4081 erat

2165 4118 2554 4190 chirographum
2591 4116 2795 4182 decreti,
2827 4117 2963 4188 quod
2989 4128 3098 4172 erat
3140 4119 3449 4172 contrarium
3488 4117 3661 4182 uobis;
3691 4128 3737 4171 ct

2166 4210 2330 4280 ipsum
2353 4208 2465 4261 tulit
2492 4207 2555 4260 de
2580 4208 2762 4271 medio,
2786 4207 2990 4278 afﬁgeus
3020 4208 3150 4262 illud
3173 4209 3344 4270 cruci;
3370 4208 3456 4263 15.
3480 4217 3528 4263 et
3551 4224 3737 4278 exspo-

2168 4303 2297 4360 liaus
2321 4299 2636 4375 principatus
2657 4309 2702 4363 et
2727 4309 3014 4366 potestates,
3047 4301 3270 4358 traduxit
3309 4301 3614 4366 conﬁdenter
3637 4319 3737 4372 pa-

2168 4393 2291 4455 lam,
2317 4391 2634 4458 triumphaus
2665 4389 2780 4442 illos
2801 4390 2852 4442 in
2877 4391 3162 4458 semetipso.
3207 4388 3419 4447 Douaus
3459 4390 3619 4455 nobis,
3653 4392 3736 4444 in-

2167 4481 2299 4548 quit,
2330 4479 2497 4534 omnia
2542 4478 2744 4530 delicta.
2778 4476 3069 4544 Quzcnatn?
3096 4481 3224 4545 Qua:
3263 4479 3564 4533 cflicicbaut
3589 4496 3734 4533 mor-

2171 4570 2447 4624 talitatem.
2480 4569 2544 4622 Et
2569 4568 2726 4636 quid?
2769 4567 2963 4621 sivitne
2988 4584 3048 4622 ea
3081 4569 3333 4623 manere?
3362 4567 3730 4638 Nequaquam,

2169 4662 2263 4720 sed
2292 4661 2505 4722 delevit,
2537 4676 2641 4714 non
2676 4659 2848 4716 solum
2877 4661 3155 4728 eitpunxit,
3187 4661 3279 4722 sed
3309 4660 3532 4725 delevit,
3584 4661 3652 4715 ita
3683 4670 3734 4714 ut

2171 4771 2274 4810 nou
2303 4762 2644 4822 apparerent.
2675 4752 2729 4806 lu
2762 4753 3014 4814 decretis,
3047 4753 3236 4823 inquit,
3259 4767 3352 4808 seu
3379 4752 3735 4822 dogmatibus.

2170 4846 2226 4907 1n
2279 4842 2628 4914 quibusnam?
2659 4842 2716 4896 ιιι
2768 4842 2888 4896 ﬁde.
2924 4840 3131 4898 Sufﬁcit
3174 4858 3302 4912 ergo
3332 4843 3572 4897 credere.
3620 4841 3733 4896 Non

2168 4934 2419 5003 aperibus
2447 4948 2630 5001 opera,
2662 4931 2756 4985 sed
2787 4946 2948 5001 Opera
2989 4932 3108 4986 lidei
3141 4931 3362 4991 addidit.
3397 4932 3458 4985 lit
3486 4932 3612 5000 quid
3644 4946 3728 5000 po~

2169 5025 2317 5080 stea?
2366 5023 2687 5083 llcmissioni
2737 5037 2921 5076 rursus
2963 5023 3235 5094 subjungit
3278 5023 3621 5080 deletionctu.
3675 5021 3734 5074 Et

2166 5116 2354 5184 ipsum,
2372 5112 2558 5181 inquit,
2582 5113 2693 5164 tulit
2719 5112 2782 5164 de
2808 5113 2992 5166 medio.
3021 5112 3084 5166 Et
3115 5128 3180 5166 ne
3207 5113 3283 5166 sic
3307 5113 3518 5182 quidem
3549 5127 3708 5178 serva
3725 5141 3736 5151 -

2167 5207 2261 5262 vit.
2287 5204 2380 5263 sed
2407 5214 2460 5258 et
2490 5203 2538 5257 id
2566 5205 2815 5274 disrupit,
2842 5205 3059 5274 Aﬁgens
3081 5206 3237 5257 cruci.
3271 5203 3580 5275 Exspoliuus
3605 5207 3734 5278 prin-

2167 5301 2362 5370 cipatus
2378 5307 2424 5350 et
2452 5307 2738 5367 potestates,
2762 5297 2987 5349 traduxit
3013 5296 3320 5363 conﬁdenter
3339 5299 3531 5368 palam.
3558 5301 3734 5360 trium-

2168 5391 2330 5460 phans
2359 5388 2476 5442 illos
2513 5388 2566 5441 in
2605 5387 2892 5458 semetipso.
2924 5387 3195 5457 Nusquam
3243 5389 3491 5458 loquutus
3517 5401 3600 5444 est
3629 5400 3729 5445 tam

2169 5477 2467 5549 tttaguilice.

2239 5569 2291 5623 5.
2336 5567 2495 5628 \‘ides
2523 5576 2773 5638 quantum
2824 5568 3059 5640 posuerit
3087 5569 3319 5624 studium
3363 5578 3422 5624 ut
3465 5569 3730 5628 deleretur

2169 5657 2614 5730 chirographum?
2635 5657 2834 5732 Nempe
2875 5673 3090 5716 eramus
3140 5675 3327 5717 omnes
3355 5660 3571 5718 obnoxii
3592 5675 3724 5728 occ-
