4064 6210
376 258 473 312 ειι

368 386 491 453 catp
519 381 575 429 et
601 383 807 442 ptenaz;
853 368 967 436 ipse
1017 363 1234 436 punitus
1281 362 1446 416 solvit
1487 371 1541 416 et
1586 370 1860 430 peccatum
1905 368 1961 414 et

371 451 619 536 pmnam;
646 461 857 530 punitus
876 465 1055 511 autem
1074 456 1170 510 luit
1197 455 1249 508 in
1276 470 1459 508 cruce.
1491 452 1601 506 Illic
1627 466 1756 519 ergo
1782 451 1954 519 ipsum

365 557 540 613 aftixit
565 574 578 610 :
603 552 797 609 deinde
827 560 883 605 ut
906 550 995 620 qui
1024 548 1245 603 haberet
1269 553 1606 614 potestatem,
1641 543 1813 612 ipsum
1847 540 1958 594 dis-

378 649 546 716 rupit.
574 644 853 713 Quodnam
901 638 1353 710 chirographum?
1398 638 1502 690 Aut
1542 634 1595 688 id
1634 633 1784 697 dicit,
1810 631 1954 702 quod

363 742 619 796 dicebant
645 735 836 808 Moysi,
877 734 1222 802 Quatcumque
1263 729 1392 782 dixit
1436 726 1574 780 Deus
1622 728 1865 797 faciemus
1906 732 1954 776 et

367 832 640 888 audiemus
670 827 864 900 (Exod.
897 825 983 879 24.
1018 824 1073 892 5)
1103 840 1115 873 :
1144 832 1237 875 aut
1280 821 1324 873 si
1376 834 1483 872 non
1514 819 1635 881 hoc,
1669 816 1809 886 quod
1843 816 1952 868 Deo

366 925 663 980 debeamus
689 918 1046 975 obedientiam
1074 934 1086 968 :
1118 924 1209 968 aut
1235 914 1277 967 si
1308 930 1412 966 non
1442 911 1564 975 hoc,
1601 910 1651 964 id
1681 909 1821 979 quod
1874 918 1949 963 te-

366 1019 526 1074 nebat
542 1015 807 1077 diabolus,
827 1008 1237 1080 chirographum
1255 1005 1395 1077 quod
1422 1005 1560 1059 Deus
1579 1003 1703 1056 fecit
1721 1001 1947 1065 Adamo,

361 1112 570 1172 dicens,
604 1107 716 1173 Quo
764 1104 847 1157 die
882 1120 910 1156 e
935 1104 1073 1173 ligno
1103 1098 1400 1163 comederis,
1456 1095 1684 1149 morieris
1715 1092 1863 1163 (Gen.
1891 1091 1945 1145 2.

368 1204 475 1272 Π).
507 1201 619 1255 Ηοο
647 1212 774 1268 ergo
803 1194 1224 1264 chirographum
1274 1190 1487 1245 tenebat
1527 1188 1788 1243 diabolus.
1841 1184 1949 1239 Nec

370 1295 419 1347 id
449 1293 603 1347 nobis
629 1290 777 1345 dedit
799 1286 1066 1349 Christus,
1098 1284 1192 1339 sed
1219 1284 1335 1353 ipse
1367 1282 1416 1336 id
1446 1280 1638 1335 scidit:
1662 1277 1803 1348 quod
1830 1275 1948 1345 qui-

360 1389 481 1444 dem
509 1397 592 1442 est
617 1385 735 1455 ejus
761 1386 849 1453 qui
872 1383 1027 1436 la‘tns
1049 1378 1288 1433 remittit.
1309 1376 1617 1446 Exspatiaus
1634 1371 1946 1441 principatus

356 1493 404 1537 et
436 1491 724 1552 potestates.
762 1476 1058 1532 Diabolicas
1081 1473 1211 1528 dicit
1235 1479 1560 1543 potestates:
1594 1469 1674 1523 vel
1703 1467 1826 1537 quia
1853 1481 1944 1521 eas

358 1577 603 1630 induerat
633 1573 863 1625 lmmana
894 1576 1105 1630 natura,
1156 1575 1248 1619 aut
1291 1564 1543 1634 quoniam
1589 1575 1680 1615 eas
1713 1559 1945 1614 habebat

355 1676 624 1736 tamquam
657 1677 865 1724 ansam,
912 1659 1074 1712 homo
1119 1656 1290 1710 factus
1329 1653 1527 1708 amovit
1571 1666 1776 1705 ansam.
1831 1648 1943 1703 Hoc

351 1761 454 1816 sibi
489 1758 602 1813 vult
631 1754 777 1819 illud,
802 1752 1077 1807 Traduxit.
1106 1750 1272 1804 Recte
1294 1748 1445 1812 dixit,
1477 1744 1729 1799 Traduxit
1750 1759 1767 1796 :
1788 1758 1943 1796 num-

349 1868 518 1922 quam
547 1849 689 1904 enim
719 1858 822 1902 tam
852 1845 1079 1914 turpiter
1104 1852 1157 1898 et
1182 1841 1434 1897 indecore
1475 1854 1533 1894 se
1562 1839 1729 1909 gessit
1754 1835 1939 1891 diabo-

353 1947 465 1999 lus.
497 1940 631 1996 Nam
655 1955 770 1995 cum
799 1954 915 1993 eum
944 1952 1002 1990 se
1032 1934 1336 1989 habiturum
1381 1938 1733 2000 exspectaret,
1777 1928 1938 1983 etiam

353 2042 621 2106 quotquot
645 2032 818 2086 habuit
842 2030 1070 2101 perdidit
1094 2047 1107 2082 :
1138 2037 1192 2083 et
1212 2040 1437 2095 corpore
1455 2022 1615 2080 afﬁxo
1639 2021 1831 2076 mortui
1858 2036 1935 2074 rc-

352 2129 660 2198 snrgebant.
680 2126 787 2180 Illic
806 2126 994 2178 vulnus
1012 2122 1220 2191 accepit
1240 2118 1503 2183 diabolus,
1522 2132 1641 2171 cum
1665 2115 1717 2170 id
1739 2117 1800 2169 let
1814 2113 1932 2167 hale

346 2219 647 2288 accepisset
676 2232 705 2270 a
736 2230 961 2285 corpore
994 2222 1224 2267 mortuo.
1249 2211 1317 2265 Et
1345 2210 1483 2265 sicut
1509 2208 1705 2263 athleta
1750 2207 1935 2261 existi-

346 2323 508 2364 mans
535 2323 593 2363 se
614 2308 941 2378 percussisse
968 2305 1353 2368 adversarium,
1387 2300 1547 2357 letale
1575 2299 1767 2353 vulnus
1794 2296 1934 2352 acci-

344 2402 462 2471 pit:
497 2402 563 2455 ita
588 2400 746 2455 etiam
777 2398 865 2453 hic
889 2397 1121 2452 ostendit
1140 2396 1283 2466 quod
1311 2409 1498 2449 secure
1520 2402 1573 2447 et
1597 2391 1934 2447 confidenter

344 2493 508 2557 mori,
535 2501 616 2546 est
633 2491 889 2561 probrum
909 2498 962 2543 et
980 2487 1214 2542 dedecus
1235 2485 1454 2541 diaboli.
1475 2484 1569 2539 Ille
1591 2485 1732 2538 enim
1751 2484 1929 2537 omnia

343 2585 587 2649 fecisset,
619 2583 664 2637 si
694 2583 977 2654 potuisset,
1010 2591 1066 2635 ut
1095 2579 1442 2650 p‘rsuaderet
1475 2577 1778 2631 hominibus
1808 2592 1930 2631 cum

336 2693 455 2732 non
482 2691 601 2731 esse
629 2688 919 2729 mortuum.
948 2672 1080 2728 Nam
1113 2673 1364 2743 quoniam
1387 2680 1554 2725 totum
1579 2669 1717 2739 quod
1748 2680 1929 2738 pos:ca

336 2768 581 2824 futurum
605 2774 721 2822 erat
749 2776 977 2835 tempus,
1008 2775 1123 2820 erat
1152 2765 1361 2835 signum
1390 2773 1443 2819 et
1472 2764 1721 2818 indicium
1746 2777 1930 2817 resur-

333 2863 629 2925 rectionis;
664 2861 850 2913 mortis
874 2866 1081 2924 autem,
1108 2858 1151 2912 si
1184 2874 1289 2911 non
1323 2856 1455 2911 illud
1484 2856 1689 2919 fuisset,
1718 2871 1820 2908 non
1848 2853 1928 2907 fu-

332 2964 520 3007 turum
548 2961 663 3007 erat
687 2950 831 3006 aliud
863 2959 1107 3019 tempus:
1139 2959 1424 3018 prOpterca
1457 2947 1927 3016 mortuusquidcm

333 3054 426 3100 est
455 3043 684 3112 publice,
709 3042 963 3097 omnibus
988 3041 1325 3102 videntibus;
1358 3054 1461 3093 non
1491 3037 1781 3093 resurrexit
1829 3054 1926 3090 au-

331 3147 450 3190 tem
483 3136 715 3204 publice,
748 3144 805 3188 ut
833 3135 921 3203 qui
953 3134 1117 3188 sciret
1160 3142 1371 3202 tempus
1412 3129 1551 3200 quod
1601 3139 1781 3200 postea
1813 3138 1927 3183 erat

333 3228 599 3292 futurum,
641 3227 854 3281 veritati
894 3227 1125 3281 laturum
1173 3224 1557 3279 testimonium.
1605 3222 1737 3276 Nam
1783 3222 1924 3290 quod

330 3319 540 3374 mundo
578 3320 794 3373 vidente
840 3333 997 3386 supra
1032 3319 1082 3371 in
1135 3318 1278 3386 ligno
1320 3319 1527 3373 occisus
1568 3318 1636 3371 sit
1677 3331 1921 3386 serpens,

329 3414 444 3467 hoc
472 3421 552 3466 cst
580 3410 914 3464 admirabile.
940 3408 1082 3477 Quid
1122 3410 1262 3462 enim
1291 3425 1399 3463 non
1429 3408 1556 3463 fecit
1592 3408 1837 3464 diabolus
1869 3417 1925 3462 ut

324 3504 476 3558 clam
530 3500 861 3556 moreretur?
918 3499 1053 3552 Audi
1105 3499 1328 3553 Pilatum
1373 3498 1636 3552 d'centcm
1676 3516 1689 3554 :
1736 3497 1925 3552 Tollite

321 3596 506 3663 ipsum
529 3610 630 3656 vos,
659 3604 705 3646 et
731 3591 1047 3662 cruci/igite:
1073 3606 1162 3660 ego
1190 3592 1321 3643 enim
1345 3590 1539 3642 nullam
1568 3588 1765 3642 invenio
1788 3589 1841 3642 in
1867 3605 1924 3642 eo

319 3701 543 3737 causam
574 3682 751 3754 (Joau.
786 3682 875 3737 i9.
903 3682 980 3752 t5).
1006 3681 1076 3735 Et
1107 3695 1292 3736 rursus
1323 3681 1423 3749 ipsi
1453 3680 1702 3735 dicebant
1727 3679 1916 3735 Judmi:

321 3775 397 3828 Si
432 3773 594 3827 Filius
621 3773 717 3827 Dei
747 3790 818 3838 es,
864 3774 1110 3828 descende
1139 3775 1201 3827 de
1230 3790 1379 3827 cruce
1406 3772 1617 3844 (.llattlt.
1663 3773 1754 3826 9.7.
1800 3772 1916 3845 40).

318 3867 452 3921 Jam
483 3880 609 3920 vero
632 3866 880 3934 quoniam
923 3866 1082 3920 letale
1111 3866 1300 3920 vulnus
1343 3866 1570 3935 accepit,
1603 3875 1657 3919 et
1688 3883 1791 3920 non
1822 3867 1918 3921 de-

316 3957 572 4021 scendit;
619 3969 898 4027 pt-Opterea
940 3958 1098 4012 etiam
1143 3958 1427 4012 mandatus
1469 3971 1549 4011 est
1579 3959 1915 4028 sepultune:

316 4049 585 4118 quoniam
617 4049 730 4103 licri
754 4057 963 4118 poterat
993 4058 1049 4104 ut
1070 4051 1249 4104 statim
1282 4058 1614 4119 resurgeret;
1644 4051 1737 4106 sed
1759 4062 1918 4106 utres

284 4138 663 4195 .crederetur.
697 4143 853 4211 Atqui
901 4141 953 4195 in
985 4152 1159 4196 morte
1190 4143 1404 4211 quidem
1432 4143 1761 4213 privatorum
1793 4144 1919 4199 licet

315 4248 450 4287 eam
477 4231 739 4300 imputare
761 4234 921 4286 animi
951 4233 1214 4304 deliquio;
1242 4233 1518 4289 bicautcm
1545 4251 1647 4288 non
1675 4237 1762 4288 ita.
1782 4235 1915 4290 Nam

317 4322 493 4377 etiam
540 4322 733 4378 milites
783 4340 889 4378 non
944 4324 1219 4395 fregerunt
1262 4324 1376 4395 ejus
1405 4342 1581 4391 crura,
1611 4329 1748 4381 sicut
1776 4328 1914 4382 alio-

314 4432 472 4477 rum,
506 4427 561 4469 ut
587 4415 926 4472 manifestum
977 4427 1119 4473 esset
1164 4434 1286 4473 eum
1335 4435 1454 4474 esse
1504 4434 1791 4474 mormum.
1847 4421 1917 4475 Et

316 4507 600 4563 manifesti
648 4518 774 4563 sunt
818 4511 979 4565 etiam
1011 4512 1101 4580 qui
1135 4511 1249 4578 ejus
1299 4527 1494 4582 corpus
1539 4515 1910 4582 sepelierunt:

317 4611 614 4670 propterea
633 4602 731 4670 ipsi
755 4602 923 4656 Judtci
947 4619 1067 4657 cum
1089 4604 1343 4658 militibus
1361 4606 1642 4676 obsignant
1661 4606 1910 4676 lapidem.

318 4693 441 4746 Iloc
475 4692 617 4746 enim
645 4704 779 4757 erat,
826 4696 877 4748 in
921 4710 1028 4764 quo
1062 4699 1294 4750 maxime
1327 4700 1566 4751 omnium
1617 4697 1915 4766 ponebatur

315 4784 583 4848 studium,
613 4803 678 4840 ne
708 4786 759 4840 id
789 4786 1202 4843 adumbraretur
1237 4803 1300 4842 ac
1331 4799 1618 4859 tegeretur.
1650 4791 1718 4844 Et
1748 4798 1914 4846 testes

316 4879 392 4931 ab
422 4877 673 4943 inimicis,
723 4895 751 4931 a
795 4880 1016 4935 Judaeis.
1064 4881 1200 4935 Audi
1245 4881 1389 4951 ipsos
1419 4884 1659 4938 dicentes
1700 4884 1911 4939 Pilato:

319 4968 470 5021 Dixit
496 4970 728 5023 seductor
770 4971 856 5024 ille
894 4972 1059 5025 adhuc
1086 4973 1271 5038 vivens,
1313 4972 1439 5028 Post
1479 4986 1575 5028 tres
1606 4975 1713 5028 dies
1740 4993 1913 5029 resur-

313 5076 462 5130 gam.
482 5058 614 5114 Jube
636 5078 756 5133 ergo
784 5080 815 5115 α
839 5064 1077 5116 militibus
1107 5066 1352 5119 custodiri
1379 5067 1666 5136 sepulcrum
1693 5066 1906 5139 (Matth.

309 5150 417 5205 27.
466 5153 551 5205 65.
594 5154 708 5218 64)
744 5173 758 5207 :
793 5154 932 5222 quod
967 5155 1062 5224 ipsi
1096 5155 1355 5211 fecerunt.
1400 5157 1532 5210 Audi
1584 5159 1729 5227 ipsos
1777 5176 1910 5228 quo-

310 5260 431 5316 que
472 5257 647 5313 postea
696 5247 936 5303 dicentes
982 5250 1279 5318 aposmlis.
1329 5249 1490 5303 Vultis
1537 5252 1776 5306 inducere
1820 5270 1910 5306 su-

310 5354 416 5408 per
459 5354 549 5391 nos
590 5340 887 5411 sanguinem
935 5341 1030 5394 viri
1081 5343 1234 5408 huius
1288 5340 1424 5414 (Act.
1474 5343 1528 5397 5.
1578 5343 1696 5413 28).
1741 5342 1912 5413 Ipsius

310 5431 497 5485 crucis
522 5430 737 5485 modum
769 5448 875 5487 non
905 5434 1032 5487 sivit
1068 5434 1387 5489 contumelia
1427 5434 1589 5489 allici.
1620 5435 1752 5490 Nam
1776 5452 1910 5506 quo-

311 5524 461 5575 niam
488 5524 660 5592 angeli
689 5526 819 5578 nihil
847 5525 951 5580 tale
978 5536 1100 5579 sunt
1131 5527 1292 5595 passi,
1324 5539 1604 5598 propterea
1636 5527 1761 5581 facit
1787 5543 1908 5581 om—

309 5615 403 5670 nia
430 5631 445 5679 ;
467 5615 758 5671 ostendens
780 5618 921 5686 quod
946 5633 1056 5671 rem
1081 5632 1324 5687 magnam
1350 5627 1404 5673 et
1424 5619 1733 5688 praeclaram
1763 5632 1911 5673 mors

308 5709 539 5778 gesserit
568 5726 583 5763 :
615 5724 674 5763 ca
704 5709 847 5764 cnim
879 5709 977 5764 luit
1007 5719 1275 5782 tamquam
1313 5712 1580 5784 singulare
1611 5721 1905 5768 certamen.

633 5803 903 5861 PATliOL.
954 5801 1071 5861 (in.
1126 5803 1316 5863 LX”.

1230 247 1296 302 IN
1338 245 1554 302 EPIST.
1582 247 1684 300 ‘AD
1721 242 2001 300 COLOSS.
2043 244 2192 301 CAP.
2239 248 2298 303 li.
2344 249 2573 319 lIDMIL.
2622 254 2706 310 Vl.

3547 267 3650 322 5ιὲ

2066 358 2334 416 Percussit
2380 363 2653 421 Christum
2693 382 2871 437 mors;
2920 371 3013 425 sed
3067 372 3311 430 Christus
3363 390 3649 443 percussus

2064 466 2180 505 eam
2216 465 2393 522 postea
2426 458 2640 511 sustulit
2667 475 2680 511 :
2717 470 2928 515 mortuo
2957 477 3185 533 corpore
3214 469 3422 522 solutus
3441 480 3522 523 est
3557 472 3648 541 qui

2064 543 2346 601 videbatur
2374 563 2493 603 esse
2524 549 2840 607 immortalis
2869 572 2884 608 :
2912 564 2966 609 et
2994 555 3097 611 hoc
3127 558 3256 612 vidit
3281 560 3425 614 orbis
3466 570 3644 615 terras.

2066 635 2131 689 Et
2161 639 2302 708 quod
2347 651 2429 695 est
2471 643 2808 710 admirabile,
2851 645 2954 701 hoc
2993 649 3147 703 alteri
3188 665 3293 705 non
3335 652 3645 716 commisit;

2061 730 2154 784 sed
2191 731 2382 787 factum
2410 744 2492 790 est
2522 752 2707 791 rursus
2745 738 2888 793 aliud
2934 741 3368 813 chirographum,
3408 761 3512 801 non
3542 748 3646 803 tale

2060 823 2215 891 quale
2241 827 2405 891 prius.

2132 915 2181 968 4.
2226 915 2410 973 Videte
2461 934 2590 989 ergo
2634 937 2700 977 ne
2739 937 2804 976 ex
2844 939 2908 979 eo
2943 939 3229 995 arguamur
3265 936 3319 983 et
3356 930 3641 987 Convinca'

2058 1019 2211 1071 mur,
2242 1019 2521 1077 p0~tquam
2549 1012 2879 1069 dixerimus:
2916 1017 3376 1074 Abrenunliamus
3419 1031 3639 1087 satamc,

2056 1108 2109 1150 et
2149 1105 2322 1153 tecum
2360 1103 2735 1173 conjungimur
2759 1145 2775 1171 ,
2816 1106 3050 1161 Christe.
3094 1109 3186 1163 Vel
3217 1112 3392 1179 potius
3421 1130 3524 1167 non
3559 1124 3641 1169 est

2058 1188 2157 1241 hoc
2185 1191 2481 1246 vocandum
2520 1195 2957 1265 chirographum,
3001 1199 3093 1252 sed
3137 1200 3308 1255 fmdus
3345 1212 3397 1257 et
3427 1214 3638 1273 pactum

2054 1296 2395 1337 conventum.
2416 1285 2508 1340 Est
2537 1287 2677 1340 enim
2705 1288 3114 1358 chirographum
3143 1293 3354 1360 quando
3374 1298 3635 1366 quispiam

2053 1385 2133 1428 est
2156 1374 2336 1429 debito
2359 1377 2626 1433 obnoxius
2649 1397 2660 1432 :
2690 1379 2789 1433 hoc
2818 1392 2995 1434 autem
3020 1391 3100 1435 est
3128 1381 3301 1438 foedus
3320 1394 3373 1439 et
3392 1396 3633 1453 pactmn:

2054 1481 2157 1519 non
2177 1456 2412 1522 continet
2443 1486 2673 1538 ptcuatn,
2705 1487 2876 1543 neque
2903 1473 3051 1541 dicit,
3077 1474 3132 1529 Si
3155 1475 3273 1540 hoc,
3297 1478 3464 1531 sinon
3497 1478 3631 1534 hoc:

2049 1559 2189 1626 quod
2233 1559 2367 1614 dixit
2396 1561 2604 1632 Moyses
2634 1578 2925 1635 aSperg‘ens
2954 1568 3265 1637 sanguinem
3300 1573 3632 1635 testamenti,

2048 1663 2100 1707 et
2127 1655 2263 1709 Deus
2291 1671 2502 1725 quoque
2528 1658 2687 1711 vitam
2723 1660 2968 1727 promisit
2996 1672 3275 1716 :eternam.
3309 1664 3433 1719 ΙΙωο
3454 1667 3633 1721 omnia

2048 1757 2170 1801 Sunt
2199 1760 2406 1815 pactum
2438 1762 2787 1806 conventum.
2820 1753 2933 1807 Illic
2971 1770 3159 1808 servus
3185 1757 3293 1825 agit
3314 1773 3434 1812 cum
3462 1758 3635 1812 domi-

2047 1858 2135 1905 no,
2169 1844 2251 1897 hic
2281 1844 2482 1897 amicus
2511 1860 2630 1899 cum
2668 1848 2860 1900 amico.
2896 1846 3006 1912 Quo
3033 1847 3133 1912 die,
3159 1848 3347 1917 inquit,
3372 1850 3616 1912 comedes,

2047 1949 2141 1985 mo.
2158 1935 2274 1987 ieris
2305 1933 2455 2006 (Gen.
2480 1934 2534 1987 Ξ.
2578 1937 2689 2005 i7).
2723 1935 2912 1991 Statim
2945 1938 3124 1993 mimo.
3163 1939 3256 1993 llic
3280 1948 3458 1993 autem
3500 1940 3628 1993 nihil

2045 2027 2369 2097 hujusmodi.
2417 2030 2513 2085 llic
2568 2030 2820 2097 nuditas,
2867 2042 2921 2086 ct
2956 2032 3064 2087 illic
3093 2033 3341 2099 nuditas;
3386 2034 3478 2089 sed
3518 2034 3631 2090 illic

2041 2120 2253 2189 quidem
2297 2136 2416 2174 cum
2457 2132 2753 2191 peccasset,
2803 2122 3031 2177 nudatus
3062 2124 3179 2190 fuit,
3219 2125 3467 2194 quoniam
3499 2141 3625 2195 pec-

2042 2211 2219 2274 cavit;
2257 2210 2341 2265 hic
2375 2224 2553 2266 autem
2607 2213 2837 2267 ttudatur
2868 2224 2924 2268 ut
2975 2215 3250 2269 liberetur.
3297 2215 3459 2270 Exuit
3503 2226 3629 2271 tunc

2042 2302 2130 2355 ille
2158 2302 2384 2371 gloriam
2427 2319 2585 2372 quam
2637 2304 2924 2375 aliquando
2956 2304 3174 2370 habuit;
3221 2321 3361 2360 nunc
3404 2306 3489 2362 bic
3530 2324 3625 2363 ve-

2042 2403 2208 2448 terem
2240 2395 2387 2448 exuit
2426 2395 2737 2462 hominem,
2771 2409 2823 2450 et
2856 2399 3165 2467 pt'ittsqttam
3195 2398 3487 2463 ascendat,
3514 2407 3622 2453 tam

2043 2484 2194 2539 facile
2228 2485 2377 2538 exuit
2412 2487 2560 2554 quasi
2589 2488 2930 2540 vestimenta.
2961 2487 3189 2558 ngilur
3228 2491 3368 2543 sicut
3405 2489 3623 2543 athleta:

2037 2577 2265 2632 stadium
2318 2579 2631 2647 ingressuri.
2689 2579 2856 2633 Simul
2914 2580 3056 2633 enim
3096 2580 3370 2646 nascitur,
3411 2592 3463 2635 et
3513 2596 3620 2635 non

2035 2669 2176 2722 sicut
2208 2668 2409 2738 primus
2442 2669 2530 2723 ille
2559 2670 2647 2738 qui
2680 2669 2957 2735 paulatim,
2982 2669 3077 2724 sed
3105 2671 3306 2734 statim;
3339 2686 3445 2725 non
3478 2673 3618 2727 sicut

2034 2761 2160 2813 olim
2212 2761 2520 2814 sacerdotes
2569 2761 2688 2815 solo
2773 2761 2984 2829 capite,
3042 2760 3149 2814 imo
3181 2776 3306 2815 vero
3355 2763 3606 2832 amplius.

2034 2852 2165 2907 Nam
2197 2854 2285 2907 ille
2316 2852 2528 2923 quidem
2561 2853 2733 2920 capite
2759 2894 2774 2917 ,
2807 2868 2936 2907 anre
2962 2851 3214 2919 dextera,
3247 2869 3404 2908 manu
3428 2896 3441 2918 ,
3475 2865 3531 2909 ut
3561 2867 3616 2910 et

2034 2944 2098 2997 ad
2142 2943 2498 2997 obedientiam
2547 2952 2601 2997 ct
2646 2944 2781 2997 bona
2830 2958 2991 3012 Opera
3039 2959 3159 2998 eum
3209 2945 3617 3001 excitaret:hic

2033 3044 2209 3089 autem
2238 3044 2377 3090 totus
2409 3036 2639 3104 ungitur.
2664 3034 2778 3089 Non
2802 3037 2971 3089 solum
2998 3037 3138 3090 enim
3162 3036 3304 3091 venit
3331 3046 3392 3089 ut
3415 3036 3577 3093 docca
3595 3070 3616 3079 -

2035 3139 2136 3193 tur,
2172 3130 2262 3183 sed
2310 3130 2467 3183 etiam
2500 3139 2554 3182 ut
2581 3130 2812 3183 decertet
2846 3138 2897 3183 et
2925 3137 3254 3183 exerceatur.
3290 3129 3368 3184 Ad
3394 3130 3614 3186 alterum

2032 3223 2304 3276 reducitur
2334 3232 2656 3277 creaturam.
2694 3221 2826 3274 Nam
2878 3221 3093 3291 quando
3139 3220 3418 3277 confessus
3459 3221 3619 3278 fuerit

2032 3314 2192 3367 vitam
2240 3324 2538 3375 aeternam,
2595 3311 2873 3367 confessus
2926 3324 3008 3366 est
3076 3313 3234 3367 aliam
3291 3323 3612 3369 creaturam.

2029 3405 2249 3474 Accepit
2279 3403 2550 3472 pulverem
2577 3420 2607 3457 e
2637 3413 2796 3466 terra,
2830 3414 2880 3457 et
2906 3403 3049 3456 tinxit
3087 3402 3379 3458 hominem.
3407 3404 3483 3459 De
3507 3421 3612 3458 cm-

2030 3505 2145 3550 tcro
2196 3504 2372 3548 autem
2415 3510 2520 3546 non
2553 3494 2826 3562 pulverem
2854 3533 2870 3560 ,
2904 3492 2998 3548 sed
3030 3493 3285 3562 Spiritum
3317 3504 3559 3549 sanctum
3596 3512 3610 3548 :

2029 3585 2131 3640 hoc
2163 3584 2406 3655 ﬁngitur,
2440 3583 2540 3638 hoc
2570 3585 2928 3653 componitur,
2979 3584 3115 3638 sicut
3145 3594 3199 3640 et
3227 3585 3341 3655 ipse
3378 3587 3427 3639 in
3456 3596 3612 3640 utero

2029 3680 2279 3750 Virginis.
2340 3678 2454 3734 Non
2513 3679 2684 3744 dixit,
2721 3677 2775 3731 ln
2832 3676 3120 3748 paradiso,
3175 3678 3291 3745 sed,
3350 3677 3406 3733 lu
3455 3678 3608 3733 cmlo.

2024 3771 2138 3825 Non
2196 3770 2650 3840 cnim,qnoniam
2707 3768 2945 3838 subjecta
2996 3778 3078 3824 est
3119 3777 3280 3835 terra,
3334 3769 3611 3824 existimes

2024 3878 2143 3918 esse
2182 3862 2232 3916 in
2287 3870 2463 3916 terra:
2514 3861 2641 3915 illuc
2693 3861 2984 3914 translatus
3029 3874 3088 3915 es
3142 3859 3193 3914 in
3243 3860 3454 3925 cmlum;
3502 3860 3609 3914 illie

2025 3957 2139 4012 lucc
2193 3957 2326 4010 liunt
2378 3954 2772 4023 interangclos.
2849 3953 3072 4008 Sursum
3153 3954 3386 4008 animam
3464 3963 3609 4008 tuam

2021 4051 2180 4105 sumit
2212 4050 2372 4115 Deus,
2406 4063 2619 4103 sursum
2645 4062 2760 4102 eam
2791 4060 3118 4113 componens
3147 4055 3202 4101 et
3222 4048 3555 4102 concinuans
3582 4065 3595 4100 :

2023 4149 2074 4196 te
2115 4141 2257 4194 sistit
2295 4140 2360 4193 ad
2405 4140 2588 4194 sedem
2619 4139 2841 4207 regiam.
2890 4137 3136 4206 Fingitur
3160 4152 3223 4192 ac
3265 4137 3523 4191 formatur
3551 4140 3603 4192 iu

2018 4249 2176 4304 aqua,
2219 4233 2412 4286 aninue
2442 4231 2853 4300 respondentem
2875 4228 3068 4297 accipit
3125 4228 3389 4297 spiritum.
3443 4228 3603 4282 Post-

2018 4342 2177 4396 quam
2233 4335 2409 4377 autem
2464 4324 2624 4375 homo
2670 4320 2830 4373 fuerit
2882 4318 3161 4382 formatus,
3192 4334 3299 4372 non
3351 4318 3500 4373 ducit
3536 4320 3602 4372 ad

2017 4433 2140 4472 eum
2172 4414 2393 4479 bestias,
2424 4412 2518 4466 sed
2548 4411 2845 4473 daemones,
2876 4416 2930 4463 et
2956 4423 3141 4462 eorum
3180 4408 3476 4479 principem
3505 4430 3517 4464 :
3555 4420 3610 4463 et

2017 4509 2165 4573 dicit,
2199 4506 2403 4561 Calcate
2448 4522 2599 4575 super
2625 4512 2876 4570 serpentes
2902 4510 2947 4555 et
2976 4501 3266 4568 scorpiones
3310 4499 3462 4571 (Luc.
3515 4503 3604 4556 10.

2020 4603 2132 4671 19).
2182 4599 2297 4654 Νοιι
2345 4599 2512 4661 dicit,
2546 4594 2818 4650 Faciamus
2850 4592 3103 4645 hominem
3130 4591 3199 4644 ad
3239 4592 3511 4662 imaginem
3559 4605 3607 4646 et

2017 4698 2397 4753 similitudinem
2428 4703 2650 4748 nostram
2672 4692 2827 4763 (Gen.
2860 4692 2907 4744 i.
2941 4689 3057 4759 96);
3091 4687 3184 4743 sed
3212 4688 3362 4759 quid?
3394 4687 3493 4743 Dat
3527 4688 3605 4742 eis
3648 4722 3651 4725 ι

2020 4793 2155 4845 ﬁlios
2191 4789 2280 4844 Dei
2337 4787 2479 4841 fieri:
2513 4786 2613 4853 Qui
2641 4799 2744 4838 non
2766 4800 2830 4837 ex
2854 4780 3219 4852 sanguinibus,
3243 4780 3334 4835 sed
3367 4795 3432 4835 ex
3469 4781 3598 4847 Deo,

2018 4881 2229 4950 inquit,
2280 4879 2387 4933 nati
2437 4885 2580 4929 sunt.
2639 4873 2839 4927 Deinde
2889 4887 2956 4927 ne
3012 4871 3199 4925 audias
3242 4878 3596 4940 serpentem,

2017 4973 2195 5028 suatim
2256 4970 2467 5025 doceris
2512 4967 2738 5022 dicere:
2793 4965 3126 5019 Ahrenuntio
3175 4963 3266 5018 tibi
3304 4980 3321 5028 ;
3370 4962 3421 5016 id
3463 4971 3545 5016 est
3578 5004 3592 5028 ,

2016 5062 2280 5133 Quidquid
2310 5061 2531 5124 dixeris,
2556 5069 2605 5113 te
2638 5074 2743 5110 non
2773 5057 3003 5110 audiam.
3025 5054 3226 5110 Deinde
3250 5069 3316 5109 ne
3344 5069 3443 5124 per
3466 5053 3601 5107 alios

2017 5166 2069 5211 te
2100 5164 2368 5224 expugnet
2391 5193 2405 5212 .
2438 5152 2568 5206 dicit
2592 5192 2606 5215 ,
2646 5150 2709 5204 Et
2741 5165 2947 5219 pompm
2980 5158 3082 5202 tua:
3127 5157 3182 5202 et
3217 5146 3380 5200 cultui
3416 5153 3505 5198 tuo
3547 5157 3601 5198 et

2017 5247 2220 5319 angelis
2249 5247 2370 5300 tttis.
2404 5244 2590 5298 Posuit
2615 5260 2737 5297 cum
2772 5286 2785 5306 ,
2834 5257 2937 5296 non
2973 5250 3027 5294 ut
3058 5235 3603 5306 custodiret'paradi—

2016 5355 2156 5402 smn,
2191 5338 2285 5393 sed
2312 5348 2368 5391 ut
2396 5347 2701 5390 versaretur
2730 5336 2779 5387 in
2846 5333 2997 5387 cado.
3026 5331 3166 5386 Cum
3195 5330 3426 5400 primum
3455 5329 3597 5384 enim

2016 5431 2338 5494 ascenderit,
2373 5429 2486 5482 haec
2516 5429 2675 5481 verba
2723 5427 2988 5494 loquitur:
3025 5422 3181 5477 Pater
3225 5432 3394 5477 uoster
3432 5423 3522 5493 qui
3550 5439 3600 5475 cs

2012 5524 2063 5577 in
2096 5522 2267 5585 cretis,
2316 5521 2406 5589 ﬁat
2464 5518 2695 5572 voluntas
2736 5528 2824 5569 tua
2879 5516 3007 5571 sicut
3036 5515 3087 5568 in
3124 5513 3248 5567 caelo
3283 5523 3328 5567 et
3368 5514 3421 5566 in
3464 5523 3601 5566 terra

2017 5615 2231 5687 (Matth.
2266 5615 2318 5669 0.
2351 5614 2405 5668 9.
2444 5610 2554 5685 10).
2584 5611 2699 5665 Non
2753 5611 2803 5664 in
2837 5609 3028 5665 faciem
3074 5607 3218 5662 cadit
3267 5623 3435 5677 puer,
3490 5620 3600 5660 non

2015 5711 2218 5780 lignum
2250 5707 2396 5764 vides
2427 5750 2436 5773 ,
2473 5720 2645 5777 neque
2688 5702 2886 5760 fontem
2918 5718 2935 5770 ;
2986 5702 3078 5758 sed
3111 5702 3285 5771 ipsum
3318 5698 3601 5756 Dominum

3173 5810 3250 5871 '2‘).

2618 5898 2625 5903 .
2633 5896 2663 5903 ω
2704 5900 2707 5901 ,
