4064 6210
505 237 610 274 ί)ιύ

503 331 683 385 statim
730 328 1090 400 amplecteris,
1121 329 1488 385 cornmisceris
1529 343 1651 383 cum
1673 341 1924 398 corpore,
1950 341 2082 382 coa-

501 425 771 491 spergeris
813 436 935 474 cum
975 435 1221 491 corpore,
1259 419 1402 490 quod
1442 434 1602 490 supra
1649 422 1811 473 situm
1851 428 1956 484 est,
1978 434 2084 488 quo

503 511 719 567 diabolo
736 527 848 567 non
869 512 990 567 licet
1010 513 1288 570 accedere.
1321 511 1435 566 Non
1456 521 1535 566 est
1555 511 1747 566 mulier
1765 519 1823 564 ut
1843 510 2080 575 accedat,

503 611 562 656 et
591 602 822 672 decipiat
869 613 1135 678 tamquam
1166 603 1570 660 imbecilliorem
1597 619 1611 657 :
1648 601 1767 658 Non
1815 611 1886 658 est
1915 602 2078 666 enim,

503 695 697 763 iuqttit,
728 693 938 762 femina,
972 711 1062 748 nec
1085 695 1346 749 masculus
1367 693 1511 767 (Gal.
1546 694 1598 748 5.
1627 693 1743 766 ‘28).
1788 693 1898 749 Nisi
1932 701 1984 747 tu
2015 691 2082 747 ad

507 786 677 854 ipsum
700 784 1064 851 descendetis,
1088 801 1193 839 non
1228 786 1420 854 poterit
1447 785 1532 840 ubi
1558 800 1618 839 es
1659 783 1954 840 ascendere
1985 801 1996 836 :
2029 793 2084 838 tu

499 878 643 930 enim
664 891 721 932 es
738 878 787 930 iu
813 877 978 945 caelo;
1011 877 1198 932 caelum
1220 886 1398 932 autem
1419 892 1526 931 non
1547 885 1691 946 patet
1709 875 1942 931 diabolo.
1967 873 2084 930 Non

499 967 660 1022 habet
684 967 903 1036 lignum,
933 983 1039 1038 quo
1069 968 1319 1038 cognosci
1351 976 1525 1036 potest
1552 968 1747 1023 bonum
1776 976 1830 1022 et
1855 966 2081 1033 malum,

500 1055 596 1113 sed
645 1059 818 1113 solum
860 1059 1059 1129 lignum
1113 1060 1252 1113 vitae.
1287 1058 1402 1113 Non
1434 1057 1665 1128 amplius
1713 1074 1741 1110 a
1797 1058 1966 1112 latere
1993 1068 2085 1110 tuo

500 1147 714 1213 mulier,
749 1149 842 1204 sed
895 1165 1083 1206 omnes
1113 1165 1278 1204 unum
1328 1163 1514 1206 sumus
1565 1163 1595 1205 a
1650 1148 1818 1206 latere
1864 1147 2075 1204 Christi.

498 1240 631 1296 Nam
659 1241 702 1296 si
731 1242 822 1311 qui
852 1251 979 1298 sunt
1011 1241 1157 1296 uncti
1189 1243 1257 1296 ab
1284 1240 1614 1304 hominibus,
1656 1240 1783 1294 nihil
1814 1240 2086 1310 patiuntur

498 1348 528 1386 a
573 1334 917 1405 serpentibus
945 1350 959 1401 ;
993 1350 1169 1406 neque
1190 1342 1253 1390 =tu
1287 1335 1506 1405 patieris
1557 1333 1754 1403 aliquid
1781 1373 1799 1400 ,
1831 1332 2085 1404 quamdiu

499 1421 662 1482 fueris
709 1435 896 1481 unctus
920 1468 934 1492 ,
961 1433 1018 1480 ut
1038 1426 1223 1498 possis
1260 1435 1572 1496 serpentem
1604 1435 1787 1480 tenere
1837 1435 1892 1480 ct
1919 1423 2083 1480 suffo-

1204 216 1262 272 s.
1303 214 1578 274 JOANNIS
1613 213 2087 272 cuuvsosrout
2124 213 2438 274 ARCHIEP.
2476 217 3009 284 consummes.
3673 242 3769 304 sn

2192 342 2338 395 care,
2394 329 2604 386 calcare
2650 347 2812 403 super
2847 349 3134 407 serpentes
3187 352 3242 402 et
3289 347 3614 417 scorpiones.
3666 356 3773 410 Sed

2189 419 2325 515 sicut
2347 437 2530 493 magna
2562 435 2686 480 sunt
2713 427 2850 482 dona
2870 470 2886 494 ,
2921 431 2991 486 ita
3017 447 3229 504 quoque
3257 452 3508 509 magnum
3533 455 3613 498 est
3643 460 3772 515 sup-

2190 511 2403 581 plicium
2431 533 2445 569 ε
2478 531 2582 571 non
2611 517 2736 574 licet
2762 521 2810 573 ei
2832 522 2920 590 qui
2949 525 3142 580 cecidit
3171 542 3201 584 e
3229 532 3497 599 paradiso,
3531 511 3772 593 habitare

2188 617 2257 657 ex
2299 603 2526 662 adverso
2577 611 2810 680 paradisi
2840 652 2856 677 ,
2900 629 3074 685 neque
3106 621 3300 674 reverti
3334 638 3400 675 eo
3440 625 3579 683 unde
3616 630 3768 684 exvi-

2191 695 2384 752 dimus.
2439 699 2545 754 Sed
2570 701 2696 769 quid
2752 707 2978 773 postea?
3019 707 3272 766 Cebenna
3323 724 3378 769 et
3421 718 3622 772 vermis
3665 736 3772 775 non

2189 785 2463 843 desinens.
2493 789 2597 846 Sed
2627 791 2786 859 absit,
2834 804 2892 850 ut
2934 797 3199 868 quispiam
3240 818 3304 856 ex
3360 806 3512 860 nobis
3556 808 3628 863 sit
3671 811 3773 864 ob-

2192 879 2382 934 noxius
2427 879 2551 935 huic
2587 885 2883 953 supplicio;
2914 888 3010 942 sed
3039 905 3104 944 ex
3133 891 3329 949 virtute
3359 897 3620 966 viventes,
3659 911 3774 955 stn-

2189 972 2412 1028 deamus
2463 989 2524 1030 ea
2575 992 2737 1047 agere
2791 995 2912 1049 quae
2961 981 3009 1036 ei
3059 993 3206 1039 recta
3252 986 3499 1044 videntur
3543 999 3599 1046 et
3646 1005 3775 1047 sunt

2188 1072 2336 1132 grata
2363 1081 2377 1118 :
2429 1064 2539 1120 Deo
2569 1067 2872 1136 placeamus
2905 1111 2920 1136 ,
2954 1081 3009 1126 ut
3039 1075 3304 1141 possimus
3336 1087 3389 1132 et
3416 1094 3446 1132 a
3493 1083 3773 1152 suppliciis

2189 1153 2427 1222 liberari,
2477 1169 2530 1212 et
2575 1160 2790 1215 aeternis
2833 1161 2988 1216 bouis
3019 1165 3240 1234 perfrui,
3283 1170 3454 1238 gratia
3496 1181 3550 1227 et
3581 1173 3771 1244 benig-

2188 1246 2352 1303 nitate
2382 1250 2589 1305 Domini
2621 1253 2790 1308 nostri
2828 1252 2955 1310 Jesu
2995 1256 3214 1323 Christi,
3259 1273 3381 1315 cum
3413 1277 3520 1333 quo
3546 1264 3688 1319 Patri
3719 1279 3776 1319 et

2190 1337 2408 1408 Spiritui
2439 1353 2625 1398 sancto
2665 1344 2836 1415 gloria
2867 1387 2880 1410 ,
2932 1347 3212 1418 imperium
3241 1391 3257 1417 ,
3292 1351 3462 1410 honor
3483 1397 3499 1422 ,
3550 1373 3692 1413 nuttc
3719 1370 3776 1413 et

2190 1444 2426 1500 semper,
2457 1442 2511 1488 et
2541 1434 2592 1488 in
2619 1437 2810 1492 sa:cula
2841 1439 3180 1497 executorum.
3207 1445 3400 1503 Amen.

495 1558 3779 1599 MM

1866 1635 2210 1700 HOMILIA
2241 1640 2394 1702 νη.

501 1774 630 1833 CAP.
659 1777 713 1831 2.
741 1793 796 1832 v.
837 1779 924 1835 16.
979 1777 1144 1834 Nemo
1171 1796 1290 1851 ergo
1325 1796 1410 1834 vos
1426 1779 1628 1851 judicet
1657 1781 1711 1832 in
1742 1779 1872 1845 cibo,
1906 1788 1994 1832 aut
2030 1779 2085 1833 in

571 1879 723 1940 potu,
752 1880 840 1924 aut
883 1873 936 1925 in
973 1883 1116 1941 parte
1137 1873 1234 1926 diei
1264 1873 1377 1943 [esti
1406 1881 1494 1926 aut
1532 1871 1807 1926 neomenite
1851 1881 1938 1923 aut
1963 1871 2084 1924 sab-

571 1961 802 2016 batorum
824 1979 842 2015 :
897 1964 982 2018 ιτ.
1031 1979 1144 2032 quia
1166 1973 1285 2016 sunt
1311 1961 1490 2016 umbra
1533 1963 1824 2033 futurorum
1851 2003 1866 2028 ,
1898 1979 2084 2033 corpus

569 2063 736 2107 autem
793 2051 1004 2108 Christi.
1053 2053 1140 2108 l8.
1204 2052 1370 2108 Nemo
1415 2069 1500 2106 vos
1549 2052 1756 2106 sedarat
1813 2051 1984 2106 volens
2031 2053 2084 2107 in

569 2145 852 2198 humilitate
887 2153 943 2197 et
997 2143 1242 2212 religione
1295 2143 1614 2215 angelorum,
1669 2158 1782 2214 quae
1826 2159 1926 2197 non
1961 2143 2085 2197 uidit

569 2235 854 2301 ambulans,
889 2238 1082 2304 [rustra
1106 2235 1316 2304 inﬂatus
1345 2251 1495 2290 sensu
1524 2235 1694 2289 carnis
1737 2250 1883 2290 suta:
1914 2235 2002 2290 i9.
2038 2244 2085 2290 et

571 2348 670 2384 non
695 2339 873 2384 tenens
902 2339 1076 2401 caput:
1103 2347 1165 2384 ex
1192 2347 1289 2396 quo
1315 2339 1472 2384 totum
1514 2347 1697 2400 corpus
1727 2346 1814 2400 per
1844 2346 2000 2384 nexus
2037 2338 2087 2383 et

571 2422 952 2492 conjunctiones
989 2421 1422 2476 subntinistratum
1451 2431 1498 2477 et
1541 2432 1878 2476 constructum
1910 2422 2086 2476 crescit

567 2516 620 2569 in
643 2525 969 2584 augmentum
995 2513 1112 2569 Dei.

572 2694 623 2749 i.
654 2693 787 2747 Cum
825 2693 982 2765 prius
1021 2692 1245 2747 dixisset
1289 2691 1639 2762 amigmatice,
1682 2691 1859 2746 Videte
1886 2707 1950 2747 ne
1973 2692 2085 2762 quis

503 2801 586 2839 vos
659 2785 882 2856 decipiat
939 2784 1219 2839 secundum
1274 2784 1598 2839 traditionem
1661 2785 1978 2848 hominum;
2031 2793 2086 2839 ct

502 2891 688 2932 rursus
744 2877 993 2948 superius
1028 2917 1042 2942 ,
1100 2875 1214 2930 Hoc
1257 2887 1425 2930 autem
1482 2877 1628 2941 dico,
1682 2886 1738 2929 ut
1804 2893 1947 2930 nemo
1998 2891 2086 2930 vos

499 2970 717 3038 decipiat
767 2971 820 3026 in
864 2960 1137 3040 probabili
1187 2982 1469 3032 sermone;
1537 2977 1592 3022 et
1657 2978 2085 3038 praeoccupasset

499 3059 785 3126 animum,
841 3069 896 3115 et
948 3060 1216 3115 ell‘ecisset
1265 3059 1599 3124 sollicitum;
1657 3058 1852 3116 deinde
1915 3061 2081 3115 inter-

500 3153 768 3223 posuisset
815 3154 1093 3220 beneficia,
1136 3163 1189 3208 et
1237 3153 1286 3208 id
1329 3153 1741 3221 amplificasset:
1799 3163 1922 3208 tunc
1961 3154 2092 3209 sub-.

495 3246 670 3315 jungit
718 3247 1186 3315 reprehensionem
1219 3287 1234 3313 ,
1288 3257 1343 3302 et
1386 3246 1558 3314 dicit,
1612 3246 1776 3302 Nemo
1829 3265 1950 3318 ergo
1999 3263 2083 3302 vos

493 3335 690 3406 jndicct
733 3336 786 3389 in
805 3337 942 3403 cibo,
969 3347 1056 3392 aut
1095 3339 1148 3392 in
1187 3348 1334 3410 potu,
1361 3349 1449 3393 aut
1474 3339 1528 3392 in
1553 3347 1695 3410 parte
1723 3338 1822 3393 diei
1855 3339 1968 3410 festi
1997 3349 2082 3393 aut

503 3427 781 3482 neomenitz
794 3439 878 3480 aut
897 3429 1235 3484 sabbatorum.
1262 3429 1423 3486 Vides
1443 3429 1713 3501 quomodo
1724 3445 1782 3486 ea
1803 3429 2084 3500 deprimit?

500 3516 554 3573 Si
585 3534 670 3586 ea,
703 3519 894 3592 inquit,
925 3521 1196 3591 assequuti
1225 3521 1376 3589 estis,
1409 3537 1506 3578 cur
1531 3536 1624 3578 vos
1653 3521 1832 3594 parvis
1862 3520 2086 3579 redditis

505 3609 811 3666 obnoxios?
845 3611 910 3666 Et
936 3621 1187 3668 extenuat
1211 3612 1416 3681 dicens,
1449 3614 1549 3667 Aut
1578 3613 1631 3667 in
1651 3623 1795 3686 parte
1812 3613 1912 3666 diei
1931 3613 2045 3685 {esti
2064 3629 2086 3668 :

501 3717 606 3755 non
638 3703 780 3757 enim
814 3705 1065 3760 tenebant
1109 3705 1286 3760 omnia
1313 3704 1514 3774 priora.
1564 3705 1661 3758 Aut
1699 3705 1972 3760 neomeniw
1998 3713 2087 3762 aut

501 3793 840 3848 sabbatorwn.
895 3794 1011 3848 Non
1041 3794 1200 3860 dixit,
1255 3795 1332 3852 Ne
1379 3812 1508 3866 ergo
1537 3797 1802 3862 servetis;
1854 3797 1970 3863 sed,
2007 3795 2088 3852 Ne

503 3885 615 3953 quis
644 3901 729 3937 vos
744 3883 960 3953 judicet.
989 3885 1234 3940 Ostendit
1258 3886 1403 3954 ipsos
1433 3885 1729 3954 transgredi
1757 3895 1811 3940 ct
1836 3887 2084 3952 solvere;

505 3976 557 4029 in
577 3975 712 4028 alios
728 3984 903 4028 autem
927 3975 1130 4030 crimen
1151 3977 1438 4031 transtulit.
1455 3976 1530 4031 Ne
1545 3977 1874 4045 sustinentis,
1895 3977 2084 4050 inquit,

512 4081 609 4121 eos
630 4067 718 4137 qui
742 4066 1002 4137 judicant.
1032 4067 1136 4124 Sed
1159 4084 1229 4123 ne
1246 4069 1345 4125 hoc
1366 4068 1582 4140 quidem
1609 4086 1624 4134 ;
1650 4085 1833 4125 verum
1858 4085 1979 4126 cum
2008 4071 2088 4127 eis

507 4159 678 4212 solum
737 4158 998 4224 disserit,
1056 4177 1162 4214 non
1207 4161 1284 4215 cis
1338 4175 1400 4214 os
1429 4160 1714 4214 obstruens
1761 4176 1823 4216 ac
1873 4176 1968 4216 eos
1995 4177 2085 4216 re-

509 4252 747 4322 primens
774 4294 790 4318 ,
823 4252 1054 4308 dicendo
1077 4295 1093 4320 ,
1121 4252 1234 4308 Non
1267 4253 1474 4310 debetis
1500 4253 1813 4325 dijudicare.
1848 4253 1956 4310 Sed
1987 4254 2086 4310 hos

504 4358 609 4396 non
667 4341 1095 4412 reprchcnsurus
1120 4354 1254 4399 erat.
1304 4346 1418 4400 Non
1467 4345 1621 4411 dixit,
1675 4344 1730 4400 In
1777 4345 1990 4401 mundis
2035 4356 2088 4401 et

506 4432 796 4490 immundis
820 4449 835 4498 ;
866 4449 1036 4504 neque
1082 4434 1237 4500 dixit,
1266 4435 1325 4490 lu
1370 4436 1708 4506 scenoltegiis
1735 4445 1788 4492 et
1807 4437 2009 4508 azymis
2035 4447 2090 4491 et

509 4535 851 4592 pentecoste:
929 4525 1021 4580 sed
1054 4565 1069 4593 ,
1124 4524 1193 4579 lu
1244 4536 1387 4596 parte
1435 4527 1535 4581 diei
1586 4528 1720 4597 festi.
1776 4526 1892 4581 Non
1945 4528 2087 4582 enim

504 4616 772 4671 audebant
799 4623 970 4672 totum
1021 4633 1240 4674 servare
1267 4637 1280 4682 ;
1310 4627 1364 4674 et
1384 4618 1426 4672 si
1450 4618 1759 4682 servabant,
1783 4633 1897 4672 non
1928 4617 1997 4674 ita
2031 4627 2090 4673 ut

508 4706 701 4764 festum
748 4719 988 4780 agerent.
1042 4709 1109 4764 In
1166 4722 1328 4781 parte,
1388 4711 1594 4781 inquit;
1623 4710 1913 4768 ostendens
1947 4713 2088 4782 quod

512 4816 700 4870 magna
744 4817 808 4855 ex
854 4811 1004 4870 parte
1028 4802 1098 4856 sit
1126 4803 1298 4857 solum
1326 4821 1338 4856 :
1371 4818 1492 4857 nam
1523 4803 1622 4857 etsi
1653 4803 1933 4859 sabbatum
1961 4818 2089 4874 age-

507 4895 657 4957 bant,
689 4910 791 4946 non
819 4903 994 4950 tamen
1023 4902 1208 4949 exacte
1233 4905 1286 4948 et
1312 4905 1580 4950 accurate.
1611 4895 1740 4962 Qum
1765 4905 1882 4949 sunt
1913 4896 2089 4950 umbra

511 4987 820 5055 futurorum.
868 4985 1024 5051 Novi,
1071 4987 1263 5057 inquit,
1298 4987 1641 5042 Testamenti.
1677 4985 1874 5058 Corpus
1924 4996 2090 5041 autem

521 5075 729 5132 Christi.
760 5075 860 5130 Alii
893 5076 1106 5146 quidem
1139 5077 1216 5131 sic
1264 5086 1461 5145 puncto
1485 5078 1818 5148 distinguunt
1853 5096 1866 5130 :
1895 5077 2092 5142 Corpus

507 5178 699 5234 autem,
724 5167 946 5233 Christi;
971 5166 1168 5220 veritas
1191 5175 1368 5221 autem
1399 5167 1450 5220 in
1472 5166 1686 5222 Christo
1719 5165 1814 5221 luit
1839 5185 1851 5220 :
1875 5167 1966 5224 alii
1995 5183 2088 5223 ve-

517 5259 814 5330 ro,Corpus
835 5258 1020 5313 Christi
1043 5258 1272 5312 brevium
1303 5274 1449 5312 nemo
1484 5257 1620 5311 vobis
1648 5259 1956 5323 iuteroertat,
1992 5273 2088 5314 seu

513 5351 833 5421 intercipiat.
864 5359 1319 5422 Καταϐραιεευοῆναι
1349 5350 1490 5404 enim
1524 5350 1541 5420 (
1567 5365 1672 5419 quo
1699 5351 1862 5405 verbo
1890 5351 2091 5406 Paulus

513 5441 700 5506 utitur)
715 5451 796 5497 cst
811 5443 1024 5513 quando
1041 5443 1264 5496 aliorum
1281 5441 1492 5511 quidem
1510 5450 1591 5496 est
1607 5442 1844 5506 victoria,
1865 5441 2088 5497 aliorum

511 5553 643 5592 vero
671 5537 908 5592 bravium
937 5553 1030 5593 seu
1063 5537 1338 5607 prauuium
1365 5553 1378 5600 ;
1403 5536 1616 5608 quando
1645 5536 1921 5590 victoriam
1945 5551 2091 5590 asse-

508 5637 671 5698 quuto
708 5627 1038 5698 intercipitur
1081 5629 1376 5699 prmmium.
1405 5628 1524 5683 Stas
1549 5642 1709 5698 supra
1739 5627 2007 5681 diabolqu
2037 5637 2084 5682 et

2194 1795 2497 1876 peccatum;
2522 1789 2647 1860 quid
2678 1801 2896 1862 [teccato
2917 1805 2968 1852 te
2991 1811 3176 1855 rursus
3205 1799 3462 1873 subjicis?
3482 1803 3776 1876 Protitcrea

2191 1874 2422 1946 diccbat,
2458 1880 2708 1947 Quoniam
2738 1885 2928 1940 debitor
2947 1899 3020 1940 est
3049 1889 3200 1942 totius
3229 1891 3352 1962 legis
3379 1874 3686 1964 implendas:
3718 1909 3778 1952 et

2191 1982 2395 2032 rursus,
2445 1970 2586 2026 Nam
2628 1974 2854 2032 amentiis
2899 1987 2974 2033 est
3013 1977 3243 2036 Christus
3299 1985 3527 2040 minister
3575 1993 3778 2058 peccati

2191 2057 2330 2128 (Gal.
2359 2061 2411 2115 5.
2441 2063 2493 2116 5.
2528 2074 2574 2118 et
2601 2063 2657 2118 2.
2691 2067 2817 2138 l7)?
2843 2068 2985 2139 quod
3011 2068 3225 2127 dicebat
3252 2075 3490 2134 scribens
3519 2057 3588 2135 ad
3614 2079 3777 2136 Gala.

2191 2161 2291 2210 tas.
2330 2155 2554 2222 Quando
2593 2159 2752 2230 igitur
2776 2163 2853 2216 eis
2885 2163 3016 2219 iram
3056 2177 3296 2223 moverat
3323 2169 3584 2240 dicendo,
3619 2172 3775 2230 Prc-

2189 2246 2343 2299 minm
2368 2248 2685 2312 intervertat,
2718 2260 2841 2308 tunc
2867 2254 3052 2326 incipit
3076 2272 3097 2312 .'
3133 2256 3173 2310 γ
3175 2258 3339 2327 olens,
3373 2262 3562 2332 inquit,
3592 2266 3644 2319 in
3670 2267 3774 2320 lus-

2191 2337 2403 2392 militate
2429 2349 2474 2393 et
2496 2340 2739 2412 religione
2753 2346 3067 2415 angelorum,
3086 2364 3199 2418 qua:
3218 2367 3319 2404 non
3340 2352 3460 2407 vidit
3477 2353 3769 2423 ambulans,

2189 2432 2380 2500 frustra
2409 2430 2619 2501 inﬂatus
2645 2450 2794 2489 sensu
2824 2438 2992 2492 carnis
3017 2455 3142 2494 sine.
3178 2440 3474 2510 Quomodo,
3504 2443 3573 2502 lu
3601 2447 3773 2504 hani-

2189 2519 2370 2574 litute?
2397 2532 2488 2576 aut
2517 2525 2813 2592 quomodo,
2846 2526 3109 2598 lii/latus?
3151 2531 3397 2589 Ostendit
3439 2542 3610 2593 totum
3651 2554 3776 2595 esse

2189 2611 2362 2668 inanis
2399 2614 2602 2685 glorize.
2636 2617 2770 2684 Quid
2803 2629 2881 2674 est
2911 2629 3089 2676 autem
3115 2625 3336 2682 omnino
3363 2628 3502 2698 quod
3531 2630 3725 2688 dicitur
3748 2635 3777 2686 ἲ

2190 2701 2358 2758 Erant
2402 2706 2614 2776 quidam
2665 2709 2752 2778 qui
2781 2709 3020 2770 dicerent
3069 2729 3173 2772 non
3231 2729 3478 2790 oportere
3526 2736 3623 2776 nos
3677 2739 3777 2792 per

2189 2792 2456 2850 Christum
2485 2795 2716 2865 adduci,
2763 2799 2855 2858 sed
2898 2816 2995 2872 per
3031 2806 3251 2876 angelos
3281 2822 3294 2862 :
3325 2807 3452 2864 illud
3478 2811 3620 2868 enim
3654 2822 3773 2880 est,

2189 2883 2455 2956 inquiunt,
2490 2888 2661 2959 majus
2690 2906 2847 2961 quam
2877 2902 2933 2951 ut
2956 2897 3226 2966 possimus
3254 2900 3486 2972 assequi.
3511 2902 3773 2974 Propter-

2188 2992 2250 3032 ea
2283 2994 2480 3048 susque
2518 2979 2690 3052 deque
2717 2993 2892 3040 versat
2920 3000 3039 3058 qua:
3073 2987 3216 3045 dicta
3245 3001 3368 3048 sunt
3409 2993 3476 3051 de
3509 2994 3722 3050 Christo
3756 3015 3774 3050 :

2194 3067 2294 3122 Per
2323 3071 2615 3142 sanguinem
2645 3074 2806 3132 crucis
2833 3076 2945 3146 ejus
2972 3079 3301 3136 reconciliati
3330 3097 3515 3140 sumus
3541 3085 3776 3155 (Coloss.

2191 3162 2241 3215 l.
2270 3162 2397 3233 20);
2449 3163 2582 3231 Quia
2622 3183 2714 3234 pro
2755 3167 2896 3222 nobis
2925 3186 3104 3238 passus
3133 3182 3204 3228 est
3230 3173 3310 3241 (l.
3353 3173 3496 3234 Petr.
3539 3176 3592 3232 2.
3633 3177 3774 3249 2!);

2194 3253 2326 3320 Quia
2358 3270 2449 3309 nos
2476 3255 2652 3310 dilexit
2679 3255 2892 3329 (Ephes.
2926 3259 2980 3314 2.
3022 3261 3099 3332 4).
3134 3262 3198 3321 Et
3228 3263 3282 3320 in
3312 3269 3412 3322 hoc
3441 3267 3558 3337 ipso
3587 3284 3778 3328 rursus

2190 3345 2384 3399 confixi
2412 3355 2584 3402 erant.
2614 3347 2723 3402 Nec
2754 3349 2907 3416 dixit,
2941 3351 3354 3422 Adductiouem,
3385 3357 3500 3426 sed,
3533 3358 3777 3432 Religio-

2191 3450 2333 3489 nem.
2370 3434 2498 3501 Qua:
2534 3453 2632 3492 non
2656 3440 2779 3493 vidit
2809 3440 3094 3498 ambulans.
3125 3442 3238 3500 Non
3268 3447 3410 3502 enim
3442 3448 3572 3506 vidit
3607 3466 3778 3525 attge-

2191 3527 2290 3593 los,
2323 3529 2415 3584 scd
2448 3529 2517 3585 ita
2543 3541 2627 3586 cst
2653 3531 2878 3591 affectus
2902 3541 3170 3607 tamquam
3197 3538 3242 3594 si
3265 3538 3503 3598 vidisset.
3529 3542 3782 3612 Propter-

2191 3635 2252 3674 ea
2305 3619 2467 3688 dicit,
2524 3619 2745 3693 Iit/latus
2790 3641 2935 3680 sensu
2983 3627 3151 3684 carnis
3193 3645 3303 3684 sua
3347 3639 3547 3689 temere.
3591 3634 3782 3705 Neque

2191 3712 2333 3767 enim
2363 3723 2581 3784 propter
2601 3731 2712 3770 rem
2741 3716 2972 3790 aliquam
2997 3733 3200 3784 veram,
3228 3721 3321 3778 sed
3344 3734 3562 3794 propter
3581 3724 3778 3798 dogma

2193 3803 2292 3858 fuit
2319 3804 2552 3860 inﬂatus.
2586 3805 2653 3861 Et
2694 3807 3002 3866 humilitatis
3029 3825 3139 3880 pra:
3175 3825 3235 3868 se
3276 3810 3381 3870 fert
3408 3817 3668 3886 speciem.
3700 3822 3780 3873 Ac

2191 3896 2234 3947 si
2275 3893 2476 3949 diceret
2503 3936 2518 3957 ,
2550 3895 2630 3951 Ob
2659 3905 2891 3953 tuentem
2921 3899 3190 3958 carnalem
3216 3941 3231 3968 ,
3265 3918 3371 3958 non
3400 3904 3729 3976 spiritualem
3765 3925 3788 3974 ;

2194 3985 2425 4040 lmmana
2455 3995 2537 4042 est
2562 3989 2832 4058 cogitatio.
2869 3989 2935 4044 Et
2962 4007 3064 4046 non
3092 4003 3262 4051 tenens
3287 4006 3463 4066 caput,
3490 3997 3684 4068 inquit,
3717 4015 3786 4054 ex

2190 4094 2288 4147 quo
2315 4087 2472 4132 totum
2498 4095 2700 4149 corpus.
2741 4079 2794 4135 id
2823 4089 2924 4146 est,
2959 4081 3082 4140 hinc
3118 4083 3279 4142 habet
3305 4096 3362 4143 ut
3391 4087 3484 4156 sit,
3515 4069 3571 4144 et
3600 4099 3657 4144 ut
3687 4105 3778 4144 re-

2191 4176 2277 4222 cte
2309 4167 2396 4222 sit.
2431 4168 2566 4236 Quid
2599 4185 2728 4241 ergo
2755 4171 2978 4228 dimisso
3003 4175 3179 4248 capite
3207 4176 3379 4236 haeres
3405 4179 3704 4235 membris?
3735 4181 3783 4234 si

2193 4257 2340 4312 illinc
2365 4259 2664 4327 excideris,
2697 4262 2920 4331 periisti.
2953 4262 3036 4316 Ea:
3072 4249 3170 4333 quo
3199 4275 3357 4324 totum
3396 4283 3600 4339 corpus.
3643 4268 3778 4336 Qui-

2191 4364 2419 4420 cumque
2445 4351 2533 4417 sit,
2564 4366 2670 4405 non
2701 4352 2872 4406 solum
2901 4353 3023 4410 inde
3050 4353 3209 4410 habet
3230 4366 3286 4415 ut
3309 4358 3467 4424 vivat,
3491 4357 3588 4418 sed
3613 4361 3780 4419 etiam

2195 4450 2252 4494 ut
2292 4441 2366 4495 illi
2410 4441 2784 4513 conjungatur.
2818 4443 3076 4500 Universa
3121 4447 3358 4509 Ecclesia
3387 4451 3642 4522 quamdiu
3685 4453 3782 4508 ha-

2194 4531 2369 4586 buerit
2397 4542 2577 4604 caput,
2607 4544 2852 4605 augetur.
2885 4535 3000 4592 Non
3031 4539 3173 4593 enim
3206 4541 3525 4610 arrogantia
3546 4551 3602 4598 et
3626 4559 3780 4608 vana:

2192 4622 2379 4692 gloriae
2417 4631 2502 4677 est
2531 4623 2765 4692 affectio,
2797 4625 3069 4682 inventum
3100 4627 3346 4684 humanae
3383 4632 3602 4688 mentis.
3639 4633 3782 4691 Ecce

2195 4711 2322 4766 illud
2345 4753 2360 4776 ,
2395 4710 2478 4766 Ea:
2511 4729 2628 4781 quo,
2659 4712 2854 4770 dicitur
2881 4715 2949 4771 de
2976 4715 3128 4771 Filio.
3162 4717 3264 4772 Per
3289 4735 3449 4774 nexus
3473 4732 3520 4775 et
3558 4725 3780 4793 conjun-

2194 4802 2403 4868 ctiones,
2438 4802 2628 4874 inquit,
2660 4804 3092 4861 subnunislratum
3118 4818 3164 4862 et
3203 4797 3541 4865 constructum
3561 4854 3576 4878 ,
3604 4815 3782 4867 crescit

2194 4894 2248 4947 in
2268 4904 2591 4963 augmentum
2617 4893 2732 4949 Dei.
2759 4895 2911 4962 Quod
2938 4907 3018 4950 est
3047 4899 3337 4956 secundum
3368 4901 3556 4969 Deum,
3586 4903 3779 4973 inquit,

2196 4995 2250 5039 et
2275 5000 2342 5040 ex
2371 4985 2572 5056 optimo
2600 4989 2721 5041 vitze
2753 4989 3013 5044 instituto.
3049 4990 3140 5049 20.
3175 4992 3237 5048 Si
3272 5010 3390 5064 ergo
3431 4996 3619 5050 mortui
3663 4999 3784 5050 estis

2197 5093 2307 5131 cum
2349 5077 2569 5134 Christo.
2611 5079 2840 5135 Medium
2873 5081 2999 5137 illud
3033 5085 3180 5154 ponit
3201 5127 3217 5152 ,
3249 5095 3303 5140 et
3329 5087 3469 5156 quod
3500 5097 3584 5143 est
3614 5089 3784 5143 vehe-

2199 5170 2430 5224 mentius
2458 5170 2741 5241 utrimque.
2777 5173 2837 5226 Si
2863 5175 3047 5225 mortui
3073 5177 3192 5228 estis
3226 5193 3337 5229 cum
3363 5176 3566 5232 Christo
3594 5179 3657 5232 ab
3684 5179 3788 5232 ele-

2201 5260 2378 5313 mentis
2405 5260 2555 5332 hnjus
2586 5263 2781 5327 mundi,
2813 5263 2934 5332 quid
2963 5273 3219 5334 nunquam
3261 5267 3475 5322 viventes
3515 5269 3565 5321 in
3592 5271 3786 5323 mundo

2198 5350 2462 5404 decernitis
2483 5351 2510 5404 ?
2527 5350 2641 5406 Non
2665 5351 2822 5406 habet
2843 5357 3279 5424 consequentiam
3303 5375 3314 5410 :
3337 5359 3618 5428 oportebat
3637 5362 3785 5414 enim

2200 5442 2398 5505 dicere,
2442 5443 2720 5512 Quomodo
2748 5455 3016 5514 tamquam
3049 5447 3286 5504 viventes
3311 5451 3632 5520 sulijicimiui
3675 5455 3794 5505 cie-

2203 5535 2434 5589 Iuculis?
2469 5535 2572 5590 Sed
2606 5535 2706 5592 huc
2731 5537 2981 5604 dimisso,
3012 5540 3136 5609 quid
3168 5540 3338 5596 dicit?
3367 5545 3456 5598 2|.
3496 5541 3579 5597 Ne
3612 5546 3790 5614 tetige-

2203 5627 2328 5695 ritis,
2363 5643 2516 5698 neque
2535 5629 2867 5698 gnslaverilis,
2897 5645 3054 5699 neque
3071 5637 3490 5688 contrertnverttis
3516 5653 3530 5687 :
3557 5633 3629 5690 ii
3675 5652 3792 5706 qui!
