4064 6210
381 426 484 483 585

378 548 496 595 sunt
524 536 694 592 omnia
732 537 782 589 in
812 533 1016 589 interitu
1058 530 1168 600 ipso
1198 543 1291 582 usu
1328 522 1601 580 secundum
1633 524 1881 591 praecepta
1911 521 1957 566 et

378 631 637 685 doctrinas
663 628 942 682 hominum.

450 722 506 777 2.
539 721 652 777 Non
680 720 830 782 estis,
864 715 1051 785 inquit,
1083 716 1136 768 in
1169 710 1369 766 mundo
1399 728 1413 763 :
1442 704 1711 779 quomodo
1737 702 1959 772 subjici-

380 811 511 867 mlni
537 809 817 866 elementis
833 810 858 862 2
884 805 1149 877 quomodo
1170 804 1445 858 hominum
1473 793 1961 854 observationibus?

383 905 450 959 Et
478 902 600 956 vide
625 917 781 971 quam
815 900 941 971 illos
960 897 1266 953 ludificetur
1299 913 1313 949 :
1345 892 1421 947 Ne
1450 901 1655 961 tangas,
1680 887 1871 958 inquit,
1895 900 1963 940 ne

380 1003 721 1057 contreetes,
759 1008 825 1047 ne
864 1001 1078 1062 gustes;
1110 989 1259 1059 quasi
1304 987 1378 1040 illi
1409 982 1725 1055 quibusdam
1756 978 1961 1049 magnis

380 1087 732 1141 abstinerent.
787 1083 918 1149 ρηω
961 1091 1077 1136 sunt
1119 1081 1291 1134 omnia
1339 1080 1391 1131 iu
1434 1077 1638 1129 interitu
1688 1075 1799 1143 ipso
1845 1087 1957 1123 usu.

383 1177 668 1239 Multorum
701 1175 894 1244 dejeeit
919 1184 1204 1227 tumorem.
1236 1180 1292 1226 et
1316 1168 1589 1238 subjnnxit
1622 1184 1636 1220 :
1668 1161 1961 1220 Secundum

382 1277 634 1341 pret-cpta
674 1277 721 1321 et
763 1266 1019 1320 doctrinas
1063 1264 1340 1318 hominum.
1372 1260 1507 1327 Quid
1548 1259 1724 1313 dicis?
1750 1253 1958 1311 etiamsi

384 1361 555 1431 legem
577 1359 745 1425 dicas,
768 1373 832 1414 ea
857 1358 965 1426 jam
995 1365 1077 1411 est
1100 1355 1339 1410 doctrina
1370 1353 1641 1411 hominum
1677 1359 1789 1419 post
1821 1356 1961 1402 tem-

381 1468 499 1521 pus.
530 1451 637 1505 Aut
665 1450 734 1503 ita
763 1449 930 1513 dixit,
959 1448 1079 1517 quia
1107 1461 1223 1502 eam
1254 1444 1623 1499 adnlterabant
1664 1456 1726 1495 ac
1760 1439 1956 1509 depra-

380 1544 575 1598 vabant
597 1559 613 1606 ;
639 1549 731 1596 aut
754 1541 912 1596 tacite
937 1538 1198 1608 signiﬁcat
1228 1553 1289 1592 ea
1319 1552 1439 1606 qnze
1467 1544 1589 1589 sunt
1618 1533 1951 1589 Graecorum.

379 1633 595 1698 Totum,
612 1632 897 1703 inquit,est
917 1630 1105 1700 dogma
1128 1645 1219 1684 seu
1243 1628 1516 1682 decretum
1540 1625 1847 1679 humanum.
1865 1622 1955 1677 9.5.

384 1725 514 1792 Qua
530 1734 650 1779 sunt
669 1723 912 1777 rationem
939 1720 1139 1793 quidem
1169 1719 1401 1773 habentia
1427 1718 1687 1788 sapientia:
1703 1718 1754 1769 in
1776 1731 1958 1785 super-

381 1816 584 1870 stitione
610 1823 657 1868 et
682 1813 978 1875 humilitate,
1005 1820 1053 1865 et
1078 1827 1177 1865 non
1204 1810 1273 1863 ad
1298 1809 1603 1881 parcendum
1625 1807 1845 1877 corpori,
1869 1822 1961 1859 nec

382 1907 437 1960 in
469 1905 658 1960 honore
677 1905 895 1975 quodam
918 1903 988 1956 ad
1009 1902 1324 1956 saturitatem
1350 1900 1535 1953 carnis.
1563 1899 1849 1962 Rationem,
1875 1898 1961 1951 in-

386 2000 523 2066 quit,
540 2014 645 2053 non
664 1997 796 2063 vim;
814 2012 943 2066 ergo
965 2010 1064 2051 nec
1086 1994 1382 2050 veritatem.
1401 1991 1756 2061 Quamobrem
1781 1992 1961 2044 etiam-

385 2092 431 2145 si
448 2091 704 2146 rationem
724 2088 923 2144 habeas
942 2087 1237 2158 sapientiae,
1252 2100 1582 2140 aversamur.
1597 2083 1726 2138 Nam
1754 2082 1963 2138 videtur

380 2181 575 2253 aliquis
592 2196 710 2237 esse
730 2181 847 2252 pius
867 2190 919 2235 et
939 2179 1231 2244 modestus,
1250 2187 1302 2233 ct
1319 2192 1513 2247 corpus
1534 2175 1837 2246 despicere;
1863 2190 1959 2231 ne-

378 2290 486 2346 que
512 2285 690 2329 tamen
713 2275 833 2329 talis
852 2282 952 2328 est.
971 2272 1091 2326 Non
1108 2272 1159 2325 in
1177 2272 1367 2325 honore
1379 2270 1548 2341 aliqua
1564 2269 1632 2322 ad
1646 2269 1959 2323 saturitatem

379 2368 566 2421 carnis.
591 2366 729 2421 Deus
759 2366 900 2421 enim
927 2364 1077 2419 dedit
1098 2363 1388 2427 honorem;
1422 2361 1521 2432 ipsi
1549 2369 1727 2416 autem
1751 2375 1855 2415 non
1879 2361 1958 2414 usi

382 2466 506 2512 sunt
541 2472 662 2512 cum
705 2456 929 2512 honore.
960 2456 1051 2511 Sic
1091 2454 1305 2525 quando
1334 2454 1491 2509 fuerit
1516 2453 1708 2523 dogma
1739 2468 1831 2508 seu
1860 2452 1962 2507 de-

379 2558 608 2613 cretum,
640 2547 690 2602 id
728 2549 829 2603 scit
859 2563 1052 2603 vocare
1078 2547 1359 2602 honorem.
1403 2545 1673 2601 Dedecore
1695 2587 1709 2611 ,
1757 2545 1956 2615 inquit,

380 2640 619 2694 alliciunt
668 2655 882 2694 carnem
905 2682 919 2701 ,
950 2655 1068 2695 eam
1102 2640 1372 2708 privantes
1399 2647 1453 2693 et
1484 2646 1795 2707 potestatem
1838 2637 1958 2691 adi-

384 2741 624 2794 mentes;
659 2746 764 2785 non
807 2732 1118 2800 permittens
1159 2742 1216 2784 ut
1265 2729 1575 2784 voluntariae
1618 2728 1959 2784 dominetur:

386 2824 526 2879 Deus
561 2838 776 2878 carnem
830 2823 1129 2879 honoravit.
1181 2822 1330 2892 (Cap.
1361 2816 1439 2886 5ο)
1462 2822 1512 2876 l.
1541 2821 1740 2894 Igitur,
1769 2822 1813 2876 si
1839 2839 1965 2876 cou-

381 2916 669 2970 surrexistis
698 2931 816 2968 eum
840 2914 1064 2979 Christo,
1090 2930 1203 2983 qua:
1227 2931 1429 2968 sursum
1456 2924 1573 2968 sunt
1597 2917 1824 2985 quarrite.
1856 2914 1968 2972 Eos

385 3006 656 3070 conciliat,
682 3021 806 3059 eum
827 3004 1073 3075 superius
1101 3004 1377 3074 probasset
1393 3019 1516 3059 eum
1534 3019 1654 3059 esse
1675 3016 1963 3059 mortuum.

387 3097 673 3167 Propterea
698 3096 826 3152 dicit
860 3114 873 3149 :
906 3096 931 3149 Ι
938 3097 1091 3167 gitur,
1116 3097 1161 3150 si
1187 3097 1577 3152 causari-existis
1601 3114 1716 3151 eum
1742 3096 1962 3164 Christo,

385 3207 501 3261 quc
540 3207 741 3245 sursum
782 3200 898 3245 sunt
941 3192 1168 3261 quaerite.
1216 3190 1329 3245 Non
1370 3200 1454 3247 est
1495 3191 1601 3248 illic
1642 3193 1967 3249 observatio.

393 3280 521 3347 Qua
551 3297 753 3334 sursum
792 3291 908 3335 sunt
936 3281 1176 3351 quau-ite,
1214 3280 1301 3335 ubi
1325 3280 1557 3337 Christus
1582 3292 1653 3338 est
1682 3284 1734 3337 iu
1764 3285 1971 3339 dextera

393 3373 487 3426 Dei
527 3371 728 3427 sedens.
772 3372 931 3441 Papa:
969 3373 982 3427 l
1026 3388 1134 3443 quo
1178 3381 1410 3427 mentem
1458 3384 1692 3429 nostram
1742 3376 1971 3431 evexit?

390 3465 660 3534 quomodo
687 3478 785 3519 eos
821 3480 1017 3536 magno
1048 3465 1289 3536 implevit
1315 3465 1539 3535 spiritu!
1567 3466 1684 3521 Non
1709 3468 1840 3523 satis
1869 3467 1969 3521 ha-

393 3554 506 3609 buit
549 3555 749 3610 dixisse
788 3571 910 3625 qua:
952 3570 1162 3610 sursum
1192 3566 1348 3621 sunt,
1393 3572 1569 3626 neque
1595 3559 1683 3612 ubi
1723 3557 1971 3615 Christus

391 3659 504 3714 est;
534 3649 627 3704 sed
655 3648 817 3720 quid?
848 3647 909 3703 lu
928 3648 1133 3704 dextera
1162 3647 1260 3702 Dei
1287 3649 1484 3703 sedens.
1518 3650 1665 3705 lllinc
1686 3650 1754 3705 de
1772 3661 1974 3707 caetero

390 3741 569 3796 ell‘ecit
609 3748 667 3796 ut
710 3742 769 3796 in
797 3749 995 3797 terram
1037 3758 1142 3796 non
1189 3742 1503 3812 aspiciatur.
1531 3743 1587 3796 2.
1620 3744 1746 3810 Qua:
1771 3761 1972 3799 sursum

393 3844 509 3888 sunt
548 3834 732 3904 sapite,
776 3851 877 3889 non
914 3851 1026 3905 qua:
1054 3851 1206 3903 super
1249 3845 1436 3890 terram
1467 3852 1487 3890 :
1517 3837 1569 3891 5.
1615 3838 1801 3890 mortui
1841 3839 1974 3892 enim

395 3928 513 3982 estis
531 3966 549 3992 ,
579 3936 627 3981 et
651 3928 752 3980 vita
780 3938 943 3981 vestra
968 3927 1261 3983 abscondita
1297 3939 1368 3983 est
1392 3945 1507 3983 cum
1537 3929 1735 3985 Christo
1761 3932 1814 3986 iu
1839 3930 1971 3988 Deo.

395 4018 448 4073 4.
487 4018 616 4073 Cum
644 4029 807 4073 autem
844 4017 1073 4074 Christus
1097 4023 1411 4092 apparuerit,
1435 4022 1538 4075 vita
1569 4037 1751 4087 vestra,
1783 4033 1902 4077 tunc
1927 4033 1975 4079 et

395 4124 481 4163 eos
505 4109 817 4180 apparebitis
842 4127 954 4164 cum
980 4111 1090 4181 ipso
1120 4112 1172 4166 iu
1211 4112 1393 4182 gloria.
1427 4112 1579 4179 Vita,
1622 4115 1825 4185 inquit,
1862 4114 1977 4171 haec

396 4217 500 4257 non
521 4211 603 4258 est
633 4212 808 4257 vestra
831 4219 847 4267 ;
870 4211 953 4257 est
981 4202 1224 4273 quaedam
1251 4205 1351 4258 alia
1384 4207 1489 4259 vita
1518 4214 1713 4260 vestra.
1741 4206 1857 4261 lam
1883 4223 1974 4260 ur-

392 4303 482 4363 get
510 4301 571 4348 ut
595 4308 689 4349 eos
714 4293 1030 4360 transferat,
1058 4295 1414 4350 et-eontendit
1451 4296 1737 4352 ostendere
1761 4313 1856 4351 eos
1885 4314 1975 4352 se-

393 4387 525 4442 dere
555 4399 819 4456 superne,
851 4386 1062 4442 etiamsi
1092 4387 1197 4442 sint
1226 4388 1417 4441 mortui
1437 4430 1451 4452 ,
1481 4404 1547 4444 ex
1581 4390 1823 4458 utrisque
1853 4406 1976 4458 pro-

393 4479 530 4532 bans
578 4492 684 4531 non
727 4492 849 4532 esse
893 4478 1179 4548 qumrenda
1211 4496 1329 4549 qua:
1375 4480 1462 4534 hic
1505 4490 1651 4535 sunt.
1682 4481 1812 4535 Nam
1860 4483 1977 4538 sive

395 4568 593 4623 mortui
644 4570 796 4635 estis,
847 4586 951 4625 non
993 4571 1200 4627 debetis
1252 4588 1524 4641 quairere;
1579 4575 1693 4628 sive
1749 4589 1979 4643 superne

394 4661 549 4727 estis,
578 4675 682 4715 non
710 4661 920 4717 debetis
946 4678 1211 4732 quaarere.
1245 4663 1424 4734 Neque
1448 4675 1668 4734 apparet
1697 4666 1976 4732 Clarisms;

394 4766 525 4822 ergo
568 4767 740 4823 neque
785 4753 890 4808 vita
944 4766 1162 4809 vestra:
1198 4755 1248 4809 in
1282 4756 1391 4810 Deo
1431 4766 1513 4810 est
1548 4756 1687 4825 apud
1733 4774 1979 4828 superos.

398 4843 536 4910 Quid
581 4846 751 4915 ergo?
794 4846 1010 4916 quando
1040 4848 1318 4904 vivemus?
1355 4850 1488 4904 Cum
1516 4850 1764 4907 Christus
1819 4868 1982 4921 appa-

399 4938 591 5003 ruerit,
612 4937 719 4993 vita
746 4949 946 5006 vestra,
972 4948 1099 4994 tunc
1123 4940 1346 5010 gloriam
1374 4942 1615 5010 quzrrite,
1642 4951 1768 4997 tunc
1792 4945 1979 5007 vitam,

398 5038 524 5086 tunc
544 5030 786 5086 delicias.
817 5031 942 5086 llzec
966 5042 1091 5087 sunt
1117 5033 1308 5103 quibus
1335 5034 1435 5089 iter
1464 5037 1632 5088 munit
1650 5075 1666 5100 ,
1698 5046 1752 5090 ut
1773 5051 1868 5092 eos
1888 5038 1983 5092 ab.

398 5121 561 5175 ducat
582 5134 614 5176 a
643 5121 852 5175 deliciis
878 5123 1095 5192 otioque
1121 5132 1177 5178 et
1204 5123 1409 5194 requie.
1441 5124 1537 5179 llic
1561 5134 1645 5180 est
1670 5141 1785 5180 mos
1822 5129 1937 5195 ejus
1962 5168 1978 5193 ,

400 5209 576 5264 utalia
611 5212 842 5280 probans
868 5221 924 5268 et
950 5216 1310 5277 confirmans,
1349 5215 1415 5269 ad
1454 5216 1555 5270 alia
1588 5219 1894 5275 transiliat:
1923 5230 1982 5275 ut

404 5300 474 5356 de
502 5301 567 5356 iis
594 5302 819 5372 loquens
842 5304 931 5373 qui
959 5319 1166 5360 caenam
1206 5306 1586 5377 anticipabant,
1630 5319 1849 5380 repente
1886 5311 1981 5367 de-

404 5391 584 5459 lapsus
611 5404 695 5449 est
728 5394 794 5447 ad
820 5395 1248 5451 observationem
1293 5399 1692 5468 mysteriorum.
1728 5402 1977 5472 Magnum

396 5483 541 5537 enim
567 5483 837 5555 quidpiam
879 5487 1225 5556 reprehensio
1248 5531 1263 5553 ,
1296 5503 1419 5543 cum
1458 5488 1589 5545 facta
1635 5489 1798 5546 fuerit
1843 5493 1977 5550 citra

396 5574 784 5644 suspicionem.
829 5576 1136 5630 Abscondita
1178 5588 1273 5645 est,
1315 5580 1508 5650 inquit,
1549 5594 1578 5634 a
1624 5582 1793 5636 vobis.
1833 5581 1979 5637 Tunc

397 5678 482 5718 vos
506 5679 703 5734 quoque
726 5681 840 5718 eum
868 5682 924 5720 eo
948 5667 1274 5738 apparebitis.
1306 5670 1661 5739 Quamobrem
1694 5688 1833 5729 nunc
1868 5691 1974 5731 non

399 5756 688 5823 δυνατούς.
720 5754 853 5811 Vide
882 5760 1154 5827 quomodo
1179 5774 1277 5815 eos
1306 5762 1552 5817 transfert
1585 5764 1635 5817 in
1664 5764 1832 5833 ipsum
1864 5782 1975 5822 etc-

401 5844 525 5900 lum.
551 5846 684 5902 Nam
717 5847 854 5904 sicut
877 5849 1003 5917 disi,
1037 5867 1250 5923 semper
1275 5856 1546 5911 contendit
1572 5858 1854 5913 ostendere
1878 5875 1974 5917 eos

1236 411 1301 468 IN
1340 407 1552 467 EPIST.
1593 406 1684 463 AD
1720 398 1996 459 (101.055.
2038 396 2191 455 CAP.
2235 396 2323 455 Ill.
2365 399 2594 456 llOMlL.
2640 401 2752 475 ﬁ’ll.

3543 409 3645 465 3w

2069 511 2256 567 eadem
2289 514 2484 572 habere
2511 535 2628 589 (μισ)
2654 518 2932 583 Christus;
2964 532 3017 578 et
3043 538 3136 592 per
3158 540 3341 581 omnes
3377 543 3500 582 suas
3526 531 3646 599 epi-

2067 613 2233 667 Stolas
2254 611 2355 665 hoc
2383 618 2507 680 agit,
2535 621 2590 666 ut
2612 614 2860 668 ostendat
2880 631 2973 669 eos
3000 618 3310 673 societatem
3332 630 3383 674 et
3406 637 3645 676 commu-

2067 706 2280 760 nionem
2310 721 2427 759 cum
2457 721 2520 759 co
2549 706 2746 761 habere
2774 706 2825 759 in
2857 708 3124 763 omnibus.
3157 709 3446 780 Pronterea
3469 722 3522 767 et
3555 728 3646 765 ca-

2065 808 2156 868 put
2188 798 2316 853 dicit
2344 805 2400 853 et
2443 812 2666 867 corpus,
2700 808 2752 852 et
2784 796 2960 855 omnia
3003 799 3148 869 facit,
3197 812 3254 857 ut
3304 802 3405 858 hoc
3444 821 3645 874 repnev

2064 899 2241 945 sentet
2280 899 2332 943 et
2377 888 2649 945 exhibeat.
2692 888 2748 945 Si
2794 905 2923 962 ergo
2969 901 3094 947 tunc
3137 894 3545 962 apparebimns,
3579 913 3645 950 ne

2064 981 2341 1036 doleamus
2367 982 2579 1051 quando
2611 981 2867 1037 honorem
2909 999 3012 1038 non
3042 987 3377 1055 asseqnimnr
3408 1004 3422 1040 :
3457 988 3501 1043 si
3534 989 3645 1045 lucc

2065 1074 2167 1127 vita
2194 1088 2299 1127 non
2327 1074 2560 1139 estvita,
2586 1074 2678 1129 sed
2711 1084 2793 1129 est
2821 1074 3078 1130 absconsa
3100 1118 3115 1142 ,
3149 1089 3418 1149 tamquam
3450 1091 3643 1134 mortui

2064 1165 2322 1220 debemus
2351 1167 2487 1221 hanc
2517 1167 2677 1219 vitam
2708 1166 2906 1222 vivere.
2938 1166 3080 1222 Tunc
3106 1179 3151 1223 et
3178 1187 3281 1236 ros,
3311 1172 3501 1243 inquit,
3530 1190 3643 1226 cum

2061 1258 2174 1328 ipso
2199 1259 2507 1330 apparebitis
2536 1260 2587 1313 iu
2616 1260 2801 1331 gloria.
2835 1259 2902 1314 In
2931 1260 3096 1331 gloria
3127 1262 3259 1317 dixit
3286 1279 3391 1318 non
3422 1266 3518 1319 alis
3545 1282 3603 1321 re
3628 1309 3644 1332 ,

2064 1365 2164 1406 nec
2205 1351 2617 1407 inconsiderate.
2652 1351 2783 1406 Nam
2815 1364 2868 1406 et
2894 1354 3180 1424 margarita
3225 1366 3306 1409 est
3335 1356 3598 1412 absconsa
3628 1401 3641 1423 ,

2062 1440 2316 1510 quamdiu
2356 1440 2517 1496 fuerit
2555 1442 2605 1495 in
2632 1451 2830 1498 ostrco.
2861 1441 2984 1499 Sive
3027 1460 3154 1516 ergo
3181 1448 3499 1501 contumelia
3529 1448 3635 1502 alli-

2063 1533 2289 1595 ciamnr,
2332 1548 2398 1587 ne
2438 1533 2749 1600 doleamus;
2793 1534 2908 1590 sive
2948 1536 3172 1605 quodvis
3202 1541 3505 1608 patiamur:
3537 1558 3639 1594 non

2062 1634 2145 1678 est
2169 1625 2310 1679 enim
2340 1634 2522 1681 nostra
2552 1628 2653 1681 vita
2682 1626 2797 1682 haec
2830 1627 2936 1682 vita
2971 1647 2985 1683 :
3023 1630 3259 1699 hospites
3288 1634 3430 1686 enim
3459 1641 3512 1686 et
3542 1648 3639 1703 pe-

2065 1716 2259 1786 regrini
2290 1732 2516 1783 sumus;
2549 1716 2744 1772 Mortui
2762 1720 2919 1785 enim,
2954 1720 3156 1791 inquit,
3184 1722 3322 1775 estis.
3353 1721 3481 1789 Quis
3509 1723 3643 1777 adeo

2064 1806 2257 1876 desipit
2288 1816 2344 1861 ut
2385 1819 2597 1863 mortuo
2626 1809 2841 1879 corpori
2881 1811 3092 1880 sepulto
3119 1820 3212 1866 aut
3252 1827 3436 1867 servos
3461 1824 3604 1868 emat
3627 1857 3640 1876 .

2067 1908 2157 1953 aut
2190 1899 2378 1955 domos
2407 1901 2633 1957 :edilieet
2654 1943 2668 1969 ,
2699 1912 2789 1956 aut
2817 1905 3079 1974 pretiosas
3111 1916 3289 1960 vestes
3331 1917 3601 1976 comparet
3622 1911 3647 1962 ?

2065 1992 2271 2047 Nullus.
2315 1992 2423 2048 Nec
2454 2009 2553 2049 nos
2581 2010 2708 2065 ergo
2734 2011 2746 2060 ;
2777 1995 2870 2050 sed
2899 1997 3035 2052 sicut
3061 2013 3222 2051 unum
3253 1998 3425 2053 solum
3457 2001 3646 2069 qnmri-

2066 2100 2202 2150 mus,
2239 2100 2303 2139 ne
2334 2086 2506 2140 simus
2535 2086 2716 2140 nudati
2751 2103 2765 2140 :
2798 2086 2866 2141 ita
2896 2087 2981 2142 hic
3007 2103 3220 2159 quoque
3248 2105 3409 2143 unum
3439 2106 3645 2159 quzera-

2063 2192 2204 2232 mus.
2230 2177 2482 2247 Sepultus
2517 2186 2600 2233 est
2641 2187 2823 2234 noster
2850 2179 3053 2249 primus
3078 2180 3263 2245 homo,
3296 2182 3536 2250 sepultus
3565 2193 3648 2236 est

2064 2284 2169 2324 non
2199 2269 2251 2324 in
2279 2278 2442 2333 terra,
2473 2270 2567 2325 sed
2596 2270 2646 2325 in
2690 2286 2862 2340 aqua;
2895 2287 2998 2326 non
3038 2282 3211 2328 morte
3251 2273 3422 2343 ipsum
3455 2274 3646 2330 dissol-

2064 2370 2241 2427 vente,
2273 2361 2365 2416 sed
2388 2377 2453 2416 eo
2478 2362 2565 2431 qui
2591 2372 2813 2416 mortem
2838 2362 3099 2429 disSOll’lt,
3130 2364 3301 2435 ipsum
3324 2366 3645 2434 sepeliente;

2066 2469 2172 2508 non
2202 2454 2317 2524 lege
2349 2465 2573 2520 naturae,
2610 2455 2705 2510 sed
2733 2456 2885 2525 jussu
2912 2456 3132 2512 fortiore
3165 2474 3324 2528 quam
3365 2459 3433 2512 sit
3458 2469 3511 2514 et
3551 2477 3646 2513 na-

2071 2554 2185 2600 tura
2239 2555 2293 2600 ct
2339 2545 2654 2600 dominium.
2685 2545 2817 2601 Nam
2849 2562 2967 2617 quae
3008 2547 3143 2602 facta
3187 2557 3311 2602 sunt
3355 2563 3384 2601 a
3435 2560 3645 2608 natura.

2067 2638 2374 2694 dissolverit
2394 2638 2554 2692 etiam
2572 2638 2832 2709 quispiam
2857 2655 2871 2701 ;
2896 2655 3013 2708 qua:
3038 2649 3216 2694 autem
3246 2640 3314 2694 ab
3334 2641 3449 2709 ejus
3471 2642 3646 2710 jussu,

2067 2746 2426 2802 nequaquam.
2476 2731 2585 2786 llac
2632 2732 2906 2803 sepultura
2951 2731 3081 2786 nihil
3133 2740 3214 2785 est
3255 2733 3461 2786 beatius
3488 2775 3502 2799 ,
3546 2751 3649 2805 qua

2065 2839 2254 2881 omnes
2293 2827 2560 2890 lzetantnr,
2591 2833 2646 2879 et
2680 2824 2855 2893 angeli
2901 2832 2958 2879 et
3005 2823 3249 2879 homines
3292 2833 3343 2878 et
3392 2825 3650 2879 Dominus

2067 2917 2380 2989 angelorum
2411 2932 2427 2972 :
2458 2917 2583 2971 huic
2611 2916 2903 2985 sepultura:
2945 2930 3048 2970 non
3080 2930 3213 2984 opus
3252 2924 3334 2970 est
3378 2916 3613 2970 vestihus
3635 2958 3651 2978 .

2070 3026 2174 3066 non
2225 3011 2421 3077 loculo,
2469 3024 2568 3065 nec
2616 3009 2723 3064 ulla
2768 3025 2826 3064 re
2870 3010 2973 3064 alia
3020 3009 3307 3077 ejusmodi.
3348 3008 3442 3063 Vis
3472 3010 3654 3065 videre

2070 3103 2372 3174 symbolum
2401 3117 2496 3157 seu
2537 3101 2794 3173 signum?
2818 3100 3107 3157 Ostendam
3152 3101 3243 3155 tibi
3286 3101 3564 3171 piscinam,
3601 3102 3652 3156 in
3684 3124 3685 3127 η

2069 3211 2170 3266 qua
2197 3195 2334 3250 alius
2360 3193 2573 3264 quidem
2603 3203 2684 3248 est
2718 3194 2979 3262 sepultus,
3012 3191 3146 3245 alius
3167 3207 3295 3246 vero
3324 3192 3652 3246 resurrexit:

2074 3289 2126 3343 in
2151 3288 2283 3343 mori
2311 3288 2492 3342 Rubro
2520 3285 2751 3342 demersi
2777 3294 2903 3340 sunt
2928 3284 3189 3356 Egyptii.
3223 3285 3583 3341 ascenderunt
3603 3297 3657 3339 et

2072 3387 2426 3450 pervaserunt
2461 3376 2738 3433 Israelitm.
2773 3377 2880 3432 Res
2905 3376 3093 3431 eadem
3132 3376 3292 3430 alimu
3323 3375 3536 3447 quidem
3567 3391 3654 3431 sc-

2072 3471 2223 3541 pelit,
2245 3471 2410 3524 alium
2434 3485 2562 3524 vero
2591 3478 2828 3539 generat.

2144 3565 2198 3619 5.
2216 3562 2293 3617 Ne
2314 3561 2546 3627 mireris,
2571 3560 2614 3615 si
2638 3570 2787 3615 ortus
2808 3569 2861 3615 et
2886 3559 3131 3615 interitus
3148 3559 3217 3614 sit
3241 3559 3293 3612 in
3314 3558 3655 3629 baptismate.

2073 3653 2206 3708 Nam
2232 3693 2247 3719 ,
2275 3653 2361 3708 dic
2389 3652 2517 3707 mihi
2543 3694 2558 3718 ,
2601 3652 2812 3707 solvere
2852 3659 2907 3707 et
2935 3652 3304 3722 conglutinare
3333 3666 3510 3705 nonne
3536 3658 3659 3704 sunt

2074 3744 2377 3802 contraria?
2419 3745 2605 3800 Cuivis
2629 3753 2715 3800 est
2742 3744 3105 3814 perspicuum.
3153 3743 3264 3798 [loc
3310 3742 3435 3797 facit
3475 3741 3656 3812 ignis:
3728 3806 3733 3811 η

2075 3852 2199 3892 nam
2227 3851 2405 3892 ceram
2432 3836 2646 3907 quidem
2680 3834 2920 3890 dissolvit
2946 3843 3001 3890 et
3029 3835 3226 3906 perdit,
3262 3843 3458 3890 terram
3484 3844 3659 3889 autem

2075 3929 2394 3984 metallicam
2422 3926 2786 3998 conglutinat,
2831 3936 2883 3981 et
2915 3943 3103 3982 aurum
3138 3927 3281 3982 facit.
3312 3926 3385 3982 lta
3417 3926 3505 3982 hic
3529 3943 3661 3999 quo-

2075 4036 2201 4090 que,
2233 4035 2441 4076 ceream
2480 4030 2706 4074 statuam
2734 4032 2854 4074 cum
2887 4018 2966 4072 vis
2996 4018 3133 4089 ignis
3159 4018 3440 4084 deleverit,
3474 4034 3570 4088 pro
3596 4033 3656 4072 ea

2077 4130 2264 4170 aurum
2296 4114 2473 4170 reddit
2505 4133 2518 4169 :
2551 4130 2767 4169 eramus
2796 4115 2941 4170 enim
2984 4113 3142 4183 plane
3185 4114 3312 4167 lutei
3359 4123 3483 4167 ante
3517 4114 3664 4171 lava-

2078 4221 2250 4272 crum,
2293 4207 2440 4260 aurei
2467 4215 2646 4260 autem
2681 4216 2886 4273 postea.
2920 4203 3074 4260 Unde
3106 4203 3206 4257 hoc
3248 4203 3500 4259 constat?
3529 4203 3662 4256 Audi

2080 4299 2252 4369 ipsum
2280 4298 2548 4353 dicentem
2583 4314 2596 4349 :
2636 4296 2839 4349 Primus
2868 4296 3017 4348 homo
3047 4311 3075 4349 e
3103 4304 3259 4359 terra,
3292 4303 3548 4360 terrenus;
3582 4312 3662 4348 se-

2080 4389 2274 4443 cundus
2320 4391 2469 4442 homo
2512 4405 2540 4444 ε
2577 4387 2722 4451 (telo,
2773 4387 2986 4441 caelatis
3032 4386 3107 4454 (l.
3147 4385 3264 4441 Car.
3294 4385 3381 4441 15.
3411 4385 3525 4456 47).
3555 4385 3665 4456 Ego

2080 4480 2294 4551 quidem
2327 4478 2435 4533 dixi
2463 4488 2717 4549 quantum
2748 4478 2962 4532 intersit
2990 4478 3132 4532 inter
3156 4478 3325 4531 lutum
3351 4486 3404 4530 et
3429 4491 3618 4530 aurum
3646 4492 3661 4539 ;

2082 4571 2257 4626 inveni
2288 4579 2467 4625 autem
2496 4569 2754 4640 majorem
2777 4567 3134 4623 dill'erentiam
3159 4567 3390 4622 caelestis
3412 4577 3468 4622 ct
3489 4576 3660 4622 terre-

2083 4666 2135 4718 ni
2164 4682 2176 4717 :
2203 4679 2308 4718 non
2339 4672 2542 4718 tantum
2570 4673 2747 4716 autem
2772 4661 2999 4715 interest
3020 4660 3159 4713 inter
3188 4659 3354 4713 lutum
3377 4669 3428 4714 et
3451 4673 3663 4721 aurum,

2083 4765 2335 4827 quantum
2368 4756 2508 4812 inter
2540 4765 2749 4810 terrena
2776 4762 2830 4809 et
2871 4752 3125 4809 czelestia.
3167 4751 3319 4809 Cerei
3358 4767 3573 4808 eramus
3614 4758 3667 4805 et

2088 4848 2215 4902 lutei
2248 4865 2261 4902 :
2293 4861 2394 4902 nos
2423 4848 2562 4902 enim
2592 4844 2862 4916 liquelecit
2899 4844 3113 4898 ﬂamma
3139 4842 3460 4913 cupiditatis.
3494 4841 3663 4895 multo

2085 4939 2253 5010 magis
2297 4954 2453 5010 quam
2484 4952 2663 4993 ceram
2706 4937 2882 5009 ignis;
2931 4944 2986 4992 et
3026 4939 3226 5007 quaevis
3270 4949 3366 4991 nos
3404 4932 3667 5003 confregit

2088 5032 2327 5094 tentatio,
2364 5031 2529 5086 multo
2550 5030 2717 5101 magis
2739 5046 2896 5101 quam
2920 5029 3095 5085 Iuleos
3122 5029 3282 5103 lapis.
3307 5029 3391 5094 Et,
3417 5029 3459 5083 si
3480 5027 3664 5094 vultis,

2084 5125 2451 5180 describamus
2474 5125 2638 5179 vitam
2664 5125 2919 5195 priorem,
2952 5132 3011 5178 ut
3036 5122 3312 5178 videamus
3339 5138 3461 5176 num
3486 5121 3663 5174 omnia

2083 5226 2266 5272 essent
2298 5227 2435 5271 terra
2465 5225 2520 5273 et
2543 5232 2679 5288 aqua
2705 5258 2721 5283 ,
2749 5226 2805 5272 et
2842 5216 3147 5287 hujusmodi
3187 5224 3245 5270 ut
3284 5217 3453 5271 instar
3482 5215 3663 5283 Euripi

2086 5307 2312 5364 fluerent
2336 5317 2387 5364 et
2415 5308 2722 5373 relluerent.
2757 5319 3043 5378 essentque
3070 5307 3232 5361 veluti
3266 5307 3438 5376 pulvis
3460 5350 3475 5372 ,
3508 5309 3664 5380 plane

2087 5401 2348 5456 instabilia
2392 5409 2446 5457 et
2489 5401 2800 5456 difﬂuentia.
2854 5399 2941 5461 Et;
2990 5398 3033 5452 si
3083 5392 3261 5462 vultis,
3294 5398 3665 5458 examinemus

2086 5510 2190 5549 non
2222 5498 2418 5564 priora,
2449 5493 2542 5549 sed
2572 5493 2870 5563 praisentia,
2906 5507 3031 5545 num
3061 5493 3239 5546 omnia
3281 5492 3446 5551 instar
3475 5491 3667 5560 pulve-

2087 5588 2161 5642 ris
2202 5597 2256 5643 et
2292 5603 2445 5657 aquae
2474 5603 2594 5642 esse
2622 5587 2973 5656 reperiamus.
3003 5586 3140 5654 Quid
3170 5589 3309 5640 enim
3339 5588 3418 5642 vis
3458 5603 3554 5640 nos
3585 5587 3665 5639 di-

2086 5680 2253 5734 cere?
2282 5679 2624 5748 magistratus
2649 5688 2704 5733 et
2734 5677 3108 5748 principatus?
3133 5678 3267 5732 nihil
3298 5677 3438 5733 enim
3467 5677 3518 5733 in
3563 5677 3663 5734 hac

2084 5772 2188 5825 vita
2230 5771 2438 5825 videtur
2467 5784 2589 5824 esse
2622 5770 2789 5839 magis
2819 5767 3203 5823 a-mnlaudum.
3243 5768 3347 5825 Sed
3387 5769 3556 5839 magis
3583 5770 3664 5824 in.

2087 5862 2294 5918 veneris
2322 5860 2593 5932 pulverem
2623 5861 2673 5915 in
2692 5876 2824 5927 acre
2853 5869 3118 5926 stantem,
3148 5878 3304 5932 quam
3333 5860 3447 5917 hree
3472 5901 3486 5929 ,
3520 5875 3658 5914 mmo
