4064 6210
427 370 463 424 ’5
474 372 526 429 Π

418 488 668 543 maxime.
695 485 793 544 Cui
832 485 977 542 enim
1017 500 1125 541 non
1156 492 1281 540 sunt
1308 483 1578 554 subjecti?
1622 483 1693 540 lis
1737 483 1827 553 qui
1857 484 2005 553 ipsos

422 588 622 646 amant,
653 579 945 646 eunuchis,
980 579 1045 634 iis
1073 577 1160 649 qui
1194 577 1433 655 pecuniae
1461 575 1629 645 gratia
1664 574 1866 630 faciunt
1891 589 2007 629 om-

423 676 527 737 nia,
564 672 656 726 ira:
684 671 859 741 populi
886 712 902 736 ,
935 670 1295 740 potentiorum
1348 666 1723 738 indignationi.
1754 665 1856 734 Qui
1889 664 2004 723 beri

421 764 666 819 sublimis
709 765 761 818 in
809 763 1093 824 tribunali,
1142 761 1369 818 habebat
1416 774 1694 831 prmeones
1736 759 1844 813 alta
1875 773 2005 814 Voce

421 857 747 919 clamantes,
793 865 845 910 et
890 855 1085 910 multos
1114 861 1537 925 pra-currentes,
1569 862 1623 908 et
1662 853 1714 908 in
1752 851 1869 908 foro
1911 867 2005 907 su-

422 947 585 1017 perbe
611 958 664 1002 et
694 946 924 1018 gloriose
955 946 1281 1010 incedentes,
1313 955 1396 1000 est
1419 944 1577 1000 hodie
1599 944 1736 1010 vilis,
1764 943 2003 1010 humilis,

419 1040 681 1110 abjectus,
726 1040 794 1097 ab
832 1039 1082 1095 onmibus
1127 1039 1233 1095 illis
1273 1038 1519 1094 desertus
1554 1047 1607 1093 et
1650 1037 1843 1103 nudus,
1872 1046 2006 1092 tam-

420 1146 576 1200 quam
612 1131 784 1201 pulvis
818 1131 1158 1198 eventilatas,
1189 1139 1459 1199 tamquam
1491 1128 1629 1186 unda
1657 1145 1775 1200 quae
1812 1139 2005 1199 prmte-

418 1221 511 1276 riit
536 1221 640 1295 (α).
671 1220 820 1277 Sicut
856 1231 1034 1276 autem
1077 1220 1252 1291 pulvis
1280 1221 1544 1275 excitatur
1569 1235 1599 1276 a
1629 1221 1823 1275 nostris
1857 1219 2008 1290 pedi-

418 1311 547 1380 bus,
598 1314 668 1367 ita
697 1313 860 1368 etiam
898 1312 1173 1383 pariuntur
1201 1312 1545 1383 magistratus
1571 1311 1640 1366 ab
1675 1311 1740 1366 iis
1773 1312 1862 1382 qui
1887 1327 2005 1366 ver-

418 1414 605 1460 santur
631 1404 685 1459 in
716 1403 980 1475 pecuniis,
1022 1412 1077 1459 et
1104 1403 1158 1458 in
1189 1412 1299 1457 tcta
1331 1402 1432 1458 vita
1475 1402 1650 1458 locum
1681 1411 1735 1457 et
1760 1400 2005 1457 ordinem

418 1484 620 1553 habent
662 1499 856 1570 pedum
890 1513 906 1551 :
935 1506 989 1553 et
1017 1497 1156 1552 sicut
1183 1496 1359 1568 pulvis
1403 1497 1615 1568 quidem
1643 1511 1763 1550 eum
1793 1495 2004 1551 extolli-

422 1601 525 1651 tur.
556 1605 800 1661 magnam
834 1599 1039 1662 partem
1070 1598 1218 1646 tenet
1243 1589 1405 1655 aeris,
1437 1590 1551 1660 ipse
1578 1600 1757 1646 autem
1781 1597 1864 1645 est
1891 1603 2006 1642 mo-

417 1680 571 1735 dicus
600 1698 612 1733 :
646 1681 715 1734 ita
741 1681 901 1735 etiam
932 1681 1275 1751 magistratus
1303 1698 1316 1735 :
1347 1689 1404 1737 et
1446 1681 1585 1735 sicut
1628 1679 1805 1750 pulvis
1828 1695 2006 1736 excae-

417 1782 505 1827 cat
530 1771 733 1839 oculos,
766 1773 837 1828 ita
864 1772 1025 1830 etiam
1058 1772 1227 1828 fastus
1260 1772 1589 1843 principatus
1622 1772 1779 1829 orbat
1811 1772 2007 1828 mentis

417 1866 623 1921 oculos.

496 1956 763 2023 Quomodo
789 1950 981 2012 divitia:
1020 1973 1166 2013 vana
1203 1958 1374 2013 sime!
1402 1974 1496 2015 nos
1537 1956 1811 2027 aliquando
1857 1956 2006 2026 igno-

423 2051 580 2105 mim'a
620 2050 859 2122 aﬂiciant.
894 2049 1170 2106 Theodosii
1213 2050 1530 2119 imperatoris
1575 2051 1628 2105 iu
1669 2050 2007 2105 Antioclteuos

423 2145 522 2198 ira.
554 2173 627 2184 —-
649 2143 754 2198 Sed
786 2142 912 2213 quid
932 2142 958 2195 .2
1004 2144 1086 2197 vis
1116 2143 1448 2197 excutiamus
1492 2158 1604 2198 rem
1637 2142 1790 2196 valde
1815 2151 2005 2211 optan-

421 2233 569 2301 dam,
605 2249 799 2303 nempe
849 2232 1111 2288 divitias?
1141 2233 1276 2302 Age,
1303 2248 1397 2288 eas
1425 2231 1694 2303 sigillatim
1738 2233 2009 2288 examine-

423 2342 562 2381 mus.
593 2325 800 2381 llabent
830 2325 1050 2381 delicias
1070 2367 1085 2390 ,
1117 2325 1316 2381 habent
1373 2327 1603 2381 honores
1628 2367 1643 2392 ,
1679 2326 1875 2381 habent
1915 2340 2007 2396 po-

427 2418 668 2474 tentiam.
701 2418 874 2488 Atque
930 2418 1159 2488 primum
1212 2418 1462 2488 quidem,
1496 2419 1538 2473 si
1577 2419 1691 2484 vis,
1736 2420 2010 2474 examine-

422 2527 542 2564 mus
571 2509 793 2566 delicias
818 2527 834 2565 :
863 2524 1043 2566 annon
1070 2526 1148 2566 ea:
1175 2520 1303 2567 sunt
1327 2512 1542 2582 pulvis?
1570 2512 1678 2567 imo
1699 2527 1826 2568 vero
1850 2513 2009 2568 citius

423 2605 641 2672 pulvere
689 2612 968 2658 transeunt
1020 2622 1033 2659 :
1090 2619 1212 2658 nam
1262 2603 1329 2658 ad
1377 2603 1612 2675 linguam
1660 2618 1829 2675 usque
1880 2619 2007 2674 per-

424 2695 577 2766 tingit
631 2697 877 2764 voluptas
931 2694 1287 2762 deliciarum;
1340 2712 1462 2751 cum
1521 2706 1702 2752 autem
1760 2697 2007 2767 impletus

422 2788 583 2845 fuerit
628 2798 838 2854 venter,
869 2804 936 2843 ne
965 2788 1032 2844 ad
1080 2788 1318 2860 linguam
1345 2789 1558 2860 quidem
1592 2804 1779 2860 usque.
1809 2789 1878 2844 At
1909 2790 2009 2861 ipsi

423 2882 680 2942 honores.
717 2882 909 2951 inquit,
940 2890 1065 2938 sunt
1094 2897 1184 2939 res
1213 2882 1394 2937 suavis
1426 2888 1482 2937 et
1503 2881 1757 2950 jucunda.
1790 2882 1854 2937 Et
1881 2881 2010 2953 quid

423 2982 507 3028 est
532 2973 624 3028 illo
648 2972 853 3029 honore
875 2974 1170 3039 insuavius,
1187 2988 1308 3028 cum
1339 2971 1599 3029 habeatur
1620 2981 1835 3044 propter
1855 2988 2009 3031 usum

429 3064 709 3134 μεωειῑωῖ
751 3064 883 3121 Cum
929 3080 1034 3118 non
1081 3064 1343 3121 habeatur
1383 3079 1450 3120 ex
1496 3064 1662 3120 libera
1708 3065 2008 3133 electione,

427 3170 601 3225 neque
628 3172 692 3211 ex
737 3155 915 3226 aliqua
945 3155 1108 3210 animi
1132 3155 1429 3221 alacritate,
1462 3170 1568 3213 non
1596 3167 1651 3212 tu
1693 3155 1886 3213 lrueris
1915 3155 2011 3213 bo-

429 3264 580 3315 nore,
612 3248 704 3304 sed
734 3248 953 3304 divitiae.
987 3248 1344 3318 Quamobrem
1376 3249 1478 3305 hoc
1506 3252 1681 3320 ipsum
1722 3250 1846 3306 facit
1872 3250 2010 3306 divi-

429 3350 537 3396 tem
571 3341 801 3395 maxime
830 3341 1068 3394 omnium
1099 3338 1494 3396 inhonoratum.
1521 3339 1678 3409 Nam,
1700 3340 2012 3412 dic,qua:so,

426 3434 471 3488 si
500 3441 552 3488 te
577 3431 865 3488 habentem
890 3431 1124 3487 amirum
1146 3448 1334 3487 omnes
1358 3431 1704 3499 honorarent,
1724 3432 2016 3490 faterentur

429 3534 605 3581 autem
638 3532 690 3581 te
733 3523 949 3596 quidem
981 3525 1179 3579 nullius
1221 3538 1342 3580 esse
1367 3525 1546 3595 pretii,
1578 3539 1797 3581 necesse
1835 3532 2013 3580 autem

429 3632 548 3673 esse
576 3626 630 3671 ut
660 3625 879 3687 propter
907 3614 1061 3671 illum
1089 3625 1141 3670 te
1170 3614 1457 3679 honorent,
1491 3616 1759 3685 quomodo
1788 3625 1839 3673 te
1867 3617 2014 3687 igno-

430 3710 592 3766 minia
645 3709 804 3765 aliter
852 3709 1022 3778 magis
1078 3708 1429 3764 atl‘ecissent?
1482 3708 1664 3780 Itaque
1714 3709 2017 3780 ignominiae

430 3817 591 3857 causa
620 3811 753 3855 sunt
785 3800 942 3854 nobis
966 3800 1191 3865 divitiae,
1222 3810 1279 3855 ut
1305 3816 1425 3871 qua:
1465 3801 1595 3871 ipsis
1622 3801 2019 3871 possessoribus

433 3892 542 3947 sint
573 3891 742 3961 magis
791 3889 1091 3954 honoratae,
1125 3899 1178 3944 et
1221 3890 1606 3947 imbecillitatis
1634 3890 1887 3947 iudicium
1920 3906 2017 3961 po-

434 3983 542 4037 tius
567 3996 726 4053 quam
758 3980 1032 4050 potentizr.
1078 3980 1361 4047 Quomodo
1404 3997 1533 4053 ergo
1561 3997 1665 4037 non
1705 3991 1791 4039 est
1828 3982 2019 4038 absur-

437 4076 589 4139 dum,
621 4081 761 4128 terra
807 4083 859 4128 et
890 4072 1073 4129 cinere
1103 4073 1232 4143 (hoc
1256 4072 1399 4128 enim
1439 4082 1520 4130 est
1544 4075 1756 4146 aurum)
1776 4090 1885 4130 .nos
1911 4091 2018 4131 non

432 4164 724 4222 existimari
742 4178 861 4219 esse
876 4163 1086 4234 dignos,
1119 4162 1211 4219 sed
1229 4178 1324 4218 nos
1344 4172 1562 4233 prOpter
1578 4163 1703 4218 illud
1732 4164 2021 4220 honorari?

434 4258 500 4313 Et
517 4257 724 4312 merito.
745 4254 861 4311 Non
881 4255 950 4309 ita
976 4270 1103 4310 vero
1122 4253 1345 4309 allectus
1369 4264 1451 4310 est
1469 4255 1771 4312 divitiarum
1790 4248 2025 4313 eontem-

434 4359 585 4413 ptor;
606 4347 795 4403 melius
811 4355 893 4402 est
916 4345 1058 4401 enim
1080 4362 1185 4401 non
1205 4345 1453 4401 honorari
1474 4363 1631 4418 quam
1651 4348 1728 4403 sic
1748 4347 2018 4404 honorari.

435 4439 698 4506 Nam,dic,
725 4453 928 4511 quaeso,
965 4437 1009 4493 si
1032 4438 1153 4508 quis
1185 4437 1277 4491 tibi
1307 4436 1529 4504 diceret,
1557 4436 1714 4493 Nullo
1741 4448 1791 4494 te
1822 4437 2024 4494 honore

437 4532 657 4604 dignum
681 4546 801 4588 esse
825 4530 1093 4596 existimo,
1113 4529 1205 4585 sed
1226 4539 1446 4599 propter
1465 4527 1697 4585 famulos
1716 4540 1836 4585 tuos
1856 4537 1908 4584 te
1928 4530 2026 4585 ho-

439 4638 610 4689 noro;
641 4638 708 4678 an
738 4622 836 4678 hac
871 4621 1157 4693 ignominia
1180 4627 1356 4691 potest
1378 4619 1667 4691 quidquam
1689 4634 1809 4677 esse
1836 4619 2024 4691 pejus?

436 4719 491 4775 Si
514 4727 692 4773 autem
717 4725 936 4788 propter
977 4730 1163 4771 servos
1191 4723 1344 4786 turpe
1370 4722 1452 4769 est
1479 4713 1752 4780 honorari,
1785 4715 1873 4781 qui
1902 4722 2027 4767 sunt

437 4810 724 4882 participes
749 4807 989 4880 ejusdem
1016 4809 1167 4879 cujus
1187 4822 1286 4864 nos
1309 4805 1503 4861 anima:
1526 4813 1580 4860 et
1602 4812 1837 4861 naturae:
1858 4802 2028 4859 multo

438 4902 609 4974 magis
637 4911 857 4974 propter
881 4917 942 4957 ea
972 4916 1090 4971 quae
1121 4907 1246 4953 sunt
1272 4897 1354 4954 his
1376 4898 1586 4963 viliora,
1614 4895 1916 4958 domorum,
1942 4895 2027 4949 iu-

440 5010 624 5065 quant,
655 4994 886 5065 parietes
915 4998 972 5045 et
996 4991 1155 5056 atria,
1184 4997 1239 5044 et
1261 5004 1385 5044 vasa
1416 5004 1577 5044 aurea
1606 4997 1661 5043 et
1681 4994 1879 5042 vestes.
1905 4985 2031 5041 llme

443 5103 567 5143 vere
594 5095 718 5142 sunt
747 5084 968 5140 ridicula
996 5092 1045 5138 et
1078 5080 1322 5152 pudenda
1348 5098 1362 5135 :
1387 5082 1579 5136 melius
1602 5088 1688 5137 est
1711 5079 1849 5134 mori
1871 5093 2029 5150 quam

442 5180 521 5235 sic
548 5177 823 5233 honorari.
867 5176 957 5230 Dic
993 5175 1135 5230 enim
1166 5171 1318 5239 mihi,
1350 5173 1393 5227 si
1421 5182 1473 5227 te
1501 5172 1553 5225 in
1581 5171 1682 5226 hoc
1724 5170 1860 5225 fastu
1899 5169 2034 5240 peri-

444 5271 721 5324 clitantem
748 5269 868 5323 vilis
893 5266 1157 5337 quispiam
1209 5274 1262 5318 et
1299 5261 1644 5331 despucndus
1669 5262 1737 5315 ab
1766 5261 1868 5316 hoc
1895 5260 2033 5329 peri-

448 5362 570 5417 culo
599 5360 761 5415 vellet
791 5360 1046 5425 liberare,
1078 5355 1331 5428 quidnam
1363 5354 1466 5410 huc
1490 5363 1632 5408 esset
1666 5352 1851 5423 pejus?
1881 5350 2034 5421 Quod

446 5464 626 5509 autem
671 5452 737 5507 de
778 5451 992 5507 civitate
1023 5452 1161 5505 inter
1209 5464 1303 5504 vos
1360 5447 1560 5514 dicitis,
1593 5445 1717 5501 volo
1762 5444 1912 5499 vobis
1956 5443 2035 5499 di-

449 5561 592 5603 cere.
619 5545 695 5616 (ὁ)
727 5541 862 5601 Eum
888 5544 977 5616 qui
1011 5558 1186 5600 rerqu
1217 5540 1521 5616 potiebatur
1545 5535 1835 5612 aliquando
1864 5535 2036 5591 oll'cn-

514 5705 588 5765 (α)
609 5699 1171 5765 DeEutropiol-Iunueho
1193 5706 1349 5748 actum
1376 5695 1460 5745 fuit
1479 5696 1527 5745 in
1548 5693 1723 5742 Monito
1744 5704 1905 5755 supra.
1925 5698 2037 5740 tvam

453 5761 999 5826 de'e’ogprorsus’loqui
1035 5761 1244 5826 videtur.
1353 5821 1361 5826 _
1436 5818 1446 5826 _
1790 5812 1804 5826 ι
1855 5815 1886 5826 Δ,

516 5810 689 5889 αὖ]ιῖ
714 5810 1036 5885 sequentibus
1060 5824 1259 5884 carptim
1286 5821 1385 5883 agit
1418 5818 1481 5868 de
1514 5815 1756 5867 seditione
1777 5810 2036 5864 Antioche-

1182 365 1242 423 S.
1285 366 1562 424 JOANNIS
1597 364 2067 424 CllllYSOSTOMl
2103 367 2422 426 ARClllEP.
2462 369 2994 430 CONSTANTINOP.

3589 375 3693 433 διδ

2115 484 2192 539 dit
2233 499 2412 542 nostra
2439 490 2651 553 civitas,
2677 497 2735 545 et
2755 491 2915 560 jussit
2938 504 3060 547 eam
3085 489 3256 548 everti
3285 490 3542 561 funditus,
3571 508 3692 550 cum

2111 584 2259 648 viris,
2282 583 2461 653 pueris
2486 592 2540 639 et
2555 583 2822 638 domibus.
2842 583 3000 640 Tales
3034 585 3176 640 enim
3216 595 3340 642 sunt
3366 586 3457 642 ira:
3484 602 3693 658 regum:

2113 674 2361 744 potestati
2391 684 2646 744 quantum
2679 676 2863 730 volunt
2914 675 3190 747 indulgent
3221 694 3237 726 :
3267 686 3469 733 tantum
3497 679 3697 735 malum

2112 773 2195 820 est
2212 775 2468 836 poteStas.
2498 767 2765 838 Eratergo
2790 768 2842 823 in
2875 769 3131 824 extremis
3152 770 3423 840 periculis.
3449 770 3574 826 Haec
3598 786 3694 827 auo

2115 869 2221 914 tem
2239 860 2411 915 vicina
2428 861 2616 916 civitas
2632 861 2896 916 maritima
2916 862 3120 932 rogavit
3138 877 3235 931 pro
3244 862 3400 917 nobis
3412 863 3697 933 Imperth

2112 967 2226 1008 rem
2246 970 2260 1007 :
2279 953 2368 1023 qui
2387 963 2564 1007 autem
2583 961 2819 1008 nostram
2835 952 3697 1017 habitabanteivitatem,dicebaut

2112 1042 2219 1100 hoc
2243 1059 2365 1100 esse
2393 1044 2544 1115 pejus
2567 1060 2727 1115 quam
2755 1045 2895 1100 dirui
2926 1045 3217 1099 civitatem.
3252 1044 3399 1099 Adeo
3423 1045 3501 1100 sic
3526 1044 3702 1100 hono-

2110 1139 2216 1193 rari
2248 1136 2400 1208 pejus
2425 1145 2527 1203 est,
2557 1151 2715 1206 quam
2757 1136 3046 1206 ignominia
3072 1137 3230 1192 aftici.
3260 1136 3394 1192 Vide
3429 1137 3572 1192 enim
3604 1153 3699 1193 uu-

2111 1227 2304 1285 denam
2328 1228 2540 1284 radices
2568 1236 2691 1299 agat
2716 1227 2907 1284 honor.
2938 1226 3242 1297 Coquorum
3281 1243 3473 1284 manus
3496 1228 3692 1286 faciunt

2111 1328 2170 1400 qt
2195 1334 2294 1376 nos
2322 1318 2651 1375 honoremur
2675 1334 2689 1385 ;
2722 1319 3069 1390 quamobrem
3094 1319 3201 1374 illis
3223 1319 3477 1374 debemus
3495 1318 3699 1376 habere

2110 1410 2337 1482 gratiam
2366 1428 2380 1466 :
2408 1418 2465 1466 et
2503 1410 2711 1467 subulci
2752 1410 2949 1465 lautam
2994 1410 3294 1480 pra-beutes
3337 1425 3599 1478 mensam,
3639 1419 3700 1466 et

2113 1516 2352 1562 textores
2387 1513 2443 1561 et
2487 1503 2706 1571 laniﬁci,
2737 1514 2793 1577 et
2826 1504 2915 1574 qui
2947 1503 3161 1558 metalla
3189 1512 3499 1572 operantur,
3526 1511 3581 1560 et
3603 1503 3696 1573 qui

2112 1599 2382 1670 placentas
2406 1597 2680 1664 condiunt,
2707 1600 2796 1667 qui
2825 1605 2879 1651 et
2904 1610 3115 1651 mensas
3143 1603 3410 1650 sternunt.

2183 1691 2239 1748 ι.
2273 1692 2464 1745 Annon
2509 1704 2638 1760 ergo
2684 1689 2877 1751 melius
2925 1696 3008 1742 est
3053 1702 3162 1742 non
3218 1685 3489 1749 bimorari,
3530 1700 3698 1756 quam

2118 1785 2239 1840 talis
2267 1784 2491 1838 honoris
2522 1783 2628 1837 illis
2656 1780 2855 1838 habere
2875 1781 3123 1852 gratiam.
3162 1779 3361 1835 Prmter
3382 1778 3496 1833 lucc
3515 1788 3698 1832 autem

2112 1876 2256 1947 quod
2308 1876 2577 1930 ditescere
2625 1874 2843 1945 plenum
2889 1873 2961 1928 sit
3008 1872 3317 1942 ignominia,
3367 1887 3467 1942 ego
3509 1882 3700 1939 aperte

2112 1970 2350 2026 conabor
2395 1968 2702 2024 ostendere.
2731 1967 2963 2037 Turpem
2994 1966 3116 2022 facit
3160 1966 3390 2020 animam
3422 1983 3435 2019 :
3464 1963 3590 2033 quid
3613 1973 3701 2018 est

2112 2073 2288 2119 autem
2322 2064 2423 2118 hoc
2451 2061 2897 2132 ignominiosius?
2925 2060 3076 2121 Nam,
3094 2058 3412 2128 dic,qua:so.
3436 2058 3479 2111 si
3501 2071 3701 2126 corpus

2112 2169 2253 2213 esset
2279 2156 2602 2228 speciosum,
2651 2165 2702 2210 et
2733 2168 2924 2210 omnes
2960 2167 3222 2223 superans
3263 2152 3696 2222 pulchritmline;

2113 2250 2431 2305 accedentes
2472 2257 2650 2304 autem
2675 2247 2876 2303 divitiae
2917 2246 3299 2318 pollicerentur
3345 2261 3406 2300 se
3448 2245 3499 2297 id
3541 2255 3698 2311 turpe

2116 2344 2368 2402 facturas.
2399 2350 2455 2396 et
2498 2357 2593 2411 pro
2622 2356 2754 2395 sano
2795 2349 3078 2411 agrotum,
3113 2353 3210 2407 pro
3240 2337 3376 2392 bene
3400 2337 3703 2404 composito

2118 2433 2377 2492 tumidum
2430 2442 2486 2487 et
2542 2432 2969 2494 inﬂammatum;
3019 2438 3075 2484 et
3125 2429 3374 2484 omnibus
3443 2427 3699 2483 membris

2116 2527 2378 2582 intercute
2404 2524 2623 2595 repletis
2671 2523 2946 2578 intlassent
2974 2521 3185 2592 quidem
3218 2520 3406 2575 faciem
3426 2560 3442 2584 ,
3466 2530 3521 2573 et
3548 2519 3697 2574 enini

2114 2634 2178 2674 ex
2214 2629 2368 2689 parte
2390 2616 2644 2670 tumidam
2670 2614 2975 2677 redderent,
3005 2613 3166 2683 pedes
3185 2628 3396 2683 quoque
3423 2612 3699 2667 uitiassent

2116 2720 2167 2765 et
2202 2709 2441 2764 trabibus
2469 2707 2725 2762 fecissent
2750 2706 3041 2776 graviores,
3067 2703 3340 2758 inﬂassent
3361 2714 3415 2757 et
3433 2717 3695 2765 ventrem.

2115 2813 2171 2859 et
2194 2802 2499 2858 effecissent
2540 2798 2797 2866 majorem
2838 2798 3026 2866 quovis
3053 2796 3236 2860 dolio;
3268 2806 3449 2864 postea
3477 2809 3605 2849 vero
3629 2810 3699 2849 ne

2117 2897 2183 2951 iis
2211 2893 2450 2964 quidem,
2482 2891 2570 2962 qui
2601 2891 2795 2945 vellent
2821 2904 3032 2953 curare,
3060 2903 3119 2943 se
3152 2890 3505 2958 pet-missuras
3534 2884 3699 2955 proii-

2117 2987 2398 3056 terentur(
2428 3001 2492 3040 ea
2515 2985 2658 3039 enim
2683 2992 2765 3038 est
2792 2983 2954 3036 nimia
2983 2979 3262 3051 potestas).
3291 2979 3386 3035 sed
3411 2995 3468 3034 se
3500 2989 3703 3035 tantam

2116 3083 2335 3141 daturas
2377 3095 2497 3136 esse
2546 3078 2871 3143 libertatem,
2924 3086 2982 3130 ut
3036 3076 3080 3131 si
3128 3075 3249 3142 quis
3297 3072 3584 3128 accederet
3634 3070 3701 3126 ad

2118 3179 2291 3249 ipsum
2323 3172 2659 3231 liberandum
2700 3187 2730 3228 a
2763 3170 2961 3236 noxiis,
3001 3183 3123 3223 eum
3170 3176 3349 3222 essent
3394 3167 3698 3235 puniatrm:

2118 3287 2185 3325 an
2217 3268 2345 3340 quid
2375 3266 2682 3327 immanius,
2709 3277 2912 3334 quasso,
2943 3260 3131 3317 esset?
3154 3258 3286 3315 Cum
3331 3272 3458 3327 ergo
3497 3256 3704 3311 divitia:

2118 3365 2197 3422 sic
2219 3364 2453 3419 animam
2497 3358 2756 3422 alliciant,
2780 3354 3048 3426 quomodo
3087 3368 3174 3408 res
3200 3350 3421 3422 pulchra
3464 3348 3704 3404 lues-inti

2118 3456 2226 3514 Sed
2255 3454 2416 3511 nimia
2444 3460 2682 3523 potestas
2707 3459 2788 3505 est
2817 3449 2933 3516 ipso
2960 3444 3147 3502 morbo
3168 3444 3419 3516 gravior:
3448 3452 3709 3513 aegrotan-

2123 3559 2230 3605 tem
2257 3546 2399 3603 enim
2428 3560 2497 3601 ne
2525 3541 2854 3599 medicorum
2883 3539 3096 3608 quidem
3136 3553 3329 3609 parere
3369 3535 3600 3605 legibus,
3626 3543 3709 3588 est

2121 3642 2340 3713 gravius
2365 3652 2526 3709 quam
2551 3643 2831 3707 aegrotare.
2862 3632 3016 3701 Quod
3060 3631 3253 3687 habent
3285 3640 3341 3686 et
3384 3629 3608 3691 divitia,
3632 3628 3709 3682 fa-

2124 3735 2333 3790 cientes
2378 3731 2526 3787 omni
2575 3744 2641 3784 cx
2693 3737 2843 3798 parte
2893 3727 3247 3781 intumescere
3291 3733 3348 3778 et
3389 3721 3720 3776 inﬂammari-

2123 3827 2381 3891 animam,
2407 3835 2461 3877 et
2487 3822 2833 3892 prohibentes
2860 3819 3096 3874 medicos
3132 3814 3410 3873 aecedere.
3434 3812 3709 3882 Quamob-

2127 3935 2241 3975 rem
2284 3926 2506 3988 propter
2533 3914 2749 3970 nimiam
2774 3920 3098 3984 potestatem
3128 3924 3195 3965 ne
3235 3924 3331 3965 eos
3373 3908 3559 3962 beatos
3586 3920 3710 3973 pro-

2125 4013 2451 4076 nuntiemus,
2485 4009 2578 4065 sed
2624 4023 2808 4063 eorum
2841 4007 3211 4061 misereamur.
3252 4002 3435 4072 Neque
3472 4002 3636 4061 enim.
3663 3999 3707 4053 si

2126 4118 2260 4173 aqua
2288 4102 2554 4157 intercute
2575 4099 2843 4169 jacentem
2871 4097 3120 4162 viderim,
3150 4104 3203 4150 et
3229 4095 3498 4149 neminem
3521 4099 3710 4146 vetan-

2127 4202 2234 4248 tem
2260 4191 2546 4261 quominus
2568 4200 2694 4260 potu
2724 4187 3009 4258 impleatur
3027 4193 3282 4257 quamqu
3311 4183 3437 4237 velit
3461 4190 3518 4238 et
3536 4180 3711 4238 noxiis

2127 4283 2399 4340 carnibus.
2432 4297 2553 4337 cum
2586 4280 2803 4336 beatum
2829 4278 3054 4333 dixerim
3089 4286 3305 4347 propter
3334 4289 3453 4330 eam
3483 4282 3715 4343 potesta-

2130 4388 2257 4434 tem.
2289 4358 2534 4432 Potestas
2577 4375 2719 4429 enim
2771 4388 2877 4427 non
2915 4380 3236 4439 estsemper
3267 4368 3425 4434 bona,
3455 4367 3592 4422 sicut
3616 4364 3719 4420 aed

2129 4470 2364 4526 honores
2394 4486 2408 4523 :
2437 4484 2560 4523 nam
2590 4482 2669 4522 em
2698 4465 2945 4536 superbia
2977 4464 3197 4532 implent
3219 4469 3271 4515 et
3300 4459 3625 4528 arrogantia.
3658 4456 3714 4512 Si

2130 4575 2307 4620 autem
2336 4561 2511 4617 nolles
2538 4574 2735 4628 corpus
2764 4557 3010 4613 morbum
3035 4554 3309 4621 suscipere
3330 4567 3449 4608 cum
3477 4549 3676 4604 divitiis
3700 4590 3714 4609 ,

2130 4657 2398 4730 quomodo
2450 4654 2679 4724 despicis
2734 4652 2988 4715 animum,
3031 4664 3133 4704 non
3189 4647 3327 4701 hanc
3376 4645 3573 4710 solum,
3622 4641 3716 4697 sed

2133 4751 2291 4806 aliam
2336 4762 2551 4819 quoque
2608 4745 2985 4814 suscipientem
3048 4738 3424 4811 punitionem?
3475 4734 3719 4804 Undique

2133 4845 2276 4900 enim
2330 4849 2522 4897 mstuat
2565 4836 2801 4893 febribus
2843 4845 2900 4891 et
2936 4830 3481 4892 inﬂammationibus;
3513 4826 3716 4881 febrem

2135 4934 2283 4991 illam
2339 4946 2499 4988 nemo
2552 4937 2730 5000 potest
2785 4926 3168 4996 exstinguere:
3202 4938 3309 4978 non
3356 4920 3538 4976 sinunt
3571 4918 3715 4972 enim

2135 5026 2337 5083 divitia:
2364 5066 2380 5088 ,
2438 5032 2622 5094 utpote
2669 5035 2790 5092 quae
2838 5018 3154 5073 detrimenta
3216 5012 3539 5086 persuadent
3599 5024 3724 5067 esse

2137 5116 2416 5175 commoda
2447 5132 2462 5170 :
2488 5115 2668 5180 velut,
2700 5112 2966 5169 neminem
3008 5108 3293 5176 sustinere,
3341 5115 3397 5162 et
3439 5119 3534 5174 per
3573 5117 3726 5159 smu-

2138 5225 2281 5264 mam
2326 5206 2592 5262 licentiam
2640 5203 2820 5260 omnia
2859 5216 3036 5272 agere.
3087 5199 3202 5255 Non
3245 5199 3387 5254 enim
3433 5197 3593 5251 aliam
3638 5195 3725 5249 lu-

2139 5331 2342 5377 norum,
2367 5318 2453 5381 qui
2490 5315 2839 5381 plumei-strias.
2862 5319 3046 5381 statuas
3087 5316 3395 5381 everterunt.
3432 5308 3538 5381 Qua
3568 5307 3637 5358 de
3667 5320 3726 5357 re

2139 5372 2418 5443 indignatus
2447 5372 2776 5443 Theudosius,
2800 5376 3046 5443 civitatem
3068 5372 3196 5424 male
3216 5373 3474 5443 mutetare,
3499 5374 3600 5421 imo
3616 5384 3727 5443 per-

2140 5433 2271 5504 dere'
2283 5442 2507 5504 parabat;
2532 5440 2621 5491 sed
2646 5438 2840 5504 tandem
2862 5438 2938 5504 ira
2950 5434 3129 5504 sedata
3146 5434 3453 5504 Antiochenis
3477 5433 3725 5504 pepercit.

2140 5503 2232 5556 Hic
2258 5495 2625 5568 quaeritur’qttge
2654 5502 2718 5550 sit
2749 5497 2829 5548 illa
2866 5498 2986 5547 urbs
3018 5495 3305 5568 Antiochiae.
3330 5495 3570 5568 vieina'ad
3591 5506 3725 5568 oram

2142 5556 2289 5618 maris
2311 5566 2423 5632 sita,
2441 5556 2558 5632 quia
2582 5563 2942 5632 Imperatorem.
2969 5561 3178 5632 rogavit,
3201 5566 3258 5609 ut
3653 5567 3729 5632 ar-

2144 5634 2304 5677 ceret.
2330 5618 2723 5687 Quidaurputant
2744 5620 3025 5687 Seleuciam
3036 5618 3198 5687 luisse
3216 5632 3230 5667 :
3255 5619 3347 5687 sed
3367 5632 3451 5671 res
3472 5618 3521 5668 in
3541 5618 3730 5687 incerti

2144 5677 2383 5738 versatur.
2410 5677 2732 5746 Quod'autem
2754 5681 3005 5747 singulare
3020 5683 3215 5747 omnino
3238 5680 3451 5747 videtur;
3465 5677 3726 5747 malebant.

2145 5751 2302 5813 inquit.
2321 5741 2704 5813 Cluisostomus,
2723 5741 3011 5813 _Alllittt'_heﬂi
3043 5744 3231 5808 perire,
3258 5754 3401 5806 «piata
3436 5743 3573 5792 istim
3596 5741 3729 5791 urbis

2148 5805 2319 5874 rogatu
2343 5823 2371 5859 a
2387 5805 2522 5861 tanto
2551 5805 2771 5873 periculo
2797 5809 2937 5872 eripi.
