4072 6206
324 380 431 439 847

319 496 392 550 τά
421 496 572 550 ὅντα.
608 496 674 549 τί
707 495 815 567 γὰρ
848 496 1028 569 βούλει
1059 497 1268 564 είπεῖνς
1305 496 1407 561 τὰς
1453 495 1627 569 ἀρχὰς
1668 496 1762 551 καὶ
1791 493 1888 558 τάς

317 583 673 648 δυναστείαςς
731 584 922 639 τούτου
977 584 1087 656 γάρ
1141 585 1296 640 οὐδὲν
1332 585 1478 639 δοκεῖ
1526 583 1893 653 ζηλωτότερον

319 669 460 726 εἶναι
489 674 547 724 ὲν
573 670 654 742 τῷ
682 672 912 744 παρόντι
945 673 1067 744 βίῳ.
1111 673 1272 728 Ἀλλά
1312 674 1404 727 τὸν
1435 672 1715 742 κονιορτὸν
1740 669 1892 741 εῦροι

320 775 405 821 τις
448 758 516 811 ἂν
556 757 756 831 μῶλον
791 760 887 817 ἐπὶ
932 760 1024 813 τοῦ
1065 760 1226 832 ἀέρος
1276 760 1588 828 ἱστάμενον,
1624 759 1657 830 ἢ
1696 757 1889 821 ταῦτα,

325 844 560 917 μάλιστα
584 846 703 900 νῦν.
736 847 856 901 Τίνι
885 847 993 919 γάρ
1021 848 1118 919 οὑχ
1156 847 1503 914 ὑπόκεινται;
1536 847 1661 908 Τοῖς
1692 844 1891 916 ἐρῶσιν

322 932 527 994 αὑτῶν.
558 936 667 997 τοῖς
717 933 1010 1005 εὑνούχοις,
1048 936 1159 998 τοῖς
1208 933 1318 988 τῶν
1365 934 1663 1006 χρημάτων
1706 934 1892 987 ἐνεκεν

324 1019 540 1073 ἃπαντα
579 1020 899 1092 πράττουσι,
943 1020 1099 1093 θυμῷ
1127 1022 1325 1090 δήμου,
1361 1023 1553 1091 ὀργαῖς
1579 1021 1686 1075 τῶν
1731 1020 1893 1074 δυνα-

324 1108 597 1178 τωτέρων.
643 1109 703 1161 Ὀ
735 1107 865 1178 χθές
892 1109 984 1163 ἰπὶ
1009 1110 1102 1162 τοῦ
1136 1108 1383 1181 βήματος
1412 1108 1636 1182 ὑψηλὸς,
1664 1110 1693 1161 6
1722 1110 1892 1180 κήρυ·

324 1213 423 1261 κας
462 1196 601 1268 έχων
640 1196 870 1269 λαμπρᾷ
906 1198 971 1269 τῇ
1021 1198 1172 1269 φωνῇ
1223 1198 1482 1269 βοιῖιντας,
1531 1199 1624 1252 καὶ
1665 1198 1892 1263 πολλοὺς

322 1286 450 1345 τοὺς
481 1285 881 1357 προτρέχοντας
911 1284 1009 1338 καὶ
1038 1284 1331 1349 σοϐοῦντας
1363 1285 1506 1340 κατά
1538 1283 1636 1357 τήν
1659 1285 1888 1357 ἀγορὰν,

323 1370 476 1445 [375]
528 1374 767 1442 σήμερον
817 1371 1044 1443 εὐτελὴς
1098 1373 1193 1426 καὶ
1248 1371 1499 1436 ταπεινὸς
1531 1373 1627 1426 καὶ
1671 1372 1889 1427 πάντων

321 1460 546 1513 ἐκείνων
597 1459 803 1530 ἔρημος
855 1459 953 1512 καὶ
1002 1459 1241 1530 γυμνὸς.
1290 1459 1543 1530 καθάπερ
1615 1460 1887 1531 κονιορτὸς

321 1545 761 1618 ἀναῤῥιπισθεὶς,
793 1545 1047 1616 καθάπερ
1078 1545 1256 1617 ῥεῦμα
1289 1546 1580 1618 παρελθόν.
1622 1546 1890 1617 Καθάπερ

319 1634 377 1687 δέ
410 1634 445 1703 ή
467 1634 619 1696 κόνις
655 1634 764 1687 ἀπὸ
796 1631 907 1685 τῶν
936 1631 1114 1686 ποδῶν
1139 1632 1414 1705 ἐγείρεται
1440 1631 1553 1686 τῶν
1572 1633 1887 1706 ήμετέρωνθ

318 1720 463 1773 οὕτω
490 1720 557 1791 δή
576 1720 669 1774 καὶ
700 1721 754 1773 αί
774 1720 943 1791 ἀρχαὶ
971 1720 1079 1773 ἀπὸ
1104 1720 1310 1774 τούτων
1330 1719 1601 1775 τίκτονται
1626 1720 1733 1775 τῶν
1759 1722 1889 1792 περὶ

316 1806 386 1861 τά
414 1808 679 1878 χρήματα
712 1805 1116 1878 στρεφομένων,
1144 1807 1239 1861 καὶ
1269 1806 1445 1862 ποδῶν
1471 1807 1625 1873 τάξιν
1653 1807 1889 1879 ἑχόντων

313 1894 375 1947 ἐν
401 1895 565 1947 παντὶ
600 1891 679 1963 τῷ
728 1892 829 1965 βίῳ
852 1910 868 1925 ο
914 1894 1007 1947 καὶ
1036 1892 1291 1965 καθάπερ
1323 1896 1357 1965 ή
1398 1894 1567 1960 κόνις,
1604 1896 1735 1949 ὅταν
1785 1894 1888 1966 μέν

314 1983 564 2052 αῖρηται,
595 1980 726 2035 πολὺ
747 1981 912 2053 μέρος
936 1981 1157 2052 κατέχει
1174 1980 1268 2035 τοῦ
1298 1981 1482 2054 ἀέρος,
1497 1980 1635 2052 αὑτὴ
1652 1980 1709 2037 δέ
1739 1983 1888 2037 ἐστιν

311 2068 497 2140 ὀλίγη,
527 2066 667 2121 οὕτω
693 2069 790 2122 καὶ
819 2070 853 2139 ή
893 2068 1069 2139 ἀρχήο
1103 2068 1198 2122 καὶ
1234 2067 1487 2139 καθάπερ
1529 2071 1563 2140 ή
1604 2070 1752 2134 κόνις
1799 2088 1888 2124 τυ-

312 2156 441 2225 φλοῖ
472 2157 602 2221 τοὺς
629 2157 965 2228 ὀφθαλμοὺς,
996 2156 1140 2211 οὕτω
1178 2157 1272 2211 καὶ
1306 2157 1408 2229 τῆς
1441 2158 1619 2230 ἀρχῆς
1661 2158 1692 2211 6
1717 2158 1886 2229 τῦφος

314 2246 485 2317 πηροῖ
511 2245 637 2309 τοὺς
667 2243 981 2315 ὀφθαλμοὺς
1007 2244 1107 2317 τῆς
1135 2243 1390 2309 διανοίας.

393 2441 555 2496 Ἀλλά
577 2443 665 2508 τί;
700 2438 877 2513 βούλει
901 2444 963 2498 τδ
992 2443 1323 2498 πολύευκτον
1349 2445 1580 2517 πρᾶγμα
1607 2442 1875 2511 ἐξετάσω-

314 2544 412 2600 μεν
429 2571 446 2596 ,
482 2530 574 2583 τὸν
606 2529 868 2596 πλοῦτον;
898 2530 1051 2602 Φέρε.
1070 2531 1385 2603 καταμέρος
1421 2530 1582 2585 αὐτὸν
1617 2528 1882 2597 ἐξετάσω-

312 2632 431 2686 μεν.
470 2615 626 2688 Ἔχει
670 2617 916 2689 τρυφὴν,
961 2616 1074 2690 ἔχει
1118 2617 1314 2689 τιμὰς,
1348 2617 1461 2690 ἔχει
1499 2618 1561 2672 τὸ
1596 2617 1876 2674 δύνασθαι.

309 2699 533 2772 Πρῶτον
563 2699 677 2767 οῦν,
702 2704 752 2757 εί
776 2703 976 2775 βούλει,
1004 2704 1103 2776 τὴν
1126 2705 1336 2777 τρυφὴν
1359 2703 1702 2776 έξετάσωμεν
1722 2746 1737 2770 ,
1759 2705 1881 2777 οὐχὶ

306 2789 583 2861 κονιορτός
613 2793 765 2857 ἐστις
793 2790 994 2861 μᾶλλον
1025 2788 1081 2845 δὲ
1103 2791 1197 2845 καὶ
1221 2791 1411 2845 τούτου
1443 2791 1739 2863 ταχύτερον
1770 2808 1878 2847 πα-

311 2878 565 2949 ρατρέκει
586 2894 603 2908 ·
648 2878 808 2950 μέχρι
838 2878 945 2951 γὰρ
965 2876 1065 2949 τῆς
1094 2877 1342 2950 γλώττης
1372 2880 1405 2951 ἠ
1440 2879 1598 2953 ἡδονὴ
1624 2882 1722 2951 τῆς
1744 2898 1876 2952 τρυ-

308 2963 415 3033 φῆς
437 2980 452 2995 ·
488 2965 616 3019 ὅταν
651 2962 709 3019 δέ
755 2964 1040 3038 ἐμπλησθῇ
1075 2966 1109 3038 ή
1159 2968 1393 3037 γαστὴρ,
1427 2967 1547 3020 οὑδέ
1584 2967 1743 3039 μέχρι
1776 2968 1878 3039 τῆς

305 3049 572 3121 γλώττης.
626 3050 765 3106 Ἀλλ’
800 3054 962 3107 αὑταὶ
994 3054 1051 3107 αῖ
1093 3055 1253 3125 τιμαὶ
1290 3056 1524 3124 πρᾶγμα
1553 3055 1683 3124 ἡδὺ.
1719 3056 1872 3127 φησί.

308 3139 421 3193 Kal
444 3138 498 3192 τί
516 3137 614 3209 τῆς
632 3141 798 3212 τιμῆς
823 3141 1037 3211 ἐκείνης
1060 3142 1408 3214 ἀηδέστερον,
1427 3143 1555 3196 ὅταν
1579 3141 1666 3196 διά
1686 3143 1878 3214 χρείαν

308 3224 517 3294 γίνεται
550 3229 885 3300 χρημάτων;
923 3228 1095 3283 Ὅταν
1120 3228 1193 3300 μὴ
1227 3229 1290 3282 ἐκ
1314 3228 1710 3299 προαιρέσεως,
1743 3231 1879 3299 μηδέ

310 3313 417 3367 ἀπὸ
457 3315 762 3387 προθυμίας
788 3315 950 3378 τινὸς,
982 3316 1046 3369 οὑ
1082 3316 1145 3370 σὺ
1187 3316 1501 3387 καρποῦσαι
1537 3316 1639 3387 τὴν
1670 3317 1834 3389 τιμὴν
1857 3359 1872 3382 ,

307 3402 423 3457 ἀλλ’
456 3403 485 3456 6
518 3404 766 3463 πλοῦτος.
805 3405 965 3457 Ὥστε
996 3402 1231 3475 μάλιστα
1266 3402 1486 3458 πάντων
1511 3405 1705 3477 ἄτιμον
1732 3409 1879 3461 ποιεῖ

306 3491 398 3544 τὸν
425 3489 755 3544 πλουτοῦντα
782 3489 941 3544 τοῦτο
963 3489 1115 3545 αὐτό.
1148 3490 1282 3545 Είπέ
1303 3490 1412 3563 γάρ
1438 3509 1549 3563 μοι,
1571 3491 1626 3546 εί
1641 3511 1700 3547 σε
1723 3494 1877 3563 φίλον

304 3578 497 3647 ἔχοντα
528 3579 727 3640 πάντες
754 3576 985 3647 ἐτίμων,
1015 3576 1326 3647 ὡμολόγουν
1358 3578 1415 3631 δέ
1445 3579 1504 3631 σὲ
1530 3579 1628 3649 μὲν
1663 3580 1876 3643 οὐδενὸς

303 3661 457 3729 ἀξιον
501 3659 640 3717 εἶναι
660 3706 673 3728 ,
720 3663 1129 3733 ἀναγκάζεσθαι
1156 3664 1214 3718 δέ
1242 3663 1311 3717 δι’
1337 3666 1546 3719 ἐκεῖνον
1576 3668 1743 3738 τιμᾷν
1761 3708 1776 3732 ,
1806 3663 1876 3739 ἦν

303 3752 452 3814 δπως
489 3751 556 3806 ἀν
588 3766 648 3805 σε
678 3750 879 3823 ἑτέρως
911 3751 1223 3822 ήτίμασανς
1264 3751 1427 3805 Ὥστε
1450 3752 1674 3824 ἀτιμίας
1704 3754 1872 3818 αἴτιος

302 3837 335 3893 6
365 3836 592 3901 πλοῦτος
613 3838 748 3908 ἡμῖν
769 3877 783 3900 ,
819 3837 1000 3892 αὐτῶν
1024 3837 1131 3891 τῶν
1166 3838 1521 3911 κεκτημένων
1548 3839 1874 3911 τιμιώτερος

303 3923 414 3992 ῶν,
456 3925 551 3980 καὶ
595 3925 909 3990 ἀσθενείας,
952 3925 988 3997 ἢ
1025 3926 1343 3991 δυναστείας
1385 3930 1707 4000 τεκμήριον.
1748 3928 1873 3993 Πῶς

300 4008 397 4067 οὖν
425 4013 528 4066 οὑκ
557 4011 758 4067 ἄτοπον
777 4010 883 4082 γῆς
906 4013 1001 4066 καὶ
1034 4012 1227 4067 σποδοῦ
1250 4012 1605 4085 (τοῦτογὰρδ
1631 4015 1870 4088 χρυσὸς)

305 4098 384 4172 μή
409 4098 723 4170 νομίζεσθαι
757 4101 903 4170 ἡμᾶς
928 4098 1114 4164 ἀξίους
1132 4096 1293 4166 εἶναι,
1320 4100 1435 4154 ἀλλ’
1461 4102 1607 4173 ἡμᾶς
1635 4103 1702 4157 δι’
1727 4106 1872 4157 εκεῖ-

301 4200 396 4241 νον
421 4185 723 4258 τιμᾶσθαις
755 4185 992 4250 Είκότως
1015 4201 1030 4217 ⁶
1059 4186 1175 4241 ἀλλ’
1203 4188 1303 4258 οὐχ
1329 4188 1362 4241 6
1387 4188 1482 4242 τοῦ
1509 4187 1741 4244 πλούτου
1777 4209 1874 4246 κα-

302 4274 609 4345 ταφρονῶν,
646 4273 789 4327 οὕτω
809 4290 823 4304 ο
859 4276 1106 4346 κρεῖττον
1130 4274 1240 4345 γὰρ
1276 4275 1350 4347 μὴ
1375 4275 1641 4346 τιμᾶσθαι
1668 4277 1701 4348 ἢ
1731 4277 1875 4333 οὑτω

302 4363 587 4434 τιμᾶσθαι.
618 4363 750 4417 Εἰπὲ
781 4364 890 4434 γάρ
932 4380 1043 4434 μοι,
1074 4365 1127 4418 εί
1155 4381 1238 4429 τις
1263 4360 1386 4419 εῐπέ
1420 4382 1520 4433 σοι,
1557 4366 1637 4420 δτι
1686 4369 1752 4421 Σὲ
1778 4369 1871 4421 οὑ-

300 4450 496 4521 δεμιᾶς
524 4450 767 4522 ἡγοῦμαι
791 4452 939 4517 ἀξιον
964 4452 1153 4522 τιμῆς,
1186 4452 1273 4507 διὰ
1304 4454 1360 4507 δέ
1385 4454 1513 4516 τοὺς
1537 4455 1754 4519 οίκέτας
1779 4472 1871 4510 σου

301 4538 451 4610 τιμῶ
481 4554 574 4601 σε,
610 4534 719 4610 ἆρα
749 4538 801 4591 τί
825 4539 1030 4609 ταύτης
1058 4539 1155 4607 τῆς
1187 4540 1411 4611 ἀτιμίας
1439 4541 1648 4610 γένοιτο
1677 4543 1743 4597 ἀν
1764 4546 1874 4613 χεῖ-

305 4639 430 4697 ρονς
468 4626 531 4679 Ei
553 4625 612 4679 δὲ
637 4624 697 4678 τὸ
722 4625 791 4680 δι’
824 4626 1040 4690 οίκέτας
1071 4627 1331 4696 τιμᾶσθαι
1364 4627 1589 4697 αἰσχρὸν
1621 4629 1747 4692 τοὺς
1774 4629 1874 4695 τῆς

303 4713 476 4785 αὐτῆς
503 4712 682 4783 ψυχῆς
713 4715 845 4783 ἡμῖν
879 4715 1267 4779 κοινωνοῦντας
1305 4716 1401 4769 καὶ
1429 4713 1664 4785 φύσεως,
1696 4717 1874 4790 πολλῷ

307 4802 528 4873 μᾶλλον.
575 4801 663 4855 διά
698 4801 931 4874 τούτων,
978 4802 1121 4872 ἀπερ
1154 4803 1303 4857 ἐστὶν
1333 4803 1721 4875 εὐτελέστερα,
1758 4806 1874 4875 τοί-

302 4907 433 4960 χους
475 4889 623 4958 λέγω
657 4890 843 4945 οίκιῶν
882 4892 976 4946 καὶ⁵
1004 4892 1174 4957 non;
1214 4893 1310 4945 καὶ
1347 4892 1515 4964 σκεύη
1559 4896 1738 4965 χρυσᾶ
1779 4896 1874 4949 καὶ

308 4978 519 5047 ίμάτια.
566 4976 745 5040 Γέλως
786 4978 954 5042 δντως
992 4979 1087 5033 καὶ
1137 4978 1364 5051 αἰσχύνη
1416 4979 1629 5035 ταῦτα’
1666 4981 1874 5051 βέλτιον

304 5064 596 5119 ἀποθανεῖν
616 5105 630 5128 ,
660 5064 695 5133 ἢ
734 5062 879 5119 οὑτω
910 5066 1227 5137 τιμηθῆναι.
1267 5067 1404 5122 Είπέ
1432 5070 1543 5139 γάρ
1574 5085 1684 5140 μοι,
1712 5070 1769 5124 εῖ
1790 5071 1876 5135 τίς

306 5169 365 5205 σε
394 5150 777 5205 κινδυνεύοντα
800 5152 858 5203 ἐν
879 5150 958 5221 τῷ
979 5152 1134 5223 τύφῳ
1155 5153 1327 5224 τούτῳ
1346 5155 1569 5227 εὐτελὴς
1593 5157 1688 5210 καὶ
1706 5158 1875 5212 κατά-

305 5254 540 5303 πτυστος
560 5238 835 5304 ἐξελέσθαι
859 5239 1089 5310 ἠθέλησε
1111 5241 1206 5295 τοῦ
1232 5242 1501 5304 κινδύνου.
1521 5246 1574 5298 τί
1595 5245 1661 5298 ἂν
1681 5245 1879 5301 τούτου

305 5327 485 5399 χεῖρον
513 5321 620 5398 ἧν;
653 5327 831 5397 Ὅπερ
849 5326 905 5380 δὲ
929 5329 1054 5399 περὶ
1086 5331 1185 5401 τῆς
1215 5331 1423 5396 πόλεως
1446 5332 1583 5404 πρὸς
1612 5332 1873 5405 ἀλλήλους

305 5413 524 5483 λέγετε.
574 5412 832 5485 βούλομαι
883 5415 1018 5486 πρὸς
1057 5416 1203 5486 ὑμᾶς
1250 5418 1441 5472 εἰπεῖν.
1496 5419 1872 5489 Προαέκρουσέ

308 5516 436 5555 ποτε
472 5500 552 5572 τῷ
580 5498 869 5570 κρατοῦντι
912 5503 946 5572 ή
981 5500 1134 5566 πόλις
1171 5504 1205 5574 ή
1239 5505 1515 5577 ἡμετέρα,
1562 5504 1653 5558 καὶ
1691 5505 1872 5560 πᾶσαν

307 5586 476 5657 αὐτὴν
512 5586 799 5641 ἐκέλευσεν
832 5586 1009 5660 ¹ἀρδην
1038 5589 1334 5643 ἀπολέσθαι
1372 5589 1511 5659 μετά
1539 5590 1748 5661 ἀνδρῶν
1777 5593 1872 5646 καὶ

308 5674 515 5728 τυαωων
534 5675 631 5729 καὶ
662 5674 998 5746 οἰκημάτων.
1026 5675 1267 5730 Τοιοῦτοι
1299 5677 1410 5749 γάρ
1434 5679 1482 5730 οί
1508 5676 1670 5747 θυμοὶ
1696 5678 1746 5731 οί
1773 5677 1869 5749 βα-

312 5760 504 5818 σιλικοί
522 5780 537 5794 ·
572 5763 638 5835 τῇ
668 5762 885 5836 ἐξουσίᾳ
913 5762 1037 5818 ὅσον
1062 5763 1127 5819 ἄν
1154 5763 1371 5830 θέλωσι,
1399 5764 1711 5841 χαρίζονται
1737 5782 1750 5796 ·
1785 5783 1872 5822 το-

1193 380 1258 436 IN
1297 324 1514 437 Elﬁ'l‘.
1556 380 1646 437 AD
1677 376 1965 437 COLOSS.
2005 377 2262 441 CAPJH.
2300 382 2536 439 IIOHIL.
2583 383 2688 439 VII.
2860 449 2868 457 δ

1946 528 1959 537 ι
2006 495 2195 549 σοῦτον
2227 497 2379 572 [576]
2413 500 2447 569 ή
2496 496 2715 564 ἐξουσία
2741 495 2927 550 κακόν.
2962 490 3070 547 Ἦν
3101 488 3195 548 οῦν
3226 494 3283 546 ἐν
3310 491 3572 556 κινδύνοις

3462 381 3571 436 εεε

2000 585 2110 647 τοῖς
2139 585 2408 654 ἐσχάτοις.
2446 584 2508 638 Ἦ
2533 584 2590 638 δέ
2611 583 2804 652 γείτων
2835 584 3008 647 πόλις,
3042 580 3182 651 αῦτη
3204 582 3238 650 ὴ
3273 577 3570 634 ἐπιθαλάσ-

2001 686 2136 736 σιος,
2165 670 2394 727 ἐλθοῦσα
2418 672 2756 743 παρεκάλεσε
2778 670 2869 724 τὸν
2897 669 3119 740 βασιλέα
3142 669 3282 739 ὑπὲρ
3303 667 3480 739 ἡμῶν·
3519 667 3571 719 οἱ

1997 757 2056 811 δέ
2085 759 2185 831 τὴν
2228 760 2383 814 πόλιν
2423 760 2697 824 οἰκοῦντες
2731 761 2830 831 τὴν
2867 758 3141 830 ἡμετέραν
3189 757 3376 825 έλεγον
3411 753 3573 808 τοῦτο

2000 848 2180 917 χεῖρον
2207 843 2346 903 εἶναι
2373 848 2468 903 τοῦ
2497 849 2911 919 κατασκαφῆναι
2944 846 3043 917 τὴν
3072 846 3247 900 πόλιν.
3280 842 3438 898 Οῦτω
3472 839 3571 895 τοῦ

1998 934 2362 1007 ἀτιμασθῆναι
2386 937 2447 990 τδ
2469 936 2613 991 οῦτω
2641 936 2904 1008 τιμᾶσθαι
2924 935 3104 1006 χεῖρόν
3130 936 3266 988 ἐστι.
3293 932 3434 1003 Ὅρα
3458 929 3569 998 γὰρ

2000 1020 2162 1075 πόθεν
2188 1022 2302 1093 έχει
2320 1022 2419 1095 τὴν
2442 1025 2596 1095 ῥίζαν
2618 1026 2651 1095 ή
2674 1023 2827 1094 τιμή.
2864 1021 3156 1091 Μαγείρων
3177 1022 3355 1091 χεῖρες
3384 1014 3567 1070 ποιοῦο

2000 1124 2085 1162 σιν
2130 1111 2277 1180 ἡμᾶς
2309 1110 2569 1182 τιμᾶσθαι
2594 1150 2611 1176 ,
2648 1110 2788 1164 ὥστε
2823 1110 3052 1172 ἐκείνοις
3093 1107 3379 1177 ὀφείλομεν
3407 1104 3567 1174 χάριν

1997 1194 2142 1267 εχειν
2160 1212 2175 1226 ⁶
2207 1198 2301 1252 καὶ
2323 1198 2562 1253 συϐῶται
2584 1198 2917 1271 παρέχοντες
2949 1196 3209 1251 πλουσίαν
3238 1194 3336 1265 τὴν
3364 1191 3566 1264 τράπε.

1998 1287 2119 1353 ζαν,
2149 1290 2243 1345 καὶ
2269 1290 2502 1360 ὑφάνται
2531 1292 2627 1345 xal
2646 1290 2816 1361 ἔριθοι
2851 1288 2946 1343 καὶ
2972 1290 3021 1343 οἱ
3072 1286 3310 1359 μέταλλα
3339 1281 3569 1356 ἐργαζό-

2000 1392 2150 1446 μενοι
2175 1376 2271 1430 καὶ
2297 1376 2743 1432 πλακουντοποιοὶ
2771 1378 2865 1431 καὶ
2889 1375 3298 1450 τραπεζοποιοί.

2062 1565 2125 1622 6.
2160 1566 2267 1621 Τοῦ
2297 1568 2476 1622 τοίνυν
2498 1568 2708 1632 τούτοις
2736 1568 2934 1623 είδέναι
2972 1568 3132 1639 χάριν
3162 1567 3263 1637 τῆς
3301 1565 3467 1638 τιμῆς
3489 1565 3553 1617 οὑ

1996 1656 2203 1727 βέλτιον
2219 1655 2283 1710 τὸ
2305 1656 2380 1728 μή
2397 1657 2657 1727 τιμᾶσθαι
2672 1673 2687 1722 ;
2705 1655 2814 1710 Kal
2839 1656 3008 1726 χωρἰς
3032 1655 3087 1709 δέ
3106 1655 3319 1720 τούτου,
3337 1654 3418 1708 δτι
3448 1656 3568 1707 ἀτι-

1997 1743 2127 1814 μίας
2157 1743 2318 1814 γέμει
2344 1743 2406 1797 τὸ
2430 1742 2701 1808 πλουτεῖν,
2725 1742 2836 1811 ἐγὼ
2859 1741 3043 1810 σαφῶς
3066 1741 3344 1807 ἀποδεῖξαι
3370 1741 3565 1810 πειρά-

1994 1849 2181 1904 σομαι.
2217 1830 2329 1903 Τὴν
2357 1831 2536 1904 ψυχὴν
2566 1830 2797 1904 αἰσχρὰν
2834 1829 3127 1903 ἐργάζεται
3150 1845 3165 1861 ο
3194 1829 3248 1883 τί
3280 1829 3338 1882 δὶ
3375 1826 3564 1882 τούτου

1992 1920 2353 1992 ἀτιμότερον;
2388 1919 2523 1975 Είπέ
2563 1920 2671 1991 γάρ
2713 1936 2803 1991 μοι
2829 1962 2845 1986 ,
2880 1920 2928 1973 εί
2955 1917 3018 1973 τὸ
3050 1917 3207 1989 σῶμα
3233 1917 3433 1986 ὡραῖον
3460 1911 3563 1987 ἦν,

1991 2008 2087 2062 καὶ
2118 2007 2326 2071 πάντας
2363 2006 2530 2062 νικῶν
2573 2006 2651 2079 τῷ
2696 2006 2905 2068 κάλλει,
2935 2008 2964 2060 6
2996 2006 3055 2059 δὲ
3078 2004 3310 2067 πλοῦτος
3342 2003 3566 2074 προσελ-

1991 2095 2100 2150 θὼν
2145 2095 2515 2167 ἐπηγγέλλετο
2557 2096 2803 2166 ποιήσειν
2853 2093 3107 2165 αίσχρδν,
3158 2093 3252 2147 καὶ
3288 2092 3411 2146 ἀντ)⁵
3463 2091 3565 2161 μὲν

1990 2181 2176 2251 ὑγιοῦς
2208 2182 2457 2246 νοσῶδες,
2490 2182 2613 2236 ἀντὶ
2648 2182 2707 2235 δέ
2736 2180 3177 2252 κατεσταλμένου
3210 2181 3564 2251 φλεγμαῖνον,

1989 2271 2083 2324 καὶ
2123 2269 2301 2324 πάντα
2323 2268 2394 2322 τά
2426 2267 2563 2339 μέλη
2595 2268 2787 2342 ὑδέρου
2820 2268 3116 2340 πληρώσας
3144 2267 3433 2337 ἐξώγκωσε
3464 2267 3563 2337 μὲν

1985 2358 2087 2431 τὴν
2107 2358 2250 2427 ὄψιν,
2280 2357 2376 2411 καὶ
2400 2356 2664 2411 πάντοθεν
2692 2357 2948 2429 ἐποίησεν
2970 2356 3242 2420 οίδαίνειν,
3271 2355 3561 2425 ἐξώγκωσε

1985 2446 2043 2501 δὲ
2072 2444 2239 2509 πόδας
2266 2444 2361 2497 καὶ
2384 2443 2493 2498 τῶν
2516 2443 2692 2498 δοκῶν
2722 2443 3055 2517 βαρυτέρους
3090 2444 3365 2515 ἐποίησεν,
3395 2442 3564 2510 ἐξώγ-

1986 2549 2132 2589 κωσε
2169 2532 2227 2587 δέ
2264 2532 2509 2603 γαστέρα
2560 2532 2655 2586 καὶ
2682 2532 2884 2597 παντὸς
2921 2533 3081 2587 πίθου
3119 2532 3343 2603 μείζονα
3376 2531 3565 2602 είργά-

1986 2638 2155 2687 σατο,
2200 2620 2296 2674 καὶ
2339 2619 2479 2691 μετά
2508 2618 2670 2674 τοῦτο
2697 2620 2818 2674 οὑδὲ
2861 2621 2975 2682 τοῖς
3019 2617 3363 2689 βουλομένοις
3404 2617 3565 2690 θερα-

1984 2707 2173 2763 πεύειν
2199 2706 2566 2779 ἐπηγγέλλετο
2593 2706 2972 2778 συγχωρήσειν
3002 2704 3190 2776 (τοῦτο
3213 2703 3323 2775 γὰρ
3351 2706 3384 2774 ὴ
3410 2704 3562 2768 ἐξου-

1985 2795 2134 2861 σία),
2166 2794 2302 2849 ἀλλὰ
2326 2793 2593 2865 τοσαύτην
2617 2793 2810 2847 δώσειν
2841 2791 3178 2862 ἐλευθερίαν,
3208 2790 3349 2845 ὥστε
3380 2791 3446 2844 ἀν
3477 2806 3563 2854 τις

1983 2881 2213 2955 προσείη
2253 2881 2484 2950 ἀπάγων
2527 2880 2635 2935 τῶν
2681 2878 3031 2950 βλαπτόντων
3068 2877 3319 2933 κολάσειν
3360 2877 3523 2930 αὑτόν
3541 2893 3556 2908 ’

1982 2964 2092 3041 ἆρα
2117 2965 2185 3041 ἦν
2214 2970 2279 3025 ἀν
2297 2987 2351 3024 τι
2378 2968 2569 3023 τούτου
2602 2967 2880 3039 ὠμότερον
2898 3007 2914 3031 ,
2952 2965 3072 3020 εἰπέ
3108 2982 3229 3035 μοις
3262 2962 3474 3017 Οὐκοῦν
3498 2963 3562 3017 τὸ

1983 3056 2253 3120 πλουτεῖν,
2285 3058 2414 3112 ὅταν
2440 3055 2540 3128 τὴν
2574 3055 2754 3125 ψυχὴν
2779 3054 2953 3107 ταῦτα
2987 3051 3289 3124 ἐργάζηται
3306 3093 3322 3117 ,
3349 3048 3467 3111 πῶς
3491 3050 3559 3103 ἂν

1982 3144 2068 3215 εῖη
2099 3143 2291 3211 καλόν;
2331 3142 2474 3196 Ἀλλ’
2504 3144 2537 3213 ἡ
2565 3141 2785 3208 ἐξουσία
2806 3142 2976 3211 αὐτῆς
2998 3139 3098 3210 τῆς
3126 3139 3284 3193 νόσου
3313 3137 3559 3208 χαλεπω-

1979 3230 2149 3302 τέρα·
2182 3231 2244 3284 τδ
2289 3230 2397 3301 γὰρ
2435 3228 2694 3284 νοσοῦντα
2735 3227 2870 3299 μηδέ
2909 3227 3097 3296 νόμοις
3136 3225 3336 3297 ἰατρῶν
3372 3223 3557 3278 πείθε-

1982 3317 2138 3382 σθαι,
2162 3316 2257 3371 τοῦ
2286 3318 2461 3370 νοσεῖν
2487 3313 2869 3387 χαλεπώτερον
2892 3331 2907 3346 ·
2941 3314 3078 3385 δπερ
3105 3314 3135 3366 6
3163 3312 3552 3382 πλοῦτοςἹχει,

1980 3404 2314 3474 πανταχόθεν
2344 3402 2699 3472 φλεγμαίνειν
2730 3400 2901 3455 ποιῶν
2931 3399 3030 3472 τήν
3067 3399 3244 3471 ψυχὴν
3262 3440 3280 3464 ,
3314 3399 3556 3463 καὶτοὺς

1983 3492 2200 3564 ίατροὺς
2232 3490 2512 3562 προσιέναι
2554 3488 2798 3546 κωλύων.
2847 3489 3009 3542 Ὥστε
3050 3489 3139 3543 διὰ
3169 3488 3269 3560 τήν
3306 3487 3557 3553 ἐξοδσίαν

1982 3581 2057 3652 μὴ
2102 3580 2495 3651 μακαρίζωμεν
2536 3579 2781 3644 τούτους,
2821 3577 2938 3632 ἀλλ’
2973 3577 3233 3647 ἐλεῶμεν.
3267 3576 3402 3631 οὑδέ
3444 3577 3554 3646 γὰρ

1978 3669 2225 3740 ὑδερικὸν
2274 3666 2395 3722 ιδὼν
2435 3665 2829 3737 κατακείμενον
2850 3705 2865 3730 ,
2906 3666 3001 3719 καὶ
3037 3664 3237 3734 μηδένα
3277 3662 3555 3718 κωλύοντα

1977 3754 2334 3826 ἐμφορεῖσθαι
2377 3754 2671 3825 πομάτων,
2717 3753 2969 3821 ὅσωνπερ
3018 3751 3198 3823 ἤθελε,
3244 3752 3340 3804 καὶ
3376 3751 3559 3822 κρεῶν

1976 3842 2087 3895 τῶν
2114 3842 2458 3913 βλαπτόντων
2476 3882 2491 3904 ,
2523 3839 2837 3912 ἐμακάρισα
2869 3838 2936 3893 ἀν
2965 3838 3131 3893 αὑτὸν
3156 3837 3244 3892 διὰ
3270 3839 3369 3909 τὴν
3402 3838 3554 3904 ἐξου-

1979 3931 2121 3986 σίαν.
2174 3930 2250 3982 Οὑ
2299 3930 2408 3999 γάρ
2445 3927 2720 3997 πανταχοῦ
2757 3929 2791 3998 ἡ
2845 3924 3065 3991 ἐξουσία
3115 3924 3311 3986 καλὸν,
3362 3924 3556 3994 ὥσπερ

1975 4015 2071 4073 οῦν
2114 4018 2234 4072 οὑδὲ
2268 4018 2326 4073 at
2354 4016 2510 4088 τιμαί
2533 4033 2547 4046 ⁸
2584 4017 2679 4070 καὶ
2722 4015 2832 4086 γὰρ
2871 4015 2963 4069 καὶ
2998 4007 3159 4069 αὗται
3206 4006 3554 4085 φρονήματος

1978 4106 2247 4177 πληροῦσι
2275 4103 2491 4161 πολλοῦ.
2527 4104 2590 4158 El
2629 4103 2685 4158 δέ
2711 4103 2773 4156 τὸ
2812 4102 2975 4173 σῶμα
3002 4101 3101 4156 οὑκ
3131 4101 3197 4157 ἂν
3225 4101 3369 4155 εἵλου
3414 4102 3553 4170 μετά

1979 4194 2210 4250 πλούτου
2241 4193 2446 4264 ταύτην
2488 4190 2742 4257 δέξασθαι
2771 4190 2869 4262 τὴν
2898 4190 3073 4253 νόσον,
3105 4189 3222 4253 πῶς
3248 4190 3348 4260 τὴν
3374 4188 3555 4259 ψυχὴν

1978 4284 2259 4355 περιορᾷς,
2289 4282 2411 4351 οὑχὶ
2435 4280 2592 4333 τοῦτο
2620 4279 2800 4349 μόνον,
2827 4277 2963 4332 ἀλλά
2989 4278 3085 4332 καὶ
3107 4277 3305 4347 ἑτέραν
3330 4275 3554 4331 κόλασιν

1977 4368 2306 4439 δεχομένην;
2343 4368 2453 4419 Kal
2509 4366 2618 4436 γὰρ
2669 4367 2929 4435 πυρετοῖς
2979 4363 3241 4418 πάντοθεν
3294 4362 3553 4432 φλέγεται

1978 4457 2072 4511 καὶ
2099 4454 2426 4525 φλεγμοναῖς
2445 4493 2460 4515 ,
2493 4452 2587 4505 καὶ
2612 4452 2702 4505 τὸν
2733 4449 2966 4522 πυρετὸν
2994 4452 3200 4504 ἐκεῖνον
3224 4449 3401 4513 οὐδεὶς
3427 4449 3553 4503 σϐέ-

1980 4560 2070 4597 σαι
2100 4542 2359 4597 δύναται·
2392 4541 2454 4594 οὑ
2482 4539 2590 4611 γὰρ
2626 4539 2851 4610 ἀφίησιν
2886 4539 2917 4591 6
2952 4536 3200 4601 πλοῦτος,
3233 4534 3375 4608 άπερ
3404 4537 3554 4590 ἐστὶν

1978 4629 2367 4703 ἐλαττώματα,
2406 4629 2579 4684 ταῦτα
2635 4628 2829 4691 πείσας
2869 4622 3009 4680 εῖναι
3065 4625 3549 4696 πλεονεκτήματα*

1977 4716 2112 4785 οἷον,
2128 4719 2189 4772 τὸ
2214 4716 2442 4790 μηδενὸς
2463 4715 2773 4787 ἀνέχεσθαι,
2796 4717 2892 4767 καὶ
2912 4710 3128 4785 ἐξουσία
3159 4714 3337 4767 πάντα
3352 4716 3548 4769 ποιεῖν.

1979 4808 2055 4862 Ού
2083 4808 2193 4879 γάρ
2215 4807 2436 4878 εὑρήσει
2464 4821 2548 4868 τις
2572 4803 2740 4874 ἀλλην
2773 4801 2951 4872 ψυχὴν
2974 4800 3243 4855 τοσούτων
3272 4801 3553 4870 γέμουσαν

1980 4894 2285 4966 ἐπιθυμιῶν
2318 4892 2413 4947 καὶ
2436 4890 2607 4955 οὑτως
2638 4889 2883 4951 ἀτόπων,
2915 4888 2992 4952 ὡς
3017 4888 3118 4951 τὰς
3151 4887 3261 4942 τῶν
3292 4887 3551 4958 βουλομέ-

1978 4998 2085 5036 νων
2114 4980 2380 5035 πλουτεῖν.
2414 4978 2593 5040 ῐῐότας
2628 4976 2736 5048 γάρ
2766 4974 3035 5046 ληρωδίας
3061 4976 3160 5046 οὐχ
3199 4975 3552 5046 ὑπογράφου-

1980 5086 2066 5123 σιν
2092 5070 2334 5131 έαυτοῖςς
2370 5065 2585 5120 Μᾶλλον
2614 5062 2720 5117 τῶν
2758 5062 2886 5126 τοὺς
2914 5061 3379 5134 ίπποκενταύρους
3412 5063 3551 5115 ἀνα-

1979 5154 2327 5210 πλαττόντων
2361 5152 2455 5205 καὶ
2481 5149 2579 5213 τὰς
2607 5149 2870 5220 χιμαίρας
2899 5150 2995 5203 καὶ
3024 5151 3151 5213 τοὺς
3184 5148 3547 5221 δρακοντόπο-

1976 5243 2070 5306 δας
2091 5239 2240 5312 [577]
2268 5239 2363 5293 καὶ
2386 5238 2482 5302 τάς
2513 5236 2756 5299 Σκύλλας
2782 5236 2876 5290 καὶ
2902 5237 2973 5289 τὰ
2996 5236 3220 5306 τέρατα,
3250 5235 3349 5289 ίδοι
3368 5250 3452 5299 τις
3480 5234 3553 5288 ἀν

1976 5329 2169 5393 αὑτοὺς
2225 5325 2682 5388 ἀναπλάττοντας.
2731 5321 2851 5376 Κᾶν
2907 5320 3136 5393 θελήσῃς
3181 5320 3360 5375 αὑτῶν
3417 5321 3547 5393 μίαν

1977 5415 2270 5486 ἐπιθυμίαν
2288 5410 2614 5471 ἀναπλάσαι,
2638 5409 2791 5462 οὐδὲν
2807 5406 3151 5462 οῦτεσκύλλα
3172 5407 3293 5463 οῦτε
3312 5408 3548 5483 χίμαιρα

1976 5503 2098 5558 οὕτε
2129 5500 2558 5571 ἱπποκένταυρος
2578 5498 2905 5567 φανήσονται
2935 5496 3070 5567 πρὸς
3084 5494 3184 5569 τήν
3209 5497 3549 5568 τερατωδίαν
3614 5545 3627 5563 ,

1977 5589 2212 5659 ἐκείνην,
2243 5587 2356 5641 ἀλλ’
2382 5586 2636 5657 εὑρήσεις
2665 5583 2843 5638 πάντα
2862 5582 2999 5653 ὁμοῦ
3024 5583 3253 5654 ἔχουσαν
3269 5585 3337 5638 τὰ
3356 5582 3545 5655 θηρία.

1978 5678 2086 5730 Καὶ
2104 5676 2243 5747 τάχα
2264 5674 2330 5746 μέ
2347 5692 2431 5738 τις
2456 5675 2697 5744 οἰήσεται
2716 5672 2773 5725 ἐν
2785 5670 2999 5741 πλούτῳ
3018 5670 3342 5741 γεγενῆσθαι
3367 5670 3548 5742 πολλῷ

1976 5763 2147 5827 οὑτως
2194 5760 2597 5832 ἑπαληθεύοντα
2630 5760 2741 5822 τοῖς
2780 5759 3102 5830 γινομένοις.
3142 5757 3376 5829 Λέγεταί
3420 5775 3543 5824 τις·
