4072 6206
480 370 588 427 549

481 486 743 556 πρότερον
770 484 878 555 γὰρ
900 485 1009 538 ἀπὸ
1035 486 1143 539 τῶν
1172 489 1319 556 παρά
1346 491 1457 552 τοῖς
1484 488 1745 560 Ἕλλησιν
1774 490 2048 562 ᾀδομένων

479 575 569 628 τὸν
602 575 757 641 λόγον
790 573 1134 639 πιστώσομαι
1159 591 1171 604 ⁸
1206 575 1421 643 λέγεταί
1460 595 1543 640 τις
1583 579 1714 649 παρ’
1744 579 1929 641 αὐτοῖς
1960 577 2054 647 βα-

480 662 660 724 σιλεὺς
689 661 942 714 τοσοῦτον
971 662 1248 731 ἐνυϐρίσαι
1282 666 1346 734 τῇ
1377 668 1579 735 τρυφῇ,
1608 664 1751 718 ὥστε
1783 665 2052 719 πλάτανον

478 750 703 817 ποιῆσαι
732 749 962 819 χρυσῆν,
996 750 1089 802 καὶ
1114 752 1343 820 οὐρανὸν
1375 754 1613 816 ἀνωθεν,
1647 756 1740 806 καὶ
1767 754 1909 807 οὕτω
1953 770 2053 807 κα·

477 836 645 900 θίσαι,
679 838 771 889 καὶ
800 837 971 890 ταῦτα
1004 838 1413 908 ὲπιστρατεύων
1453 840 1759 911 ἀνθρώποις
1798 841 2052 911 πολεμεῖν

480 940 544 992 με
555 924 878 994 μαθηκὸσιν.
911 918 1057 995 ’Ἃρα
1091 926 1187 994 οὐχ
1223 928 1672 997 ίπποκενταύρων
1699 928 1839 997 αὕτη
1874 932 1906 998 ἠ
1937 931 2053 981 ἐπι-

477 1008 683 1081 θυμία;
716 1009 826 1081 ἆρα
848 1012 909 1064 06
940 1012 1181 1080 Σκύλλης
1208 1031 1222 1075 ;
1254 1014 1477 1081 Ἕτερος
1506 1014 1668 1067 πάλιν
1700 1017 1778 1078 εἰς
1806 1016 1933 1085 βοῦν
1964 1016 2053 1079 ξύ-

476 1096 618 1151 λινον
639 1098 853 1151 ἐνέδαλε
871 1099 995 1162 τοὺς
1014 1098 1110 1149 ἀνθ
1120 1098 1353 1169 ρώπους.
1378 1096 1523 1171 Ἀρα
1550 1103 1611 1154 06
1632 1102 1841 1155 Σκύλλα
1860 1102 2049 1164 τοῦτος

476 1184 627 1248 Τέως
652 1185 708 1237 δὲ
732 1185 838 1238 τῶν
866 1184 1130 1255 πρότερον
1160 1185 1219 1249 ἐξ
1247 1186 1435 1255 ἀνδρὸς
1456 1191 1687 1255 γυναῖκα
1716 1190 1937 1258 ἐποίησε
1960 1190 2050 1242 τὸν

476 1271 733 1339 βασιλέα,
766 1273 859 1324 τὸν
909 1270 1279 1342 στρατιώτην·
1318 1274 1425 1326 ἀπὸ
1456 1276 1734 1343 γυναικὸς,
1776 1277 1829 1329 τί
1869 1277 2046 1343 είπως

474 1361 660 1430 θηρίον
689 1360 901 1424 ἄλογον,
942 1359 1035 1412 καὶ
1068 1360 1146 1413 έτι
1176 1361 1364 1415 τούτου
1398 1366 1598 1434 χεῖρον.
1635 1365 1715 1418 Τά
1742 1362 1852 1435 γὰρ
1884 1366 2050 1437 θηρία

472 1447 578 1498 ὑπ’)
609 1446 840 1515 δένδρων
871 1447 936 1499 ἂν
966 1441 1019 1519 ᾖ,
1059 1446 1340 1517 ἀνέχονται
1372 1451 1471 1519 τῆς
1502 1452 1737 1518 φύσεως,
1769 1452 1861 1504 καὶ
1883 1452 2049 1504 πλέον

470 1533 623 1585 οὐδὲν
647 1533 989 1603 ἐπιζητοῦσιν
1012 1552 1025 1565 ο
1045 1529 1198 1599 οὗτος
1216 1536 1274 1588 δὲ
1297 1537 1389 1590 καὶ
1411 1538 1517 1589 τῶν
1542 1538 1745 1610 θηρίων
1766 1540 1867 1610 τὴν
1888 1538 2048 1607 φύσιν

471 1620 913 1690 ὑπερηκόντισεν.
947 1616 1091 1691 Ἀρα
1129 1623 1181 1675 τί
1219 1624 1415 1690 γένοιτ’
1442 1624 1509 1677 ἂν
1536 1625 1645 1677 τῶν
1677 1626 2047 1681 πλουτούντων

469 1708 857 1778 ἀνοητότερονς
890 1707 1060 1762 Τοῦτο
1090 1709 1146 1762 δὲ
1173 1711 1280 1763 ἀπὸ
1313 1711 1413 1781 τῆς
1442 1711 1757 1780 πλεονεξίας
1784 1714 1891 1766 τῶν
1925 1716 2047 1769 ἐπι-

471 1795 682 1864 θυμιῶν
701 1796 927 1864 γίνεται.
950 1792 1095 1868 ΊΓΑρα
1110 1798 1230 1869 οὐχὶ
1248 1798 1432 1852 πολλοὶ
1455 1799 1825 1869 θαυμάζουσιν
1848 1801 2043 1868 αὐτόνς

469 1884 757 1955 Τοιγάρτοι
793 1886 887 1939 τοῦ
927 1886 1162 1954 γέλωτος
1204 1887 1549 1941 κοινωνοῦσιν
1578 1888 1747 1959 αὐτῷ.
1784 1890 1954 1943 Τοῦτο
1984 1892 2045 1945 06

467 1971 560 2025 τὸν
610 1973 839 2027 πλοῦτον
888 1975 1135 2039 ὲδείκνυ,
1192 1976 1328 2028 ἀλλά
1366 1978 1465 2045 τὴν
1496 1976 1699 2031 ἄνοιαν.
1754 1977 1911 2047 Πόσῳ
1946 1978 2045 2046 τῆς

468 2060 679 2129 χρυσῆς
707 2062 919 2130 ἐκείνης
947 2062 1218 2114 πλατάνου
1253 2064 1286 2131 ἠ
1310 2062 1410 2132 τῆς
1432 2062 1535 2131 γῆς
1565 2062 1822 2131 βελτίωνς
1846 2064 1913 2116 τά
1936 2064 2044 2135 γὰρ

467 2150 608 2202 κατά
643 2148 803 2218 φύσιν
827 2150 934 2201 τῶν
969 2150 1118 2218 παρά
1157 2152 1317 2218 φύσιν
1354 2152 1508 2221 ἡδίω.
1548 2151 1613 2203 Τί
1638 2152 1694 2205 δέ
1734 2169 1816 2205 σοι
1850 2153 1878 2203 6
1910 2170 2041 2222 χρυ-

469 2235 595 2295 σοῦς
619 2236 848 2306 οὐρανὸς
880 2236 1149 2297 ἐϐούλετο,
1176 2237 1407 2307 ἀνόητες
1446 2239 1606 2310 Ὁρᾷς
1641 2239 1757 2301 πῶς
1783 2239 2041 2308 μαινομέ-

468 2338 591 2385 νους
622 2325 649 2375 6
689 2322 916 2386 πλοῦτος
947 2327 1092 2377 ποιεῖ
1114 2327 1142 2378 6
1169 2325 1367 2389 πολύς;
1404 2325 1520 2389 πῶς
1555 2327 1912 2397 φλεγμαίνεις
1948 2325 2040 2380 Οἷο

471 2426 569 2477 μαι
600 2408 760 2461 αὐτὸν
802 2410 892 2462 καὶ
939 2410 1037 2481 τὴν
1063 2411 1330 2466 θάλατταν
1362 2414 1574 2482 ἀγνοεῖν
1595 2455 1609 2476 ,
1644 2415 1740 2467 καὶ
1769 2414 1911 2483 τάχα
1954 2414 2043 2484 βα-

464 2494 631 2561 δίζειν
658 2495 943 2564 βούλεσθαι
974 2498 1060 2551 ἐπ’
1092 2499 1282 2568 αὐτῆς.
1316 2496 1461 2570 τΑρειι
1481 2501 1540 2553 06
1572 2500 1803 2572 χίμαιρα
1830 2502 2038 2565 ταῦτα;

467 2578 575 2652 ἆρα
614 2583 712 2653 οὐχ
746 2584 1209 2655 ἱπποκένταυρος;
1260 2586 1398 2639 Ἀλλ’
1435 2588 1540 2641 εἰσὶ
1570 2589 1664 2641 καὶ
1692 2587 1787 2640 νῦν
1822 2606 1963 2652 τινες
1990 2589 2039 2642 οἳ

463 2669 585 2731 0666
626 2670 834 2723 ἐκείνου
876 2671 1226 2736 ἀποδέουσιν,
1286 2674 1421 2727 ἀλλά
1465 2675 1643 2745 πολλῷ
1693 2676 2038 2746 ἀνοητότεροι

461 2757 821 2827 τυγχάνουσιν
871 2758 1043 2822 ὄντες.
1079 2760 1143 2812 Τί
1191 2760 1333 2833 γὰρ,
1370 2763 1492 2815 εἰπέ
1529 2781 1650 2832 μοι,
1701 2764 1801 2832 τῆς
1832 2763 2039 2833 χρυσῆς

462 2845 737 2898 πλατάνου
767 2846 1085 2917 διαφέρουσι
1116 2851 1256 2902 κατὰ
1280 2849 1468 2904 ἄνοιαν
1487 2851 1536 2903 οἱ
1566 2851 1805 2919 κεράμια
1833 2850 2041 2905 ποιοῦν-

460 2948 552 2996 τες
583 2935 761 3003 χρυσᾶ
801 2934 893 2985 καὶ
925 2933 1131 3004 χύτρας
1168 2936 1261 2988 καὶ
1286 2936 1640 3007 ἀλάϐαστρα;
1680 2936 1743 2989 Τί
1774 2938 1829 2990 δὲ
1862 2940 1917 2990 αἱ
1948 2955 2040 3006 γυ-

462 3023 648 3084 ναῖκες
677 3019 1035 3091 (αἰσχύνομαι
1065 3021 1163 3091 μὲν
1187 3019 1299 3089 οῦν,
1324 3024 1461 3093 πλὴν
1483 3026 1779 3092 ἀναγκαῖον
1802 3024 2033 3095 εἰπεῖν),

384 3146 393 3155 .
460 3107 659 3175 ἀμίδας
704 3109 951 3178 ἀργυρᾶς
999 3108 1284 3172 πἰιοῦσαις
1334 3110 1509 3180 Ὑμᾶς
1554 3111 1904 3178 αἰσχύνεσθαι
1940 3114 2037 3175 τας

459 3193 633 3248 ταῦτα
678 3195 936 3258 ποιούσας
975 3195 1103 3250 ἔδει.
1142 3196 1245 3249 Τοῦ
1277 3198 1512 3268 Χριστοῦ
1551 3197 1938 3267 λιμώττοντος,
1972 3199 2035 3252 σὺ

460 3281 603 3334 οὕτω
642 3284 887 3352 τρυφᾷςς
931 3284 1132 3353 μᾶλλον
1162 3284 1218 3337 66
1263 3284 1639 3355 ἀνοηταίνειςς
1685 3287 1842 3340 ποίαν
1876 3279 2036 3339 αὗται

461 3368 683 3422 κόλασιν
710 3369 769 3421 06
798 3370 1067 3436 τίσουσιν;
1099 3372 1220 3424 Ἔτι
1249 3367 1341 3425 οὖν
1372 3375 1602 3444 ἐρωτᾷς,
1627 3373 1714 3425 διὰ
1736 3376 1788 3426 τί
1818 3373 2034 3444 λῃσταὶ,

458 3455 548 3509 διὰ
580 3456 631 3509 τί
667 3456 1007 3527 ἀνδροφόνοι,
1040 3457 1130 3511 διὰ
1165 3459 1216 3511 τί
1250 3461 1319 3512 τα
1348 3460 1511 3522 κακά,
1551 3458 1722 3523 οὕτως
1767 3462 1910 3531 ὑμᾶς
1942 3461 2035 3514 τοῦ

458 3545 708 3599 διαϐόλου
742 3546 1193 3617 παρασύραντος;
1226 3548 1298 3600 Τὸ
1337 3550 1434 3619 μὲν
1479 3550 1588 3622 γὰρ
1622 3552 1848 3605 πινάκια
1893 3551 2037 3622 ἔχειν

458 3634 710 3704 ἀργυρᾶ,
738 3634 861 3688 0666
889 3633 1047 3688 τοῦτο
1075 3634 1172 3705 μὲν
1200 3635 1340 3688 κατά
1366 3637 1652 3705 φιλόσοφον
1677 3638 1873 3710 ψυχὴν,
1902 3640 2038 3692 ἀλλά

457 3722 670 3790 τρυφῆς
703 3721 761 3774 τὸ
793 3723 933 3774 πᾶνο
974 3721 1035 3772 τὸ
1056 3721 1113 3773 66
1142 3723 1236 3775 καὶ
1267 3723 1433 3793 σκεύη
1464 3720 1746 3794 ἀκάθαρτα
1776 3729 1946 3778 ποιεῖν
1980 3726 2039 3791 ἐξ

458 3805 726 3876 ἀργύρου,
760 3802 869 3874 ἆρα,
907 3807 1151 3876 τρυφῆς;
1190 3807 1305 3858 ἀλλ’
1339 3809 1439 3860 ούκ
1467 3809 1532 3860 ἂν
1568 3810 1776 3879 εἴποιμι
1801 3813 2034 3880 τρυφῆς,

458 3892 575 3945 ἀλλ’
611 3890 795 3954 ἀνοίας
816 3908 829 3919 ·
862 3892 977 3945 ἀλλ’
1016 3892 1137 3944 066‘s
1171 3892 1349 3959 τοῦτο,
1387 3894 1524 3947 ἀλλά
1567 3895 1782 3964 μανίας.
1837 3897 2037 3966 μᾶλλον

457 3979 514 4032 δὲ
550 3978 642 4031 καὶ
676 3978 872 4045 μανίας
902 3979 1107 4048 χεῖρον.

529 4070 591 4117 ε’.
610 4058 740 4117 οἶδα
765 4065 849 4116 ὅτι
879 4064 1062 4116 πολλοί
1093 4082 1160 4134 με
1191 4065 1542 4136 κωμῳδοῦσιν
1572 4068 1661 4121 ἐπὶ
1700 4068 1894 4141 τούτῳ,
1921 4071 2035 4126 ἀλλ’

459 4155 558 4207 οὐκ
588 4153 1006 4224 ἐπιστρέφομαι,
1046 4155 1205 4224 μόνον
1245 4154 1483 4222 γενέσθω
1514 4175 1568 4209 τι
1603 4158 1785 4212 πλέον.
1829 4162 2036 4226 Ὄντως

457 4242 719 4312 ἀνοήτους
754 4245 899 4296 ποιεῖ
932 4244 991 4297 τὸ
1022 4243 1274 4298 πλουτεῖν
1313 4245 1406 4299 καὶ
1446 4247 1828 4317 μαινομένους.
1863 4252 1922 4303 Εἰ
1957 4270 2042 4305 το-

460 4332 630 4404 σαύτη
660 4326 954 4406 [3781ἦνὴ
984 4335 1291 4405 περιουσία,
1324 4336 1701 4408 ἐϐουλήθησαν
1718 4338 1783 4393 ἂν
1814 4342 1907 4394 καὶ
1936 4342 2037 4412 τὴν

456 4423 562 4493 γῆν
580 4419 718 4476 εἶναι
746 4424 975 4493 χρυσῆν,
1004 4426 1097 4478 καὶ
1129 4424 1342 4494 τοίχους
1373 4427 1627 4496 χρυσοῦς,
1652 4428 1794 4498 τάχα
1828 4430 1924 4483 καὶ
1946 4430 2038 4483 τὸν

455 4509 682 4579 οὐρανὸν
711 4510 802 4562 καὶ
832 4510 923 4563 τὸν
945 4512 1081 4582 ἀέρα
1104 4512 1211 4565 ἀπὸ
1238 4513 1463 4583 χρυσοῦ.
1494 4515 1588 4577 Τίς
1619 4519 1650 4583 ἠ
1680 4517 1864 4585 μανία,
1895 4518 1979 4581 τίς
2003 4520 2036 4589 ἡ

455 4597 848 4667 παρανομία⁸;
879 4598 1007 4661 τίςό
1038 4599 1306 4669 ιπυρετός;
1339 4600 1564 4671 Ἕτερος
1589 4602 1665 4671 τῷ
1696 4604 1894 4674 κρυμῷ
1925 4605 2036 4658 δια-

456 4681 736 4753 φθείρεται
768 4684 798 4734 6
834 4686 958 4737 κατ’
994 4684 1176 4738 εἰκόνα
1217 4685 1375 4751 Θεοῦ,
1409 4687 1473 4739 σὺ
1518 4687 1574 4739 δὲ
1608 4688 1833 4742 τοιαῦτα
1863 4707 2035 4743 κατα-

457 4772 776 4836 σκευάζεις;
814 4774 877 4825 “ﬂ
919 4771 1014 4825 τοῦ
1052 4772 1223 4842 τύφου
1247 4792 1262 4806 ο
1293 4774 1346 4828 τί
1388 4774 1456 4828 ἂν
1502 4775 1663 4828 πλέον
1712 4778 2059 4848 μαινόμενος.

455 4858 713 4929 ἐποίησε;
744 4858 811 4912 τά
829 4859 1242 4929 ἀποπατήματα
1270 4860 1410 4915 οὕτω
1431 4864 1616 4934 τιμᾷς,
1642 4863 1781 4917 ὥστε
1810 4864 2037 4938 ἀργύρῳ

455 4945 848 5015 ὑποδέχεσθαι;
890 4941 1023 5000 Οἶδα
1068 4948 1149 5001 ὅτι
1203 4951 1441 5019 ναρκᾶτε
1481 4949 1796 5016 ἀκούοντες,
1823 4953 1938 5007 ἀλλ’
1976 4957 2033 5008 αἱ

458 5034 712 5087 ποιοῦσαι
746 5036 955 5106 ναρκᾷν
984 5035 1278 5103 ὀφείλουσι,
1320 5038 1415 5090 καὶ
1442 5038 1489 5091 οἱ
1520 5041 1632 5101 τοῖς
1657 5040 1923 5105 τοιούτοις
1957 5060 2039 5096 νο-

457 5122 694 5191 σήμασιν
730 5122 924 5193 ἄνδρες
963 5122 1428 5192 ύπηρετούμενοιί
1466 5124 1734 5179 ἀκολασία
1779 5128 1887 5198 γάρ
1917 5129 2035 5180 ἐστι

456 5211 549 5262 κα)⁵
578 5208 797 5278 ὠμότης
832 5208 926 5261 καὶ
955 5208 1319 5279 ἀπανθρωπία
1353 5211 1447 5262 καὶ
1476 5209 1740 5281 θηριωδία
1764 5216 1859 5268 καὶ
1886 5215 2039 5268 ἀσέλ-

455 5314 580 5365 γεια
606 5299 779 5351 τοῦτο.
818 5298 953 5351 Ποία
999 5297 1229 5361 Σκύλλα,
1272 5298 1400 5350 ποία
1443 5299 1700 5370 χίμαιρα,
1733 5305 1883 5365 ποῖος
1907 5302 2036 5372 δράο

457 5399 569 5440 κων
590 5425 606 5448 ,
650 5385 849 5456 μᾶλλον
879 5386 935 5439 66
977 5388 1128 5449 ποῖος
1150 5385 1380 5455 δαίμων,
1409 5389 1559 5451 ποῖος
1590 5388 1835 5453 διάϐολος
1865 5390 2037 5446 ταῦτα

412 5528 427 5551 ,
460 5473 526 5526 ἂν
570 5473 831 5544 ἐποίησας
866 5474 930 5525 Τί
966 5474 1057 5527 τοῦ
1105 5473 1340 5545 Χριστοῦ
1384 5475 1610 5543 δφελοςς
1643 5476 1694 5529 τί
1720 5477 1777 5531 δὲ
1817 5478 1915 5547 τῆς
1945 5479 2035 5532 πί-

462 5576 650 5625 στεως,
674 5563 803 5615 ὅταν
823 5560 1123 5630 ἀνθρώπων
1143 5562 1401 5634 ἀνέχηταί
1420 5563 1445 5603 b
1464 5580 1550 5627 τις
1581 5564 1870 5636 Ἑλλήνων,
1902 5568 2039 5636 μᾶλ-

521 5731 557 5796 ³η
576 5730 828 5803 Ιιιιριςρτρε
848 5733 1063 5803 ιιιιὶηιις,
1085 5733 1168 5796 qui
1195 5741 1549 5799 verterat,quw
1566 5736 1775 5789 amentia
1794 5737 1818 5790 ?
1840 5740 2037 5792 videtur

462 5789 643 5850 lcgix‘sc
667 5789 735 5846 τίς
758 5796 785 5847 ἡ
806 5797 1054 5855 παράνοια.

1188 370 1245 423 S.
1284 369 1572 426 JOANNIS
1609 369 2098 428 CIIRYSOSTOMI
2151 370 2472 432 ARCHIEP.
2512 370 3061 430 CONSTANTINOP.

3631 370 3737 425 350

2164 488 2254 541 λον
2277 488 2334 542 66
2362 491 2463 560 οὐχ
2507 489 2775 560 Ἑλλήνων
2794 528 2811 551 ,
2842 485 2979 539 ἀλλά
3007 484 3314 555 δαιμόνωνς
3349 485 3413 537 Εἰ
3442 489 3624 559 χρυσῷ
3650 486 3744 540 καὶ

2163 577 2530 648 μαργαρίταις
2558 578 2657 647 τὴν
2689 573 2931 644 κεφαλὴν
2975 575 3201 641 κοσμεῖν
3228 572 3288 624 06
3314 572 3429 633 δεῖ,
3474 574 3503 625 6
3534 574 3612 643 τῷ
3638 574 3742 645 ἀρ-

2160 662 2311 733 γύρῳ
2350 664 2429 725 εἰς
2469 663 2778 733 ἀκάθαρτον
2808 660 2981 723 οὕτως
3014 658 3317 728 ὑπηρεσίαν
3365 658 3740 729 κεχρημένος,

2161 749 2321 813 ποίας
2343 748 2670 818 συγγνώμης
2698 747 2983 814 τεύξεται;
3009 747 3108 799 06x
3130 746 3292 815 ἀρκεῖ
3316 745 3383 797 τά
3406 745 3589 811 λοιπὰ,
3619 747 3743 800 καί-

2160 853 2241 889 τοι
2270 854 2334 903 γε
2363 837 2481 889 0666
2511 838 2692 888 ἐκεῖνα
2724 835 2948 899 ἀνεκτὰ,
2974 834 3233 903 καθέδραι
3264 834 3358 886 καὶ
3386 834 3655 887 ύποπόδια
3681 834 3741 900 ἐξ

2159 926 2399 995 ἀργύρου
2427 927 2636 988 πάντας
2660 927 2837 978 καίτοι
2863 925 2956 976 καί
2980 922 3157 976 ταῦτα
3183 922 3386 985 ἀνοίας.
3428 922 3590 975 ’Λλλά
3611 940 3744 977 παν-

2157 1015 2323 1085 ταχοῦ
2349 1018 2376 1068 6
2401 1015 2564 1083 τῦφος
2588 1018 2616 1067 6
2639 1014 2915 1086 περισσὸς,
2947 1012 3222 1081 πανταχοῦ
3247 1013 3280 1080 ή
3307 1011 3582 1078 κενοδοξία
3605 1031 3619 1044 ·
3649 1014 3741 1066 06-

2157 1102 2332 1171 δαμοῦ
2369 1103 2469 1172 τῆς
2513 1102 2703 1172 χρείας
2727 1142 2741 1164 ,
2787 1099 2923 1153 ἀλλά
2975 1097 3254 1168 πανταχοῦ
3290 1098 3397 1151 τῶν
3443 1099 3733 1169 περιττῶν.

2170 1186 2312 1256 Ἐγὼ
2342 1188 2557 1241 δέδοικα
2608 1188 2680 1258 μὴ
2716 1187 2821 1240 ὑπὸ
2850 1187 2950 1255 τῆς
2982 1185 3178 1251 μανίας
3208 1184 3409 1255 ταύτης
3445 1186 3737 1255 προϐαῖνον

2156 1274 2216 1329 τὸ
2240 1277 2546 1344 γυναικεῖον
2571 1275 2727 1342 γένος
2766 1276 3009 1342 τεράτων
3041 1273 3286 1344 ἀναλάϐῃ
3315 1274 3527 1343 μορφήν
3547 1291 3561 1305 ο
3588 1274 3736 1337 εἰκὸς

2156 1363 2265 1433 γὰρ
2295 1363 2461 1426 αὐτᾶς
2490 1363 2824 1434 ἐπιθυμῆσαι
2868 1363 2963 1415 καὶ
2989 1360 3179 1431 τρίχας
3217 1360 3362 1429 ἔχειν
3388 1362 3613 1430 χρυσᾶς.
3661 1362 3734 1413 Ἦ

2155 1450 2524 1520 ὀμολογήσατε
2562 1451 2643 1503 ὅτι
2679 1450 2779 1502 οὐκ
2813 1447 3045 1501 έπάθετέ
3080 1465 3131 1500 τι
3165 1446 3303 1517 πρὸς
3340 1448 3402 1499 τὸ
3427 1447 3615 1516 λεχθὲν
3639 1450 3735 1501 καὶ

2154 1536 2467 1605 διανέστητε
2490 1536 2587 1589 καὶ
2610 1537 2689 1599 εἰς
2708 1535 3003 1605 ἐπιθυμίαν
3027 1534 3330 1599 ὲνεπέσετε,
3364 1535 3458 1586 καὶ
3485 1535 3532 1586 εί
3566 1536 3640 1605 μή
3667 1551 3735 1601 γε

2156 1625 2189 1694 ἡ
2224 1624 2451 1694 αἰσχύνη
2482 1627 2757 1693 κατεῖχεν,
2802 1623 2904 1675 οὐκ
2951 1623 3019 1675 ἂν
3071 1619 3480 1692 παρῃτήσασθε.
3529 1622 3589 1674 Εἰ
3623 1616 3736 1692 γάρ

2155 1710 2251 1762 καὶ
2274 1710 2342 1763 τὰ
2363 1710 2569 1764 τούτων
2589 1709 2916 1779 ἀτοπώτερα
2933 1708 3191 1778 τολμᾶτε,
3218 1706 3396 1777 πολλῷ
3414 1707 3616 1775 μᾶλλον
3637 1709 3735 1762 καὶ

2153 1799 2342 1868 τρίχας
2372 1798 2517 1868 ἔχειν
2540 1794 2693 1868 οἶμαι
2726 1798 2930 1860 ταύτας
2975 1796 3315 1866 ἐπιθυμῆσαι
3366 1797 3592 1866 χρυσᾶς,
3642 1797 3734 1849 καὶ

2152 1889 2219 1940 τα
2247 1886 2422 1957 χείλη,
2451 1888 2546 1939 καὶ
2573 1890 2672 1949 τάς
2695 1885 2889 1957 ὀφρῦς,
2923 1883 3015 1938 καὶ
3048 1885 3225 1936 πάντα
3253 1884 3456 1953 χρυσὸν
3488 1901 3734 1955 κατατη-

2154 1973 2353 2037 κούσας
2383 1972 2527 2026 οὕτω
2572 1972 2897 2043 περιχρίειν.
2934 1972 2996 2024 Εἰ
3040 1970 3097 2023 66
3128 1970 3405 2023 ἀπιστεῖτε
3453 1972 3548 2024 καὶ
3576 1971 3727 2041 νομί-

2154 2062 2273 2125 ζετε
2295 2061 2536 2128 γελῶντά
2554 2078 2619 2131 με
2644 2062 2842 2128 λέγειν,
2860 2057 2971 2127 ἐγὼ
2995 2058 3325 2128 διηγήσομαι
3340 2058 3478 2126 ὅπερ
3501 2057 3730 2127 ἥκουσα,

2155 2149 2352 2218 μᾶλλον
2404 2149 2462 2201 δὲ
2510 2149 2603 2201 καὶ
2649 2146 2765 2200 ἔστι
2796 2146 2909 2199 νῦν.
2956 2147 3018 2199 '0
3057 2145 3167 2199 τῶν
3198 2145 3426 2214 Περσῶν
3475 2143 3732 2214 βασιλεὺς

2152 2237 2384 2306 χρυσοῦν
2431 2237 2543 2305 ἔχει
2585 2235 2646 2288 τὸ
2692 2233 2923 2302 γένειον,
2968 2232 3077 2286 τῶν
3123 2232 3254 2304 περὶ
3297 2232 3473 2285 ταῦτα
3517 2231 3729 2298 δεινῶν,

2150 2321 2401 2391 καθάπερ
2429 2325 2495 2393 τῇ
2534 2321 2731 2392 κρόκῃ,
2791 2320 2932 2373 οὕτω
2981 2319 3075 2373 καὶ
3122 2322 3245 2381 ταῖς
3294 2319 3505 2371 ἐκείνου
3555 2319 3732 2388 θριξὶν

2151 2406 2531 2459 ὲνελισσόντων
2562 2400 2645 2458 τόί
2660 2404 2869 2458 πέταλα
2896 2404 2990 2457 τοῦ
3032 2402 3235 2474 χρυσοῦ
3258 2421 3272 2434 ·
3326 2401 3422 2457 καὶ
3446 2403 3730 2457 ἀνάκειται

2151 2494 2402 2562 καθάπερ
2433 2493 2617 2563 τέρας.
2657 2492 2793 2557 Δόξα
2828 2510 2931 2558 σοι,
2965 2492 3187 2564 Χριστὲ,
3217 2492 3397 2545 πόσων
3431 2491 3732 2562 ἐνέπλησας

2152 2580 2375 2650 ἀγαθῶν
2402 2582 2550 2653 ἡμᾶς
2570 2624 2585 2647 ,
2622 2580 2737 2644 πῶς
2789 2580 2937 2651 ἡμᾶς
2966 2580 3233 2648 ὑγιαίνειν
3264 2579 3686 2650 παρεσκεύασας
3710 2597 3729 2646 ς

2150 2671 2322 2739 πόσης
2353 2670 2706 2741 τερατωδίας,
2744 2670 2916 2739 πόσης
2945 2667 3171 2736 ἀλογίας
3198 2669 3346 2738 ἡμᾶς
3377 2667 3729 2737 ἀπήλλαξαςς

2165 2757 2292 2810 Ἰδοὺ
2320 2756 2574 2827 προλέγω
2599 2773 2611 2785 ·
2657 2756 2843 2809 οὐκέτι
2876 2755 3155 2826 παραινῶ,
3180 2754 3299 2808 ἀλλ’
3329 2755 3602 2807 ἐπιτάττω
3635 2755 3733 2808 καὶ

2150 2844 2539 2914 παραγγέλλω·
2576 2845 2605 2897 6
2639 2843 2959 2914 βουλόμενος
2987 2840 3251 2907 ἀκουέτω,
3283 2844 3312 2895 6
3342 2843 3399 2896 66
3435 2843 3508 2912 μὴ
3545 2841 3736 2911 βουλό-

2153 2950 2311 3003 μενος
2343 2931 2636 2985 ἀπειθείτω
2656 2948 2669 2962 ο
2705 2933 2786 2985 ὅτι
2808 2930 2872 2985 ἂν
2906 2930 3206 3000 ἐπιμένητε
3253 2930 3428 2983 ταῦτα
3457 2929 3731 2994 ποιοῦσαι,

2148 3023 2248 3075 ούκ
2276 3021 2534 3090 ἀνέξομαι
2562 3019 2682 3073 0666
2705 3018 2929 3090 δέξομαι
2956 3019 3100 3088 ὑμᾶς
3126 3018 3248 3071 0666
3279 3018 3475 3089 ἀφήσω
3503 3016 3612 3070 τῶν
3642 3018 3733 3070 06-

2147 3109 2253 3163 δῶν
2284 3109 2591 3180 ὑπερϐῆναι
2630 3106 2859 3161 τούτων.
2894 3107 2958 3157 Τί
2998 3106 3105 3175 γάρ
3140 3123 3230 3176 μοι
3256 3104 3337 3158 δεῖ
3382 3105 3620 3175 πλήθους
3646 3121 3734 3157 νο-

2149 3197 2416 3261 σούντωνς
2451 3198 2504 3249 τί
2538 3196 2616 3260 δὲ,
2661 3196 2710 3246 εἰ
2747 3192 3115 3264 παιδοτριϐῶν
3156 3193 3299 3262 ὑμᾶς
3331 3192 3392 3244 06
3437 3191 3627 3244 κωλύω
3661 3191 3733 3245 τὰ

2150 3287 2225 3356 μή
2256 3302 2320 3337 πε
2332 3284 2514 3355 ριττά;
2544 3283 2734 3336 Καίτοι
2760 3298 2822 3349 γε
2841 3284 2868 3335 6
2890 3280 3099 3342 Παῦλος
3125 3279 3384 3343 ἐκώλυσε,
3410 3279 3502 3333 καὶ
3531 3278 3731 3349 χρυσὸν

2146 3375 2240 3426 καὶ
2275 3371 2639 3443 μαργαρίτας.
2708 3367 3004 3439 Γελώμεθα
3058 3367 3211 3436 παρά
3270 3366 3380 3419 τῶν
3435 3365 3730 3437 Ἑλλήνων,

2150 3462 2314 3534 μῦθος
2342 3457 2481 3513 εἶναι
2509 3459 2740 3513 δοκεῖτά
2761 3457 3025 3528 ἡμέτερα.
3052 3457 3163 3510 Καὶ
3192 3458 3305 3518 τοῖς
3327 3456 3551 3527 ἀνδράσι
3581 3473 3729 3527 παρ-

2144 3550 2278 3605 αινῶ
2327 3548 2536 3602 ταῦτα·
2583 3550 2663 3610 εἰς
2705 3546 3079 3599 διδασκαλεῖον
3122 3546 3420 3616 παραγίνῃ,
3475 3544 3730 3598 παιδευό-

2150 3654 2310 3707 μενος
2344 3634 2662 3705 φιλοσοφίαν
2695 3634 3116 3703 πνευματικήν;
3170 3631 3390 3702 περίελε
3442 3632 3535 3684 τὸν
3562 3631 3732 3699 τῦφον

2146 3724 2375 3777 ἐκεῖνον.
2409 3722 2580 3775 Τοῦτο
2640 3720 2734 3773 καὶ
2786 3719 3014 3790 ἀνδράσι
3042 3717 3297 3790 παραινῶ
3343 3721 3438 3772 καὶ
3480 3719 3715 3787 γυναιξί⁹

2147 3812 2251 3865 κΞιν
2276 3812 2477 3880 ἑτέρως
2508 3824 2589 3872 τις
2635 3807 2785 3878 ποιῇ,
2821 3806 3006 3861 λοιπὸν
3034 3807 3136 3860 οὐκ
3174 3806 3465 3876 ἀνέχομαι.
3513 3805 3730 3859 Δώδεκα

2144 3896 2284 3971 ἦσαν
2318 3900 2367 3951 οἱ
2411 3896 2672 3968 μαθηταὶ,
2727 3896 2822 3949 καὶ
2871 3895 3102 3948 ἄκουσον
3134 3894 3187 3947 τί
3232 3912 3398 3964 φησιν
3435 3897 3464 3948 6
3494 3896 3726 3965 Χριστὸς

2148 3987 2283 4057 πρὸς
2313 3985 2508 4047 αύτούς
2531 4000 2544 4015 ο
2584 3984 2679 4051 Μὴ
2721 3982 2821 4035 καὶ
2867 3982 3035 4052 ὑμεῖς
3063 3981 3267 4037 θέλετε
3295 3982 3593 4051 ὐπάγεινς
3628 3983 3727 4035 Ἂν

2145 4076 2253 4145 γὰρ
2279 4075 2451 4127 διόλου
2483 4072 2894 4140 κολακεύωμεν,
2925 4069 3077 4142 [579]
3110 4070 3243 4123 πότε
3280 4070 3725 4140 ἀνακτησόμεθα;

2147 4163 2276 4217 πότε
2306 4163 2690 4233 ώφελήσομεν;
2741 4160 2882 4213 Ἀλλ’
2921 4159 3051 4224 εἰσὶ,
3102 4159 3286 4230 φησὶν,
3324 4159 3567 4228 αἱρέσεις
3605 4158 3725 4212 ’ἐτε-

2151 4268 2259 4322 ραι,
2287 4251 2379 4303 καὶ
2400 4248 2797 4321 μετατίθενται.
2834 4248 3053 4317 Ψυχρὸς
3076 4241 3228 4310 οὗτος
3252 4248 3281 4299 6
3306 4247 3490 4315 λόγος’
3523 4245 3727 4314 Κρεῖσ·

2145 4356 2262 4393 σον
2286 4334 2371 4403 εἷς
2402 4335 2589 4391 ποιῶν
2616 4336 2682 4388 τὸ
2709 4336 2937 4403 θέλημα
2964 4335 3206 4402 Κυρίου,
3238 4333 3275 4401 ἢ
3304 4336 3506 4403 μυρίοι
3541 4332 3726 4401 παρά-

2146 4445 2334 4496 νομοι.
2366 4426 2517 4478 Ἐπεὶ
2576 4423 2669 4477 καὶ
2702 4425 2766 4477 σὺ
2812 4422 2865 4476 τί
2916 4422 3118 4493 βούλει,
3153 4421 3275 4475 εἰπέ
3331 4438 3453 4491 μοι;
3501 4424 3725 4491 μυρίους

2145 4515 2420 4587 δραπέτας
2465 4512 2610 4582 ἔχειν
2648 4513 2741 4565 καί⁵
2769 4511 3005 4575 κλέπτας
3040 4511 3280 4575 οἰκέτας,
3314 4510 3348 4579 ἢ
3372 4510 3468 4561 ἕνα
3496 4510 3723 4574 εὖνουνς

2160 4604 2287 4658 Ἰδοὺ
2324 4600 2574 4671 παραινῶ
2608 4601 2703 4653 καὶ
2738 4597 3040 4669 παρεγγυῶ
3094 4599 3189 4651 καὶ
3221 4597 3307 4651 τὸν
3336 4596 3724 4667 καλλωπισμὸν

2145 4692 2236 4745 τὸν
2267 4692 2394 4761 περὶ
2422 4690 2522 4760 τὴν
2549 4689 2693 4758 δψιν,
2730 4691 2821 4742 κα¹ι
2849 4686 2918 4739 τὰ
2963 4686 3134 4755 σκεύη
3161 4686 3227 4738 τὰ
3253 4684 3478 4761 τοιαῦτα
3511 4684 3724 4755 συντρί-

2146 4780 2284 4845 ϐειν,
2339 4780 2433 4832 καὶ
2485 4779 2677 4847 πένησι
2715 4777 2938 4841 διδόναι,
2988 4776 3082 4829 καὶ
3114 4773 3188 4846 μὴ
3216 4773 3358 4827 οὓτω
3400 4772 3720 4844 μεμηνέναι.

2158 4868 2216 4921 Ὀ
2247 4866 2565 4937 βουλόμενος
2599 4865 2955 4935 ἀποπηδάτω,
2985 4865 3013 4915 6
3047 4858 3369 4932 βουλόμενος
3402 4860 3719 4930 ὲγκαλείτω⁸

2145 4960 2245 5010 οὐκ
2300 4956 2560 5028 ἀνέχομαι
2596 4956 2831 5017 οὐδενός.
2861 4954 3029 5006 Ὅταν
3073 4951 3252 5021 μέλλω
3298 4949 3582 5020 κρίνεσθαι
3634 4949 3725 5002 ἐπὶ

2144 5045 2239 5098 τοῦ
2274 5043 2516 5116 βήματος
2559 5041 2653 5095 τοῦ
2700 5039 2963 5112 Χριστοῦ,
2999 5038 3217 5110 μακρὰν
3248 5039 3405 5108 ὑμεῖς
3435 5038 3721 5108 ἑστήκατε,

2145 5134 2240 5186 καὶ
2273 5134 2307 5201 ἡ
2334 5132 2465 5202 παρ’
2500 5129 2656 5199 ὑμῶν
2681 5129 2842 5200 χάρις
2878 5131 2958 5191 εἰς
2998 5126 3170 5190 οὐδὲν,
3205 5124 3338 5196 ἐμοῦ
3365 5124 3466 5187 τάς
3493 5124 3724 5188 εὐθύνας

2147 5220 2498 5290 παρέχοντος.
2528 5217 2716 5271 Ταῦτα
2741 5216 2813 5269 τὰ
2844 5216 3063 5287 ῥήματα
3091 5214 3159 5267 τά
3193 5214 3369 5267 πάντα
3394 5212 3722 5284 διέφθειρεν·

2145 5306 2233 5359 ἵνα
2266 5304 2478 5375 ἀπέλθῃ
2514 5316 2564 5365 ε,
2600 5305 2785 5374 φησὶν,
2818 5303 2911 5356 καὶ
2954 5301 3223 5372 μετατεθῇ
3254 5300 3391 5371 πρὸς
3415 5299 3614 5371 ἑτέραν
3643 5296 3725 5351 αῖο

2146 5410 2335 5465 ρεσιν⁸
2391 5392 2626 5460 ἀσθενής
2681 5393 2818 5453 ἐστι,
2870 5388 3271 5458 συγκατάὅηθι.
3325 5387 3507 5457 Μέχρι
3543 5388 3720 5451 τίνοςς

2148 5483 2307 5554 μέχρι
2337 5482 2495 5549 πότε;
2529 5477 2695 5544 ἅπαξ,
2729 5479 2821 5555 καὶ
2848 5477 2951 5544 δὶς,
2985 5477 3081 5530 καὶ
3111 5476 3253 5547 τρὶς,
3309 5474 3385 5545 μὴ
3409 5473 3721 5536 διαπαντός.

2208 5679 2237 5717 δ
2263 5677 2491 5741 Profecto
2529 5674 2783 5742 legendum
2825 5675 3095 5737 dmémrm,
3142 5669 3375 5728 inulalur,
3418 5666 3581 5730 inquit
3620 5663 3723 5716 Du-

2145 5757 2369 5853 ηἱῖῃὲῖιιε
2395 5798 2541 5851 dubio
2562 5796 2818 5863 lvgendum
2838 5799 2911 5847 ἴνα
2940 5799 3003 5860 μή
3028 5797 3220 5858 ἀπέλθῃ,
3251 5798 3385 5845 autat
3408 5791 3641 5842 Dunat'us.
