  <div class='ocr_page' id='page_1' title='image "/cluster/home/n/w/nwhite01/storage/ocr_20150623/62/hvd.32044054086319/354.png"; bbox 0 0 4064 6210; ppageno 0'>
   <div class='ocr_carea' id='block_1_1' title="bbox 452 315 581 372">
    <p class='ocr_par' dir='ltr' id='par_1_1' title="bbox 452 315 581 372">
     <span class='ocr_line' id='line_1_1' title="bbox 452 315 581 372; baseline 0 -1"><span class='ocrx_word' id='word_1_1' title='bbox 452 315 554 372; x_wconf 68' lang='grc' dir='ltr'><strong>διε)</strong></span> <span class='ocrx_word' id='word_1_2' title='bbox 565 322 581 335; x_wconf 71' lang='grc'><strong><em>⁵</em></strong></span> 
     </span>
    </p>
   </div>
   <div class='ocr_carea' id='block_1_2' title="bbox 451 592 2032 680">
    <p class='ocr_par' dir='ltr' id='par_1_2' title="bbox 451 592 2032 680">
     <span class='ocr_line' id='line_1_2' title="bbox 451 592 2032 680; baseline -0.005 -14"><span class='ocrx_word' id='word_1_3' title='bbox 451 628 556 666; x_wconf 88' lang='lat' dir='ltr'><strong>non</strong></span> <span class='ocrx_word' id='word_1_4' title='bbox 585 610 689 666; x_wconf 78' lang='lat' dir='ltr'><strong>sibi</strong></span> <span class='ocrx_word' id='word_1_5' title='bbox 717 608 1054 680; x_wconf 87' lang='lat' dir='ltr'><strong>depingunt?</strong></span> <span class='ocrx_word' id='word_1_6' title='bbox 1082 608 1245 677; x_wconf 82' lang='lat' dir='ltr'><strong>Magis</strong></span> <span class='ocrx_word' id='word_1_7' title='bbox 1269 622 1426 677; x_wconf 89' lang='lat' dir='ltr'><strong>quam</strong></span> <span class='ocrx_word' id='word_1_8' title='bbox 1466 607 1554 676; x_wconf 86' lang='lat' dir='ltr'><strong>qui</strong></span> <span class='ocrx_word' id='word_1_9' title='bbox 1584 592 2032 675; x_wconf 80' lang='lat' dir='ltr'><strong>hippocentauros</strong></span> 
     </span>
    </p>
   </div>
   <div class='ocr_carea' id='block_1_3' title="bbox 448 695 2028 772">
    <p class='ocr_par' dir='ltr' id='par_1_3' title="bbox 448 695 2028 772">
     <span class='ocr_line' id='line_1_3' title="bbox 448 695 2028 772; baseline -0.004 -17"><span class='ocrx_word' id='word_1_10' title='bbox 448 704 709 772; x_wconf 74' lang='lat' dir='ltr'><strong>effingunt</strong></span> <span class='ocrx_word' id='word_1_11' title='bbox 732 709 786 756; x_wconf 91' lang='lat' dir='ltr'><strong>et</strong></span> <span class='ocrx_word' id='word_1_12' title='bbox 807 700 1090 754; x_wconf 76' lang='lat' dir='ltr'><strong>chimzeras</strong></span> <span class='ocrx_word' id='word_1_13' title='bbox 1107 707 1163 753; x_wconf 76' lang='lat' dir='ltr'><strong>et</strong></span> <span class='ocrx_word' id='word_1_14' title='bbox 1184 697 1609 768; x_wconf 83' lang='lat' dir='ltr'><strong>serpentipedcs,</strong></span> <span class='ocrx_word' id='word_1_15' title='bbox 1638 705 1693 751; x_wconf 90' lang='lat' dir='ltr'><strong>et</strong></span> <span class='ocrx_word' id='word_1_16' title='bbox 1721 695 1944 766; x_wconf 75' lang='lat' dir='ltr'><strong>Scyllas,</strong></span> <span class='ocrx_word' id='word_1_17' title='bbox 1978 704 2028 748; x_wconf 89' lang='lat' dir='ltr'><strong>ct</strong></span> 
     </span>
    </p>
   </div>
   <div class='ocr_carea' id='block_1_4' title="bbox 378 786 2030 859">
    <p class='ocr_par' dir='ltr' id='par_1_4' title="bbox 378 786 2030 859">
     <span class='ocr_line' id='line_1_4' title="bbox 378 786 2030 859; baseline -0.007 -9"><span class='ocrx_word' id='word_1_18' title='bbox 378 790 384 794; x_wconf 71' lang='grc'><strong>’</strong></span> <span class='ocrx_word' id='word_1_19' title='bbox 449 805 708 856; x_wconf 81' lang='lat' dir='ltr'><strong>monstra,</strong></span> <span class='ocrx_word' id='word_1_20' title='bbox 761 791 957 847; x_wconf 89' lang='lat' dir='ltr'><strong>videris</strong></span> <span class='ocrx_word' id='word_1_21' title='bbox 1001 806 1096 846; x_wconf 90' lang='lat' dir='ltr'><strong>eos</strong></span> <span class='ocrx_word' id='word_1_22' title='bbox 1140 789 1475 859; x_wconf 75' lang='lat' dir='ltr'><strong>ofﬂngentes.</strong></span> <span class='ocrx_word' id='word_1_23' title='bbox 1521 788 1588 843; x_wconf 87' lang='lat' dir='ltr'><strong>Et</strong></span> <span class='ocrx_word' id='word_1_24' title='bbox 1634 788 1679 842; x_wconf 87' lang='lat' dir='ltr'><strong>si</strong></span> <span class='ocrx_word' id='word_1_25' title='bbox 1726 788 1847 856; x_wconf 85' lang='lat' dir='ltr'><strong>quis</strong></span> <span class='ocrx_word' id='word_1_26' title='bbox 1901 786 2030 840; x_wconf 95' lang='lat' dir='ltr'><strong>velit</strong></span> 
     </span>
    </p>
   </div>
   <div class='ocr_carea' id='block_1_5' title="bbox 442 880 2023 954">
    <p class='ocr_par' dir='ltr' id='par_1_5' title="bbox 442 880 2023 954">
     <span class='ocr_line' id='line_1_5' title="bbox 442 880 2023 954; baseline -0.009 -9"><span class='ocrx_word' id='word_1_27' title='bbox 442 904 631 945; x_wconf 73' lang='lat' dir='ltr'><strong>eurum</strong></span> <span class='ocrx_word' id='word_1_28' title='bbox 659 902 818 942; x_wconf 92' lang='lat' dir='ltr'><strong>unam</strong></span> <span class='ocrx_word' id='word_1_29' title='bbox 847 886 1100 954; x_wconf 81' lang='lat' dir='ltr'><strong>effingere</strong></span> <span class='ocrx_word' id='word_1_30' title='bbox 1132 884 1498 954; x_wconf 74' lang='lat' dir='ltr'><strong>cupiditatem,</strong></span> <span class='ocrx_word' id='word_1_31' title='bbox 1527 882 1660 936; x_wconf 84' lang='lat' dir='ltr'><strong>nihil</strong></span> <span class='ocrx_word' id='word_1_32' title='bbox 1688 880 2023 944; x_wconf 78' lang='lat' dir='ltr'><strong>videbuntur,</strong></span> 
     </span>
    </p>
   </div>
   <div class='ocr_carea' id='block_1_6' title="bbox 445 974 2026 1052">
    <p class='ocr_par' dir='ltr' id='par_1_6' title="bbox 445 974 2026 1052">
     <span class='ocr_line' id='line_1_6' title="bbox 445 974 2026 1052; baseline -0.009 -12"><span class='ocrx_word' id='word_1_33' title='bbox 445 1000 545 1040; x_wconf 85' lang='lat' dir='ltr'><strong>nec</strong></span> <span class='ocrx_word' id='word_1_34' title='bbox 591 981 767 1052; x_wconf 81' lang='lat' dir='ltr'><strong>Scylla</strong></span> <span class='ocrx_word' id='word_1_35' title='bbox 800 994 899 1034; x_wconf 86' lang='lat' dir='ltr'><strong>nec</strong></span> <span class='ocrx_word' id='word_1_36' title='bbox 947 978 1196 1032; x_wconf 69' lang='lat' dir='ltr'><strong>chimrera</strong></span> <span class='ocrx_word' id='word_1_37' title='bbox 1242 991 1415 1040; x_wconf 89' lang='lat' dir='ltr'><strong>neque</strong></span> <span class='ocrx_word' id='word_1_38' title='bbox 1462 974 1944 1044; x_wconf 83' lang='lat' dir='ltr'><strong>hippocentaurus.</strong></span> <span class='ocrx_word' id='word_1_39' title='bbox 1979 974 2026 1026; x_wconf 90' lang='lat' dir='ltr'><strong>sl</strong></span> 
     </span>
    </p>
   </div>
   <div class='ocr_carea' id='block_1_7' title="bbox 444 1063 2024 1141">
    <p class='ocr_par' dir='ltr' id='par_1_7' title="bbox 444 1063 2024 1141">
     <span class='ocr_line' id='line_1_7' title="bbox 444 1063 2024 1141; baseline -0.007 -15"><span class='ocrx_word' id='word_1_40' title='bbox 444 1089 565 1126; x_wconf 90' lang='lat' dir='ltr'><strong>eum</strong></span> <span class='ocrx_word' id='word_1_41' title='bbox 596 1081 845 1141; x_wconf 87' lang='lat' dir='ltr'><strong>portento</strong></span> <span class='ocrx_word' id='word_1_42' title='bbox 876 1069 969 1124; x_wconf 80' lang='lat' dir='ltr'><strong>illo</strong></span> <span class='ocrx_word' id='word_1_43' title='bbox 1009 1068 1369 1128; x_wconf 84' lang='lat' dir='ltr'><strong>conferantur.</strong></span> <span class='ocrx_word' id='word_1_44' title='bbox 1396 1065 1491 1121; x_wconf 89' lang='lat' dir='ltr'><strong>sed</strong></span> <span class='ocrx_word' id='word_1_45' title='bbox 1519 1065 1722 1120; x_wconf 77' lang='lat' dir='ltr'><strong>videbis</strong></span> <span class='ocrx_word' id='word_1_46' title='bbox 1762 1064 1903 1118; x_wconf 88' lang='lat' dir='ltr'><strong>illam</strong></span> <span class='ocrx_word' id='word_1_47' title='bbox 1928 1063 2024 1117; x_wconf 92' lang='lat' dir='ltr'><strong>ha-</strong></span> 
     </span>
    </p>
   </div>
   <div class='ocr_carea' id='block_1_8' title="bbox 443 1154 2022 1222">
    <p class='ocr_par' dir='ltr' id='par_1_8' title="bbox 443 1154 2022 1222">
     <span class='ocr_line' id='line_1_8' title="bbox 443 1154 2022 1222; baseline -0.006 -3"><span class='ocrx_word' id='word_1_48' title='bbox 443 1165 573 1220; x_wconf 80' lang='lat' dir='ltr'><strong>bere</strong></span> <span class='ocrx_word' id='word_1_49' title='bbox 610 1178 797 1216; x_wconf 88' lang='lat' dir='ltr'><strong>omnes</strong></span> <span class='ocrx_word' id='word_1_50' title='bbox 824 1161 981 1215; x_wconf 79' lang='lat' dir='ltr'><strong>simul</strong></span> <span class='ocrx_word' id='word_1_51' title='bbox 1008 1160 1228 1215; x_wconf 92' lang='lat' dir='ltr'><strong>belluas.</strong></span> <span class='ocrx_word' id='word_1_52' title='bbox 1262 1159 1329 1213; x_wconf 85' lang='lat' dir='ltr'><strong>Et</strong></span> <span class='ocrx_word' id='word_1_53' title='bbox 1356 1157 1491 1212; x_wconf 90' lang='lat' dir='ltr'><strong>forte</strong></span> <span class='ocrx_word' id='word_1_54' title='bbox 1520 1155 1843 1211; x_wconf 73' lang='lat' dir='ltr'><strong>existimabit</strong></span> <span class='ocrx_word' id='word_1_55' title='bbox 1881 1154 2022 1222; x_wconf 86' lang='lat' dir='ltr'><strong>quis-</strong></span> 
     </span>
    </p>
   </div>
   <div class='ocr_carea' id='block_1_9' title="bbox 442 1245 2021 1324">
    <p class='ocr_par' dir='ltr' id='par_1_9' title="bbox 442 1245 2021 1324">
     <span class='ocr_line' id='line_1_9' title="bbox 442 1245 2021 1324; baseline -0.005 -17"><span class='ocrx_word' id='word_1_56' title='bbox 442 1256 583 1324; x_wconf 82' lang='lat' dir='ltr'><strong>piam</strong></span> <span class='ocrx_word' id='word_1_57' title='bbox 611 1270 698 1308; x_wconf 92' lang='lat' dir='ltr'><strong>me</strong></span> <span class='ocrx_word' id='word_1_58' title='bbox 724 1254 888 1308; x_wconf 80' lang='lat' dir='ltr'><strong>fuisse</strong></span> <span class='ocrx_word' id='word_1_59' title='bbox 928 1253 980 1305; x_wconf 89' lang='lat' dir='ltr'><strong>in</strong></span> <span class='ocrx_word' id='word_1_60' title='bbox 1018 1252 1181 1305; x_wconf 90' lang='lat' dir='ltr'><strong>multa</strong></span> <span class='ocrx_word' id='word_1_61' title='bbox 1212 1249 1512 1304; x_wconf 77' lang='lat' dir='ltr'><strong>divitiarum</strong></span> <span class='ocrx_word' id='word_1_62' title='bbox 1540 1247 1711 1315; x_wconf 88' lang='lat' dir='ltr'><strong>copia,</strong></span> <span class='ocrx_word' id='word_1_63' title='bbox 1743 1256 1799 1300; x_wconf 94' lang='lat' dir='ltr'><strong>ut</strong></span> <span class='ocrx_word' id='word_1_64' title='bbox 1839 1246 1928 1316; x_wconf 86' lang='lat' dir='ltr'><strong>qui</strong></span> <span class='ocrx_word' id='word_1_65' title='bbox 1971 1245 2021 1299; x_wconf 90' lang='lat' dir='ltr'><strong>in</strong></span> 
     </span>
    </p>
   </div>
   <div class='ocr_carea' id='block_1_10' title="bbox 443 1340 2018 1419">
    <p class='ocr_par' dir='ltr' id='par_1_10' title="bbox 443 1340 2018 1419">
     <span class='ocr_line' id='line_1_10' title="bbox 443 1340 2018 1419; baseline -0.007 -16"><span class='ocrx_word' id='word_1_66' title='bbox 443 1349 510 1404; x_wconf 89' lang='lat' dir='ltr'><strong>iis</strong></span> <span class='ocrx_word' id='word_1_67' title='bbox 552 1363 671 1419; x_wconf 69' lang='lat' dir='ltr'><strong>quae</strong></span> <span class='ocrx_word' id='word_1_68' title='bbox 719 1347 971 1401; x_wconf 91' lang='lat' dir='ltr'><strong>dicuntur</strong></span> <span class='ocrx_word' id='word_1_69' title='bbox 1020 1355 1123 1400; x_wconf 90' lang='lat' dir='ltr'><strong>tam</strong></span> <span class='ocrx_word' id='word_1_70' title='bbox 1168 1345 1270 1399; x_wconf 91' lang='lat' dir='ltr'><strong>sim</strong></span> <span class='ocrx_word' id='word_1_71' title='bbox 1316 1358 1495 1398; x_wconf 73' lang='lat' dir='ltr'><strong>veras.</strong></span> <span class='ocrx_word' id='word_1_72' title='bbox 1526 1341 1719 1396; x_wconf 83' lang='lat' dir='ltr'><strong>Fertur</strong></span> <span class='ocrx_word' id='word_1_73' title='bbox 1760 1340 2018 1410; x_wconf 89' lang='lat' dir='ltr'><strong>quidam:</strong></span> 
     </span>
    </p>
   </div>
   <div class='ocr_carea' id='block_1_11' title="bbox 440 1432 2024 1512">
    <p class='ocr_par' dir='ltr' id='par_1_11' title="bbox 440 1432 2024 1512">
     <span class='ocr_line' id='line_1_11' title="bbox 440 1432 2024 1512; baseline -0.006 -15"><span class='ocrx_word' id='word_1_74' title='bbox 440 1444 587 1512; x_wconf 87' lang='lat' dir='ltr'><strong>prius</strong></span> <span class='ocrx_word' id='word_1_75' title='bbox 627 1442 769 1496; x_wconf 90' lang='lat' dir='ltr'><strong>enim</strong></span> <span class='ocrx_word' id='word_1_76' title='bbox 797 1439 1129 1494; x_wconf 80' lang='lat' dir='ltr'><strong>confirmabo</strong></span> <span class='ocrx_word' id='word_1_77' title='bbox 1154 1438 1451 1492; x_wconf 88' lang='lat' dir='ltr'><strong>orationem</strong></span> <span class='ocrx_word' id='word_1_78' title='bbox 1482 1452 1545 1491; x_wconf 85' lang='lat' dir='ltr'><strong>ex</strong></span> <span class='ocrx_word' id='word_1_79' title='bbox 1577 1435 1641 1491; x_wconf 89' lang='lat' dir='ltr'><strong>iis</strong></span> <span class='ocrx_word' id='word_1_80' title='bbox 1685 1451 1804 1506; x_wconf 67' lang='lat' dir='ltr'><strong>qua:</strong></span> <span class='ocrx_word' id='word_1_81' title='bbox 1826 1432 2024 1489; x_wconf 87' lang='lat' dir='ltr'><strong>decan-</strong></span> 
     </span>
    </p>
   </div>
   <div class='ocr_carea' id='block_1_12' title="bbox 437 1525 2019 1601">
    <p class='ocr_par' dir='ltr' id='par_1_12' title="bbox 437 1525 2019 1601">
     <span class='ocr_line' id='line_1_12' title="bbox 437 1525 2019 1601; baseline -0.006 -14"><span class='ocrx_word' id='word_1_82' title='bbox 437 1543 616 1587; x_wconf 79' lang='lat' dir='ltr'><strong>tantur</strong></span> <span class='ocrx_word' id='word_1_83' title='bbox 656 1530 796 1601; x_wconf 89' lang='lat' dir='ltr'><strong>apud</strong></span> <span class='ocrx_word' id='word_1_84' title='bbox 841 1530 1058 1587; x_wconf 62' lang='lat' dir='ltr'><strong>Cra-cos</strong></span> <span class='ocrx_word' id='word_1_85' title='bbox 1090 1546 1104 1582; x_wconf 90' lang='lat'><strong>:</strong></span> <span class='ocrx_word' id='word_1_86' title='bbox 1135 1528 1327 1593; x_wconf 90' lang='lat' dir='ltr'><strong>fertur,</strong></span> <span class='ocrx_word' id='word_1_87' title='bbox 1368 1529 1581 1597; x_wconf 91' lang='lat' dir='ltr'><strong>inquam</strong></span> <span class='ocrx_word' id='word_1_88' title='bbox 1607 1566 1622 1591; x_wconf 95' lang='lat'><strong>,</strong></span> <span class='ocrx_word' id='word_1_89' title='bbox 1668 1525 1881 1595; x_wconf 89' lang='lat' dir='ltr'><strong>quidam</strong></span> <span class='ocrx_word' id='word_1_90' title='bbox 1927 1539 2019 1578; x_wconf 85' lang='lat' dir='ltr'><strong>rex</strong></span> 
     </span>
    </p>
   </div>
   <div class='ocr_carea' id='block_1_13' title="bbox 434 1614 2018 1695">
    <p class='ocr_par' dir='ltr' id='par_1_13' title="bbox 434 1614 2018 1695">
     <span class='ocr_line' id='line_1_13' title="bbox 434 1614 2018 1695; baseline -0.007 -16"><span class='ocrx_word' id='word_1_91' title='bbox 434 1625 575 1695; x_wconf 88' lang='lat' dir='ltr'><strong>apud</strong></span> <span class='ocrx_word' id='word_1_92' title='bbox 602 1639 696 1679; x_wconf 86' lang='lat' dir='ltr'><strong>eos</strong></span> <span class='ocrx_word' id='word_1_93' title='bbox 726 1622 982 1677; x_wconf 82' lang='lat' dir='ltr'><strong>delicians</strong></span> <span class='ocrx_word' id='word_1_94' title='bbox 1010 1636 1076 1676; x_wconf 91' lang='lat' dir='ltr'><strong>eo</strong></span> <span class='ocrx_word' id='word_1_95' title='bbox 1113 1620 1326 1675; x_wconf 88' lang='lat' dir='ltr'><strong>venisse</strong></span> <span class='ocrx_word' id='word_1_96' title='bbox 1356 1618 1531 1685; x_wconf 77' lang='lat' dir='ltr'><strong>luxus,</strong></span> <span class='ocrx_word' id='word_1_97' title='bbox 1561 1627 1620 1672; x_wconf 93' lang='lat' dir='ltr'><strong>ut</strong></span> <span class='ocrx_word' id='word_1_98' title='bbox 1659 1630 1872 1671; x_wconf 82' lang='lat' dir='ltr'><strong>auream</strong></span> <span class='ocrx_word' id='word_1_99' title='bbox 1917 1614 2018 1669; x_wconf 87' lang='lat' dir='ltr'><strong>sibi</strong></span> 
     </span>
    </p>
   </div>
   <div class='ocr_carea' id='block_1_14' title="bbox 434 1706 2015 1783">
    <p class='ocr_par' dir='ltr' id='par_1_14' title="bbox 434 1706 2015 1783">
     <span class='ocr_line' id='line_1_14' title="bbox 434 1706 2015 1783; baseline -0.007 -12"><span class='ocrx_word' id='word_1_100' title='bbox 434 1717 620 1771; x_wconf 69' lang='lat' dir='ltr'><strong>f&#39;Crrit</strong></span> <span class='ocrx_word' id='word_1_101' title='bbox 650 1715 940 1783; x_wconf 83' lang='lat' dir='ltr'><strong>platanum,</strong></span> <span class='ocrx_word' id='word_1_102' title='bbox 969 1712 1266 1783; x_wconf 72' lang='lat' dir='ltr'><strong>cmlumque</strong></span> <span class='ocrx_word' id='word_1_103' title='bbox 1307 1724 1559 1781; x_wconf 87' lang='lat' dir='ltr'><strong>superne,</strong></span> <span class='ocrx_word' id='word_1_104' title='bbox 1588 1718 1642 1763; x_wconf 91' lang='lat' dir='ltr'><strong>et</strong></span> <span class='ocrx_word' id='word_1_105' title='bbox 1670 1708 1741 1763; x_wconf 88' lang='lat' dir='ltr'><strong>ita</strong></span> <span class='ocrx_word' id='word_1_106' title='bbox 1775 1706 1978 1763; x_wconf 84' lang='lat' dir='ltr'><strong>sedisse</strong></span> <span class='ocrx_word' id='word_1_107' title='bbox 1999 1747 2015 1772; x_wconf 93' lang='lat'><strong>,</strong></span> 
     </span>
    </p>
   </div>
   <div class='ocr_carea' id='block_1_15' title="bbox 438 1799 2013 1876">
    <p class='ocr_par' dir='ltr' id='par_1_15' title="bbox 438 1799 2013 1876">
     <span class='ocr_line' id='line_1_15' title="bbox 438 1799 2013 1876; baseline -0.006 -15"><span class='ocrx_word' id='word_1_108' title='bbox 438 1808 599 1876; x_wconf 84' lang='lat' dir='ltr'><strong>idque</strong></span> <span class='ocrx_word' id='word_1_109' title='bbox 643 1821 759 1860; x_wconf 88' lang='lat' dir='ltr'><strong>cum</strong></span> <span class='ocrx_word' id='word_1_110' title='bbox 810 1805 1008 1860; x_wconf 82' lang='lat' dir='ltr'><strong>bellum</strong></span> <span class='ocrx_word' id='word_1_111' title='bbox 1059 1811 1273 1873; x_wconf 84' lang='lat' dir='ltr'><strong>gereret</strong></span> <span class='ocrx_word' id='word_1_112' title='bbox 1320 1803 1575 1857; x_wconf 67' lang='lat' dir='ltr'><strong>adversus</strong></span> <span class='ocrx_word' id='word_1_113' title='bbox 1624 1799 1749 1854; x_wconf 84' lang='lat' dir='ltr'><strong>belli</strong></span> <span class='ocrx_word' id='word_1_114' title='bbox 1796 1799 2013 1869; x_wconf 90' lang='lat' dir='ltr'><strong>peritos.</strong></span> 
     </span>
    </p>
   </div>
   <div class='ocr_carea' id='block_1_16' title="bbox 442 1878 2014 1967">
    <p class='ocr_par' dir='ltr' id='par_1_16' title="bbox 442 1878 2014 1967">
     <span class='ocr_line' id='line_1_16' title="bbox 442 1878 2014 1967; baseline -0.004 -14"><span class='ocrx_word' id='word_1_115' title='bbox 442 1902 634 1953; x_wconf 84' lang='lat' dir='ltr'><strong>Annon</strong></span> <span class='ocrx_word' id='word_1_116' title='bbox 667 1909 739 1953; x_wconf 90' lang='lat' dir='ltr'><strong>est</strong></span> <span class='ocrx_word' id='word_1_117' title='bbox 769 1898 883 1952; x_wconf 66' lang='lat' dir='ltr'><strong>hace</strong></span> <span class='ocrx_word' id='word_1_118' title='bbox 926 1878 1189 1967; x_wconf 71' lang='lat' dir='ltr'><strong>cupiditas</strong></span> <span class='ocrx_word' id='word_1_119' title='bbox 1217 1895 1799 1966; x_wconf 86' lang='lat' dir='ltr'><strong>hippocentaurorum?</strong></span> <span class='ocrx_word' id='word_1_120' title='bbox 1836 1908 2014 1949; x_wconf 89' lang='lat' dir='ltr'><strong>annon</strong></span> 
     </span>
    </p>
   </div>
   <div class='ocr_carea' id='block_1_17' title="bbox 434 1984 2014 2061">
    <p class='ocr_par' dir='ltr' id='par_1_17' title="bbox 434 1984 2014 2061">
     <span class='ocr_line' id='line_1_17' title="bbox 434 1984 2014 2061; baseline -0.005 -15"><span class='ocrx_word' id='word_1_121' title='bbox 434 1990 670 2061; x_wconf 84' lang='lat' dir='ltr'><strong>S.yll:n?</strong></span> <span class='ocrx_word' id='word_1_122' title='bbox 698 1990 846 2044; x_wconf 81' lang='lat' dir='ltr'><strong>Alius</strong></span> <span class='ocrx_word' id='word_1_123' title='bbox 891 2003 1078 2043; x_wconf 85' lang='lat' dir='ltr'><strong>rursus</strong></span> <span class='ocrx_word' id='word_1_124' title='bbox 1119 1987 1302 2058; x_wconf 75' lang='lat' dir='ltr'><strong>injecit</strong></span> <span class='ocrx_word' id='word_1_125' title='bbox 1345 1987 1586 2042; x_wconf 88' lang='lat' dir='ltr'><strong>homines</strong></span> <span class='ocrx_word' id='word_1_126' title='bbox 1615 1987 1666 2041; x_wconf 93' lang='lat' dir='ltr'><strong>in</strong></span> <span class='ocrx_word' id='word_1_127' title='bbox 1711 1987 1900 2042; x_wconf 85' lang='lat' dir='ltr'><strong>bovem</strong></span> <span class='ocrx_word' id='word_1_128' title='bbox 1948 1984 2014 2038; x_wconf 91' lang='lat' dir='ltr'><strong>li-</strong></span> 
     </span>
    </p>
   </div>
   <div class='ocr_carea' id='block_1_18' title="bbox 429 2076 2015 2150">
    <p class='ocr_par' dir='ltr' id='par_1_18' title="bbox 429 2076 2015 2150">
     <span class='ocr_line' id='line_1_18' title="bbox 429 2076 2015 2150; baseline -0.001 -17"><span class='ocrx_word' id='word_1_129' title='bbox 429 2096 643 2150; x_wconf 86' lang='lat' dir='ltr'><strong>gneum.</strong></span> <span class='ocrx_word' id='word_1_130' title='bbox 674 2080 865 2134; x_wconf 93' lang='lat' dir='ltr'><strong>Annon</strong></span> <span class='ocrx_word' id='word_1_131' title='bbox 892 2090 971 2135; x_wconf 89' lang='lat' dir='ltr'><strong>est</strong></span> <span class='ocrx_word' id='word_1_132' title='bbox 999 2079 1219 2148; x_wconf 85' lang='lat' dir='ltr'><strong>Scylla?</strong></span> <span class='ocrx_word' id='word_1_133' title='bbox 1248 2078 1544 2145; x_wconf 88' lang='lat' dir='ltr'><strong>Quemdam</strong></span> <span class='ocrx_word' id='word_1_134' title='bbox 1570 2086 1747 2131; x_wconf 89' lang='lat' dir='ltr'><strong>autem</strong></span> <span class='ocrx_word' id='word_1_135' title='bbox 1777 2092 1842 2132; x_wconf 79' lang='lat' dir='ltr'><strong>ex</strong></span> <span class='ocrx_word' id='word_1_136' title='bbox 1875 2076 2015 2145; x_wconf 86' lang='lat' dir='ltr'><strong>prio-</strong></span> 
     </span>
    </p>
   </div>
   <div class='ocr_carea' id='block_1_19' title="bbox 428 2169 2014 2241">
    <p class='ocr_par' dir='ltr' id='par_1_19' title="bbox 428 2169 2014 2241">
     <span class='ocr_line' id='line_1_19' title="bbox 428 2169 2014 2241; baseline -0.001 -17"><span class='ocrx_word' id='word_1_137' title='bbox 428 2173 575 2225; x_wconf 84' lang='lat' dir='ltr'><strong>ribus</strong></span> <span class='ocrx_word' id='word_1_138' title='bbox 633 2188 835 2241; x_wconf 81' lang='lat' dir='ltr'><strong>rcgem,</strong></span> <span class='ocrx_word' id='word_1_139' title='bbox 886 2171 1199 2226; x_wconf 71' lang='lat' dir='ltr'><strong>bellatorem</strong></span> <span class='ocrx_word' id='word_1_140' title='bbox 1252 2186 1318 2226; x_wconf 78' lang='lat' dir='ltr'><strong>ex</strong></span> <span class='ocrx_word' id='word_1_141' title='bbox 1371 2170 1485 2224; x_wconf 89' lang='lat' dir='ltr'><strong>viro</strong></span> <span class='ocrx_word' id='word_1_142' title='bbox 1531 2169 1729 2224; x_wconf 65' lang='lat' dir='ltr'><strong>divitia:</strong></span> <span class='ocrx_word' id='word_1_143' title='bbox 1771 2169 2014 2224; x_wconf 87' lang='lat' dir='ltr'><strong>fecerunt</strong></span> 
     </span>
    </p>
   </div>
   <div class='ocr_carea' id='block_1_20' title="bbox 427 2261 2013 2334">
    <p class='ocr_par' dir='ltr' id='par_1_20' title="bbox 427 2261 2013 2334">
     <span class='ocr_line' id='line_1_20' title="bbox 427 2261 2013 2334; baseline 0.001 -19"><span class='ocrx_word' id='word_1_144' title='bbox 427 2261 707 2317; x_wconf 88' lang='lat' dir='ltr'><strong>mulierem</strong></span> <span class='ocrx_word' id='word_1_145' title='bbox 738 2262 815 2334; x_wconf 79' lang='grc' dir='ltr'><strong>(α)</strong></span> <span class='ocrx_word' id='word_1_146' title='bbox 843 2279 857 2327; x_wconf 90' lang='grc'><strong>;</strong></span> <span class='ocrx_word' id='word_1_147' title='bbox 885 2278 949 2317; x_wconf 81' lang='lat' dir='ltr'><strong>ex</strong></span> <span class='ocrx_word' id='word_1_148' title='bbox 983 2264 1224 2328; x_wconf 88' lang='lat' dir='ltr'><strong>muliere,</strong></span> <span class='ocrx_word' id='word_1_149' title='bbox 1257 2262 1383 2333; x_wconf 89' lang='lat' dir='ltr'><strong>quid</strong></span> <span class='ocrx_word' id='word_1_150' title='bbox 1419 2262 1635 2317; x_wconf 90' lang='lat' dir='ltr'><strong>dicam?</strong></span> <span class='ocrx_word' id='word_1_151' title='bbox 1676 2262 1897 2315; x_wconf 86' lang='lat' dir='ltr'><strong>bestiam</strong></span> <span class='ocrx_word' id='word_1_152' title='bbox 1927 2277 2013 2316; x_wconf 83' lang='lat' dir='ltr'><strong>ra-</strong></span> 
     </span>
    </p>
   </div>
   <div class='ocr_carea' id='block_1_21' title="bbox 426 2353 2011 2426">
    <p class='ocr_par' dir='ltr' id='par_1_21' title="bbox 426 2353 2011 2426">
     <span class='ocr_line' id='line_1_21' title="bbox 426 2353 2011 2426; baseline 0.001 -18"><span class='ocrx_word' id='word_1_153' title='bbox 426 2353 584 2409; x_wconf 83' lang='lat' dir='ltr'><strong>tionis</strong></span> <span class='ocrx_word' id='word_1_154' title='bbox 627 2366 928 2426; x_wconf 78' lang='lat' dir='ltr'><strong>expertem,</strong></span> <span class='ocrx_word' id='word_1_155' title='bbox 960 2366 1010 2410; x_wconf 90' lang='lat' dir='ltr'><strong>et</strong></span> <span class='ocrx_word' id='word_1_156' title='bbox 1040 2356 1123 2410; x_wconf 83' lang='lat' dir='ltr'><strong>his</strong></span> <span class='ocrx_word' id='word_1_157' title='bbox 1153 2356 1326 2410; x_wconf 88' lang='lat' dir='ltr'><strong>adlme</strong></span> <span class='ocrx_word' id='word_1_158' title='bbox 1359 2354 1526 2424; x_wconf 85' lang='lat' dir='ltr'><strong>pejus.</strong></span> <span class='ocrx_word' id='word_1_159' title='bbox 1557 2355 1599 2410; x_wconf 90' lang='lat' dir='ltr'><strong>B</strong></span> <span class='ocrx_word' id='word_1_160' title='bbox 1619 2356 1751 2409; x_wconf 68' lang='lat' dir='ltr'><strong>&#39;stize</strong></span> <span class='ocrx_word' id='word_1_161' title='bbox 1796 2355 1936 2409; x_wconf 92' lang='lat' dir='ltr'><strong>enim</strong></span> <span class='ocrx_word' id='word_1_162' title='bbox 1965 2354 2011 2409; x_wconf 92' lang='lat' dir='ltr'><strong>si</strong></span> 
     </span>
    </p>
   </div>
   <div class='ocr_carea' id='block_1_22' title="bbox 424 2446 2010 2512">
    <p class='ocr_par' dir='ltr' id='par_1_22' title="bbox 424 2446 2010 2512">
     <span class='ocr_line' id='line_1_22' title="bbox 424 2446 2010 2512; baseline -0.001 -11"><span class='ocrx_word' id='word_1_163' title='bbox 424 2448 529 2501; x_wconf 88' lang='lat' dir='ltr'><strong>sint</strong></span> <span class='ocrx_word' id='word_1_164' title='bbox 557 2447 660 2501; x_wconf 89' lang='lat' dir='ltr'><strong>sub</strong></span> <span class='ocrx_word' id='word_1_165' title='bbox 688 2447 991 2512; x_wconf 84' lang='lat' dir='ltr'><strong>arboribus,</strong></span> <span class='ocrx_word' id='word_1_166' title='bbox 1022 2462 1171 2501; x_wconf 89' lang='lat' dir='ltr'><strong>suam</strong></span> <span class='ocrx_word' id='word_1_167' title='bbox 1200 2448 1465 2501; x_wconf 65' lang='lat' dir='ltr'><strong>sustinent</strong></span> <span class='ocrx_word' id='word_1_168' title='bbox 1509 2455 1771 2509; x_wconf 91' lang='lat' dir='ltr'><strong>naturam,</strong></span> <span class='ocrx_word' id='word_1_169' title='bbox 1799 2455 1852 2499; x_wconf 88' lang='lat' dir='ltr'><strong>et</strong></span> <span class='ocrx_word' id='word_1_170' title='bbox 1880 2446 2010 2501; x_wconf 85' lang='lat' dir='ltr'><strong>nihil</strong></span> 
     </span>
    </p>
   </div>
   <div class='ocr_carea' id='block_1_23' title="bbox 422 2536 2007 2609">
    <p class='ocr_par' dir='ltr' id='par_1_23' title="bbox 422 2536 2007 2609">
     <span class='ocr_line' id='line_1_23' title="bbox 422 2536 2007 2609; baseline 0.001 -20"><span class='ocrx_word' id='word_1_171' title='bbox 422 2548 673 2607; x_wconf 71' lang='lat' dir='ltr'><strong>qua‘runt</strong></span> <span class='ocrx_word' id='word_1_172' title='bbox 696 2536 925 2609; x_wconf 83' lang='lat' dir='ltr'><strong>amplius</strong></span> <span class='ocrx_word' id='word_1_173' title='bbox 951 2580 961 2590; x_wconf 91' lang='lat'><strong>.</strong></span> <span class='ocrx_word' id='word_1_174' title='bbox 990 2538 1090 2592; x_wconf 90' lang='lat' dir='ltr'><strong>iste</strong></span> <span class='ocrx_word' id='word_1_175' title='bbox 1117 2547 1295 2592; x_wconf 87' lang='lat' dir='ltr'><strong>autem</strong></span> <span class='ocrx_word' id='word_1_176' title='bbox 1322 2536 1479 2591; x_wconf 90' lang='lat' dir='ltr'><strong>etiam</strong></span> <span class='ocrx_word' id='word_1_177' title='bbox 1509 2537 1738 2591; x_wconf 76' lang='lat' dir='ltr'><strong>ferarum</strong></span> <span class='ocrx_word' id='word_1_178' title='bbox 1768 2546 2007 2590; x_wconf 88' lang='lat' dir='ltr'><strong>naturam</strong></span> 
     </span>
    </p>
   </div>
   <div class='ocr_carea' id='block_1_24' title="bbox 422 2629 2012 2701">
    <p class='ocr_par' dir='ltr' id='par_1_24' title="bbox 422 2629 2012 2701">
     <span class='ocr_line' id='line_1_24' title="bbox 422 2629 2012 2701; baseline 0.001 -17"><span class='ocrx_word' id='word_1_179' title='bbox 422 2631 579 2701; x_wconf 86' lang='lat' dir='ltr'><strong>longe</strong></span> <span class='ocrx_word' id='word_1_180' title='bbox 607 2630 905 2700; x_wconf 74' lang='lat' dir='ltr'><strong>superavit.</strong></span> <span class='ocrx_word' id='word_1_181' title='bbox 934 2630 1071 2697; x_wconf 85' lang='lat' dir='ltr'><strong>Quid</strong></span> <span class='ocrx_word' id='word_1_182' title='bbox 1114 2646 1244 2701; x_wconf 81' lang='lat' dir='ltr'><strong>ergo</strong></span> <span class='ocrx_word' id='word_1_183' title='bbox 1283 2631 1534 2686; x_wconf 87' lang='lat' dir='ltr'><strong>divitibus</strong></span> <span class='ocrx_word' id='word_1_184' title='bbox 1573 2629 1732 2685; x_wconf 90' lang='lat' dir='ltr'><strong>fuerit</strong></span> <span class='ocrx_word' id='word_1_185' title='bbox 1759 2631 2012 2700; x_wconf 63' lang='lat' dir='ltr'><strong>insipieno</strong></span> 
     </span>
    </p>
   </div>
   <div class='ocr_carea' id='block_1_25' title="bbox 421 2722 2009 2777">
    <p class='ocr_par' dir='ltr' id='par_1_25' title="bbox 421 2722 2009 2777">
     <span class='ocr_line' id='line_1_25' title="bbox 421 2722 2009 2777; baseline 0.001 -2"><span class='ocrx_word' id='word_1_186' title='bbox 421 2725 569 2777; x_wconf 82' lang='lat' dir='ltr'><strong>tius?</strong></span> <span class='ocrx_word' id='word_1_187' title='bbox 612 2723 723 2777; x_wconf 89' lang='lat' dir='ltr'><strong>lloc</strong></span> <span class='ocrx_word' id='word_1_188' title='bbox 763 2731 943 2777; x_wconf 90' lang='lat' dir='ltr'><strong>autem</strong></span> <span class='ocrx_word' id='word_1_189' title='bbox 993 2724 1046 2776; x_wconf 91' lang='lat' dir='ltr'><strong>lit</strong></span> <span class='ocrx_word' id='word_1_190' title='bbox 1094 2738 1158 2777; x_wconf 82' lang='lat' dir='ltr'><strong>ex</strong></span> <span class='ocrx_word' id='word_1_191' title='bbox 1205 2723 1363 2776; x_wconf 89' lang='lat' dir='ltr'><strong>nimia</strong></span> <span class='ocrx_word' id='word_1_192' title='bbox 1410 2722 1795 2777; x_wconf 84' lang='lat' dir='ltr'><strong>desideriorum</strong></span> <span class='ocrx_word' id='word_1_193' title='bbox 1822 2722 1894 2775; x_wconf 91' lang='lat' dir='ltr'><strong>vi.</strong></span> <span class='ocrx_word' id='word_1_194' title='bbox 1941 2722 2009 2776; x_wconf 90' lang='lat' dir='ltr'><strong>At</strong></span> 
     </span>
    </p>
   </div>
   <div class='ocr_carea' id='block_1_26' title="bbox 421 2812 2009 2882">
    <p class='ocr_par' dir='ltr' id='par_1_26' title="bbox 421 2812 2009 2882">
     <span class='ocr_line' id='line_1_26' title="bbox 421 2812 2009 2882; baseline 0 -15"><span class='ocrx_word' id='word_1_195' title='bbox 421 2829 601 2868; x_wconf 91' lang='lat' dir='ltr'><strong>nonne</strong></span> <span class='ocrx_word' id='word_1_196' title='bbox 628 2814 780 2867; x_wconf 90' lang='lat' dir='ltr'><strong>multi</strong></span> <span class='ocrx_word' id='word_1_197' title='bbox 806 2830 927 2869; x_wconf 90' lang='lat' dir='ltr'><strong>eum</strong></span> <span class='ocrx_word' id='word_1_198' title='bbox 954 2814 1326 2867; x_wconf 85' lang='lat' dir='ltr'><strong>admirantur?</strong></span> <span class='ocrx_word' id='word_1_199' title='bbox 1355 2812 1515 2867; x_wconf 86' lang='lat' dir='ltr'><strong>Fiunt</strong></span> <span class='ocrx_word' id='word_1_200' title='bbox 1542 2813 1717 2882; x_wconf 80' lang='lat' dir='ltr'><strong>itaque</strong></span> <span class='ocrx_word' id='word_1_201' title='bbox 1742 2813 1878 2867; x_wconf 91' lang='lat' dir='ltr'><strong>sicut</strong></span> <span class='ocrx_word' id='word_1_202' title='bbox 1897 2813 2009 2881; x_wconf 86' lang='lat' dir='ltr'><strong>ipse</strong></span> 
     </span>
    </p>
   </div>
   <div class='ocr_carea' id='block_1_27' title="bbox 420 2903 2005 2969">
    <p class='ocr_par' dir='ltr' id='par_1_27' title="bbox 420 2903 2005 2969">
     <span class='ocr_line' id='line_1_27' title="bbox 420 2903 2005 2969; baseline -0.003 -9"><span class='ocrx_word' id='word_1_203' title='bbox 420 2907 652 2960; x_wconf 87' lang='lat' dir='ltr'><strong>ridiculi.</strong></span> <span class='ocrx_word' id='word_1_204' title='bbox 687 2906 797 2960; x_wconf 85' lang='lat' dir='ltr'><strong>Hoc</strong></span> <span class='ocrx_word' id='word_1_205' title='bbox 826 2921 932 2961; x_wconf 92' lang='lat' dir='ltr'><strong>non</strong></span> <span class='ocrx_word' id='word_1_206' title='bbox 959 2905 1275 2961; x_wconf 86' lang='lat' dir='ltr'><strong>ostendebat</strong></span> <span class='ocrx_word' id='word_1_207' title='bbox 1300 2904 1533 2969; x_wconf 80' lang='lat' dir='ltr'><strong>divitias,</strong></span> <span class='ocrx_word' id='word_1_208' title='bbox 1565 2903 1658 2959; x_wconf 91' lang='lat' dir='ltr'><strong>sed</strong></span> <span class='ocrx_word' id='word_1_209' title='bbox 1697 2905 2005 2958; x_wconf 77' lang='lat' dir='ltr'><strong>amentiam.</strong></span> 
     </span>
    </p>
   </div>
   <div class='ocr_carea' id='block_1_28' title="bbox 419 2995 2009 3068">
    <p class='ocr_par' dir='ltr' id='par_1_28' title="bbox 419 2995 2009 3068">
     <span class='ocr_line' id='line_1_28' title="bbox 419 2995 2009 3068; baseline -0.002 -16"><span class='ocrx_word' id='word_1_210' title='bbox 419 2998 598 3052; x_wconf 81' lang='lat' dir='ltr'><strong>Aurea</strong></span> <span class='ocrx_word' id='word_1_211' title='bbox 619 2997 707 3051; x_wconf 90' lang='lat' dir='ltr'><strong>illa</strong></span> <span class='ocrx_word' id='word_1_212' title='bbox 738 2996 957 3066; x_wconf 91' lang='lat' dir='ltr'><strong>platano</strong></span> <span class='ocrx_word' id='word_1_213' title='bbox 981 3006 1184 3068; x_wconf 86' lang='lat' dir='ltr'><strong>quanto</strong></span> <span class='ocrx_word' id='word_1_214' title='bbox 1213 3005 1296 3050; x_wconf 78' lang='lat' dir='ltr'><strong>est</strong></span> <span class='ocrx_word' id='word_1_215' title='bbox 1328 2996 1594 3050; x_wconf 87' lang='lat' dir='ltr'><strong>terrestris</strong></span> <span class='ocrx_word' id='word_1_216' title='bbox 1626 2995 1866 3065; x_wconf 87' lang='lat' dir='ltr'><strong>platanus</strong></span> <span class='ocrx_word' id='word_1_217' title='bbox 1896 3011 2009 3050; x_wconf 84' lang='lat' dir='ltr'><strong>me-</strong></span> 
     </span>
    </p>
   </div>
   <div class='ocr_carea' id='block_1_29' title="bbox 419 3085 2006 3158">
    <p class='ocr_par' dir='ltr' id='par_1_29' title="bbox 419 3085 2006 3158">
     <span class='ocr_line' id='line_1_29' title="bbox 419 3085 2006 3158; baseline -0.002 -15"><span class='ocrx_word' id='word_1_218' title='bbox 419 3087 521 3143; x_wconf 91' lang='lat' dir='ltr'><strong>lior</strong></span> <span class='ocrx_word' id='word_1_219' title='bbox 559 3097 615 3143; x_wconf 90' lang='lat' dir='ltr'><strong>et</strong></span> <span class='ocrx_word' id='word_1_220' title='bbox 643 3088 1028 3158; x_wconf 74' lang='lat' dir='ltr'><strong>prtestantior?</strong></span> <span class='ocrx_word' id='word_1_221' title='bbox 1074 3104 1194 3141; x_wconf 87' lang='lat' dir='ltr'><strong>nam</strong></span> <span class='ocrx_word' id='word_1_222' title='bbox 1245 3103 1363 3157; x_wconf 67' lang='lat' dir='ltr'><strong>qua:</strong></span> <span class='ocrx_word' id='word_1_223' title='bbox 1412 3097 1535 3142; x_wconf 89' lang='lat' dir='ltr'><strong>sunt</strong></span> <span class='ocrx_word' id='word_1_224' title='bbox 1576 3085 1867 3140; x_wconf 88' lang='lat' dir='ltr'><strong>sccundmn</strong></span> <span class='ocrx_word' id='word_1_225' title='bbox 1908 3101 2006 3140; x_wconf 84' lang='lat' dir='ltr'><strong>na-</strong></span> 
     </span>
    </p>
   </div>
   <div class='ocr_carea' id='block_1_30' title="bbox 419 3180 2008 3249">
    <p class='ocr_par' dir='ltr' id='par_1_30' title="bbox 419 3180 2008 3249">
     <span class='ocr_line' id='line_1_30' title="bbox 419 3180 2008 3249; baseline -0.001 -15"><span class='ocrx_word' id='word_1_226' title='bbox 419 3188 634 3247; x_wconf 89' lang='lat' dir='ltr'><strong>turam,</strong></span> <span class='ocrx_word' id='word_1_227' title='bbox 681 3190 805 3235; x_wconf 92' lang='lat' dir='ltr'><strong>sunt</strong></span> <span class='ocrx_word' id='word_1_228' title='bbox 844 3180 1162 3249; x_wconf 87' lang='lat' dir='ltr'><strong>jucundiora</strong></span> <span class='ocrx_word' id='word_1_229' title='bbox 1197 3181 1260 3234; x_wconf 91' lang='lat' dir='ltr'><strong>iis</strong></span> <span class='ocrx_word' id='word_1_230' title='bbox 1288 3196 1405 3249; x_wconf 78' lang='lat' dir='ltr'><strong>qua:</strong></span> <span class='ocrx_word' id='word_1_231' title='bbox 1449 3188 1574 3233; x_wconf 88' lang='lat' dir='ltr'><strong>sunt</strong></span> <span class='ocrx_word' id='word_1_232' title='bbox 1625 3190 1819 3248; x_wconf 68' lang='lat' dir='ltr'><strong>prazter</strong></span> <span class='ocrx_word' id='word_1_233' title='bbox 1855 3187 2008 3232; x_wconf 57' lang='lat' dir='ltr'><strong>natu.</strong></span> 
     </span>
    </p>
   </div>
   <div class='ocr_carea' id='block_1_31' title="bbox 418 3270 2006 3340">
    <p class='ocr_par' dir='ltr' id='par_1_31' title="bbox 418 3270 2006 3340">
     <span class='ocr_line' id='line_1_31' title="bbox 418 3270 2006 3340; baseline -0.003 -12"><span class='ocrx_word' id='word_1_234' title='bbox 418 3288 555 3328; x_wconf 76' lang='lat' dir='ltr'><strong>nni.</strong></span> <span class='ocrx_word' id='word_1_235' title='bbox 581 3272 719 3340; x_wconf 91' lang='lat' dir='ltr'><strong>Quid</strong></span> <span class='ocrx_word' id='word_1_236' title='bbox 743 3272 835 3326; x_wconf 90' lang='lat' dir='ltr'><strong>tibi</strong></span> <span class='ocrx_word' id='word_1_237' title='bbox 860 3272 1073 3328; x_wconf 89' lang='lat' dir='ltr'><strong>volebat</strong></span> <span class='ocrx_word' id='word_1_238' title='bbox 1097 3272 1286 3326; x_wconf 65' lang='lat' dir='ltr'><strong>ca‘lum</strong></span> <span class='ocrx_word' id='word_1_239' title='bbox 1310 3286 1552 3333; x_wconf 89' lang='lat' dir='ltr'><strong>aureum,</strong></span> <span class='ocrx_word' id='word_1_240' title='bbox 1576 3286 1609 3325; x_wconf 90' lang='grc' dir='ltr'>ο</span> <span class='ocrx_word' id='word_1_241' title='bbox 1638 3270 1821 3324; x_wconf 87' lang='lat' dir='ltr'><strong>fatue?</strong></span> <span class='ocrx_word' id='word_1_242' title='bbox 1848 3270 2006 3324; x_wconf 74' lang='lat' dir='ltr'><strong>Vides</strong></span> 
     </span>
    </p>
   </div>
   <div class='ocr_carea' id='block_1_32' title="bbox 422 3362 2008 3434">
    <p class='ocr_par' dir='ltr' id='par_1_32' title="bbox 422 3362 2008 3434">
     <span class='ocr_line' id='line_1_32' title="bbox 422 3362 2008 3434; baseline -0.001 -17"><span class='ocrx_word' id='word_1_243' title='bbox 422 3363 696 3434; x_wconf 89' lang='lat' dir='ltr'><strong>quomodo</strong></span> <span class='ocrx_word' id='word_1_244' title='bbox 723 3364 1050 3418; x_wconf 88' lang='lat' dir='ltr'><strong>insanientes</strong></span> <span class='ocrx_word' id='word_1_245' title='bbox 1079 3363 1274 3418; x_wconf 77' lang='lat' dir='ltr'><strong>faciant</strong></span> <span class='ocrx_word' id='word_1_246' title='bbox 1316 3362 1550 3417; x_wconf 74' lang='lat' dir='ltr'><strong>divitim?</strong></span> <span class='ocrx_word' id='word_1_247' title='bbox 1578 3362 1845 3431; x_wconf 76' lang='lat' dir='ltr'><strong>quomodo</strong></span> <span class='ocrx_word' id='word_1_248' title='bbox 1868 3363 2008 3415; x_wconf 90' lang='lat' dir='ltr'><strong>intu-</strong></span> 
     </span>
    </p>
   </div>
   <div class='ocr_carea' id='block_1_33' title="bbox 418 3455 2002 3524">
    <p class='ocr_par' dir='ltr' id='par_1_33' title="bbox 418 3455 2002 3524">
     <span class='ocr_line' id='line_1_33' title="bbox 418 3455 2002 3524; baseline -0.001 -14"><span class='ocrx_word' id='word_1_249' title='bbox 418 3464 662 3512; x_wconf 85' lang='lat' dir='ltr'><strong>mescant</strong></span> <span class='ocrx_word' id='word_1_250' title='bbox 698 3456 1039 3511; x_wconf 66' lang='lat' dir='ltr'><strong>etrestuent?</strong></span> <span class='ocrx_word' id='word_1_251' title='bbox 1066 3456 1325 3510; x_wconf 82' lang='lat' dir='ltr'><strong>Existimo</strong></span> <span class='ocrx_word' id='word_1_252' title='bbox 1350 3455 1491 3524; x_wconf 86' lang='lat' dir='ltr'><strong>ipsas</strong></span> <span class='ocrx_word' id='word_1_253' title='bbox 1521 3455 1681 3510; x_wconf 91' lang='lat' dir='ltr'><strong>etiam</strong></span> <span class='ocrx_word' id='word_1_254' title='bbox 1713 3470 1858 3510; x_wconf 90' lang='lat' dir='ltr'><strong>mare</strong></span> <span class='ocrx_word' id='word_1_255' title='bbox 1898 3470 2002 3509; x_wconf 91' lang='lat' dir='ltr'><strong>non</strong></span> 
     </span>
    </p>
   </div>
   <div class='ocr_carea' id='block_1_34' title="bbox 421 3546 2004 3616">
    <p class='ocr_par' dir='ltr' id='par_1_34' title="bbox 421 3546 2004 3616">
     <span class='ocr_line' id='line_1_34' title="bbox 421 3546 2004 3616; baseline 0 -14"><span class='ocrx_word' id='word_1_256' title='bbox 421 3562 602 3613; x_wconf 86' lang='lat' dir='ltr'><strong>nosse,</strong></span> <span class='ocrx_word' id='word_1_257' title='bbox 634 3559 688 3603; x_wconf 88' lang='lat' dir='ltr'><strong>et</strong></span> <span class='ocrx_word' id='word_1_258' title='bbox 714 3548 943 3604; x_wconf 82' lang='lat' dir='ltr'><strong>fortasse</strong></span> <span class='ocrx_word' id='word_1_259' title='bbox 970 3549 1109 3604; x_wconf 79' lang='lat' dir='ltr'><strong>velle</strong></span> <span class='ocrx_word' id='word_1_260' title='bbox 1133 3549 1293 3603; x_wconf 88' lang='lat' dir='ltr'><strong>etiam</strong></span> <span class='ocrx_word' id='word_1_261' title='bbox 1324 3548 1376 3601; x_wconf 92' lang='lat' dir='ltr'><strong>in</strong></span> <span class='ocrx_word' id='word_1_262' title='bbox 1416 3548 1531 3616; x_wconf 87' lang='lat' dir='ltr'><strong>ipso</strong></span> <span class='ocrx_word' id='word_1_263' title='bbox 1557 3546 1782 3616; x_wconf 82' lang='lat' dir='ltr'><strong>ingredi.</strong></span> <span class='ocrx_word' id='word_1_264' title='bbox 1811 3547 2004 3602; x_wconf 85' lang='lat' dir='ltr'><strong>Annon</strong></span> 
     </span>
    </p>
   </div>
   <div class='ocr_carea' id='block_1_35' title="bbox 420 3639 2006 3709">
    <p class='ocr_par' dir='ltr' id='par_1_35' title="bbox 420 3639 2006 3709">
     <span class='ocr_line' id='line_1_35' title="bbox 420 3639 2006 3709; baseline -0.001 -15"><span class='ocrx_word' id='word_1_265' title='bbox 420 3640 537 3697; x_wconf 64' lang='lat' dir='ltr'><strong>haec</strong></span> <span class='ocrx_word' id='word_1_266' title='bbox 560 3651 685 3697; x_wconf 90' lang='lat' dir='ltr'><strong>sunt</strong></span> <span class='ocrx_word' id='word_1_267' title='bbox 705 3641 1003 3697; x_wconf 78' lang='lat' dir='ltr'><strong>chima-ra?</strong></span> <span class='ocrx_word' id='word_1_268' title='bbox 1026 3657 1205 3695; x_wconf 90' lang='lat' dir='ltr'><strong>annon</strong></span> <span class='ocrx_word' id='word_1_269' title='bbox 1236 3640 1725 3709; x_wconf 86' lang='lat' dir='ltr'><strong>hippocentaurus?</strong></span> <span class='ocrx_word' id='word_1_270' title='bbox 1750 3639 1853 3695; x_wconf 90' lang='lat' dir='ltr'><strong>Sed</strong></span> <span class='ocrx_word' id='word_1_271' title='bbox 1880 3649 2006 3695; x_wconf 90' lang='lat' dir='ltr'><strong>sunt</strong></span> 
     </span>
    </p>
   </div>
   <div class='ocr_carea' id='block_1_36' title="bbox 422 3731 2002 3805">
    <p class='ocr_par' dir='ltr' id='par_1_36' title="bbox 422 3731 2002 3805">
     <span class='ocr_line' id='line_1_36' title="bbox 422 3731 2002 3805; baseline -0.002 -16"><span class='ocrx_word' id='word_1_272' title='bbox 422 3750 563 3789; x_wconf 88' lang='lat' dir='ltr'><strong>nunc</strong></span> <span class='ocrx_word' id='word_1_273' title='bbox 606 3750 821 3803; x_wconf 87' lang='lat' dir='ltr'><strong>quoque</strong></span> <span class='ocrx_word' id='word_1_274' title='bbox 848 3734 937 3804; x_wconf 92' lang='lat' dir='ltr'><strong>qui</strong></span> <span class='ocrx_word' id='word_1_275' title='bbox 960 3734 1028 3787; x_wconf 90' lang='lat' dir='ltr'><strong>ab</strong></span> <span class='ocrx_word' id='word_1_276' title='bbox 1071 3733 1189 3805; x_wconf 87' lang='lat' dir='ltr'><strong>ipso</strong></span> <span class='ocrx_word' id='word_1_277' title='bbox 1234 3731 1368 3786; x_wconf 88' lang='lat' dir='ltr'><strong>nihil</strong></span> <span class='ocrx_word' id='word_1_278' title='bbox 1408 3731 1639 3798; x_wconf 88' lang='lat' dir='ltr'><strong>distant;</strong></span> <span class='ocrx_word' id='word_1_279' title='bbox 1681 3741 1805 3785; x_wconf 89' lang='lat' dir='ltr'><strong>sunt</strong></span> <span class='ocrx_word' id='word_1_280' title='bbox 1843 3732 2002 3786; x_wconf 89' lang='lat' dir='ltr'><strong>etiam</strong></span> 
     </span>
    </p>
   </div>
   <div class='ocr_carea' id='block_1_37' title="bbox 423 3824 2002 3896">
    <p class='ocr_par' dir='ltr' id='par_1_37' title="bbox 423 3824 2002 3896">
     <span class='ocr_line' id='line_1_37' title="bbox 423 3824 2002 3896; baseline -0.002 -15"><span class='ocrx_word' id='word_1_281' title='bbox 423 3827 594 3881; x_wconf 89' lang='lat' dir='ltr'><strong>multo</strong></span> <span class='ocrx_word' id='word_1_282' title='bbox 617 3825 1029 3896; x_wconf 87' lang='lat' dir='ltr'><strong>insipientiores.</strong></span> <span class='ocrx_word' id='word_1_283' title='bbox 1058 3824 1194 3891; x_wconf 85' lang='lat' dir='ltr'><strong>Quid</strong></span> <span class='ocrx_word' id='word_1_284' title='bbox 1221 3825 1382 3889; x_wconf 90' lang='lat' dir='ltr'><strong>enim,</strong></span> <span class='ocrx_word' id='word_1_285' title='bbox 1414 3825 1726 3894; x_wconf 84' lang='lat' dir='ltr'><strong>dic,qu:eso,</strong></span> <span class='ocrx_word' id='word_1_286' title='bbox 1755 3824 1822 3878; x_wconf 90' lang='lat' dir='ltr'><strong>ab</strong></span> <span class='ocrx_word' id='word_1_287' title='bbox 1843 3840 2002 3880; x_wconf 89' lang='lat' dir='ltr'><strong>aurea</strong></span> 
     </span>
    </p>
   </div>
   <div class='ocr_carea' id='block_1_38' title="bbox 422 3913 2001 3986">
    <p class='ocr_par' dir='ltr' id='par_1_38' title="bbox 422 3913 2001 3986">
     <span class='ocr_line' id='line_1_38' title="bbox 422 3913 2001 3986; baseline 0.002 -20"><span class='ocrx_word' id='word_1_288' title='bbox 422 3917 641 3983; x_wconf 83' lang='lat' dir='ltr'><strong>platano</strong></span> <span class='ocrx_word' id='word_1_289' title='bbox 682 3914 968 3977; x_wconf 82' lang='lat' dir='ltr'><strong>differunt,</strong></span> <span class='ocrx_word' id='word_1_290' title='bbox 1018 3914 1157 3986; x_wconf 90' lang='lat' dir='ltr'><strong>quod</strong></span> <span class='ocrx_word' id='word_1_291' title='bbox 1203 3916 1395 3970; x_wconf 90' lang='lat' dir='ltr'><strong>attinet</strong></span> <span class='ocrx_word' id='word_1_292' title='bbox 1441 3913 1507 3969; x_wconf 86' lang='lat' dir='ltr'><strong>ad</strong></span> <span class='ocrx_word' id='word_1_293' title='bbox 1552 3915 1859 3980; x_wconf 84' lang='lat' dir='ltr'><strong>amentiam,</strong></span> <span class='ocrx_word' id='word_1_294' title='bbox 1914 3915 2001 3985; x_wconf 87' lang='lat' dir='ltr'><strong>qui</strong></span> 
     </span>
    </p>
   </div>
   <div class='ocr_carea' id='block_1_39' title="bbox 423 4004 2003 4075">
    <p class='ocr_par' dir='ltr' id='par_1_39' title="bbox 423 4004 2003 4075">
     <span class='ocr_line' id='line_1_39' title="bbox 423 4004 2003 4075; baseline -0.001 -16"><span class='ocrx_word' id='word_1_295' title='bbox 423 4006 712 4075; x_wconf 87' lang='lat' dir='ltr'><strong>amphoras</strong></span> <span class='ocrx_word' id='word_1_296' title='bbox 759 4006 958 4060; x_wconf 72' lang='lat' dir='ltr'><strong>iaciunt</strong></span> <span class='ocrx_word' id='word_1_297' title='bbox 983 4019 1175 4060; x_wconf 88' lang='lat' dir='ltr'><strong>aureas</strong></span> <span class='ocrx_word' id='word_1_298' title='bbox 1212 4014 1268 4060; x_wconf 93' lang='lat' dir='ltr'><strong>et</strong></span> <span class='ocrx_word' id='word_1_299' title='bbox 1303 4004 1436 4058; x_wconf 89' lang='lat' dir='ltr'><strong>ollas</strong></span> <span class='ocrx_word' id='word_1_300' title='bbox 1463 4012 1517 4060; x_wconf 91' lang='lat' dir='ltr'><strong>et</strong></span> <span class='ocrx_word' id='word_1_301' title='bbox 1544 4004 1850 4059; x_wconf 69' lang='lat' dir='ltr'><strong>alabastra?</strong></span> <span class='ocrx_word' id='word_1_302' title='bbox 1879 4004 2003 4074; x_wconf 84' lang='lat' dir='ltr'><strong>quid</strong></span> 
     </span>
    </p>
   </div>
   <div class='ocr_carea' id='block_1_40' title="bbox 420 4094 2005 4166">
    <p class='ocr_par' dir='ltr' id='par_1_40' title="bbox 420 4094 2005 4166">
     <span class='ocr_line' id='line_1_40' title="bbox 420 4094 2005 4166; baseline 0.001 -19"><span class='ocrx_word' id='word_1_303' title='bbox 420 4111 550 4150; x_wconf 91' lang='lat' dir='ltr'><strong>vero</strong></span> <span class='ocrx_word' id='word_1_304' title='bbox 589 4095 841 4151; x_wconf 89' lang='lat' dir='ltr'><strong>mulieres</strong></span> <span class='ocrx_word' id='word_1_305' title='bbox 869 4095 1049 4166; x_wconf 83' lang='lat' dir='ltr'><strong>(pudet</strong></span> <span class='ocrx_word' id='word_1_306' title='bbox 1078 4095 1317 4166; x_wconf 89' lang='lat' dir='ltr'><strong>quidem,</strong></span> <span class='ocrx_word' id='word_1_307' title='bbox 1347 4094 1440 4149; x_wconf 92' lang='lat' dir='ltr'><strong>sed</strong></span> <span class='ocrx_word' id='word_1_308' title='bbox 1470 4103 1646 4149; x_wconf 88' lang='lat' dir='ltr'><strong>tamen</strong></span> <span class='ocrx_word' id='word_1_309' title='bbox 1674 4110 1892 4150; x_wconf 60' lang='lat' dir='ltr'><strong>necesse</strong></span> <span class='ocrx_word' id='word_1_310' title='bbox 1923 4103 2005 4149; x_wconf 66' lang='lat' dir='ltr'><strong>est</strong></span> 
     </span>
    </p>
   </div>
   <div class='ocr_carea' id='block_1_41' title="bbox 420 4184 2005 4258">
    <p class='ocr_par' dir='ltr' id='par_1_41' title="bbox 420 4184 2005 4258">
     <span class='ocr_line' id='line_1_41' title="bbox 420 4184 2005 4258; baseline 0.001 -18"><span class='ocrx_word' id='word_1_311' title='bbox 420 4184 649 4258; x_wconf 74' lang='lat' dir='ltr'><strong>dicere),</strong></span> <span class='ocrx_word' id='word_1_312' title='bbox 679 4188 909 4241; x_wconf 87' lang='lat' dir='ltr'><strong>matulas</strong></span> <span class='ocrx_word' id='word_1_313' title='bbox 941 4186 1196 4241; x_wconf 81' lang='lat' dir='ltr'><strong>facientes</strong></span> <span class='ocrx_word' id='word_1_314' title='bbox 1243 4185 1567 4255; x_wconf 87' lang='lat' dir='ltr'><strong>argenteas?</strong></span> <span class='ocrx_word' id='word_1_315' title='bbox 1595 4185 1880 4254; x_wconf 87' lang='lat' dir='ltr'><strong>Oporteret</strong></span> <span class='ocrx_word' id='word_1_316' title='bbox 1909 4202 2005 4242; x_wconf 85' lang='lat' dir='ltr'><strong>vos</strong></span> 
     </span>
    </p>
   </div>
   <div class='ocr_carea' id='block_1_42' title="bbox 420 4274 2004 4346">
    <p class='ocr_par' dir='ltr' id='par_1_42' title="bbox 420 4274 2004 4346">
     <span class='ocr_line' id='line_1_42' title="bbox 420 4274 2004 4346; baseline 0 -18"><span class='ocrx_word' id='word_1_317' title='bbox 420 4276 623 4346; x_wconf 80' lang='lat' dir='ltr'><strong>pudere</strong></span> <span class='ocrx_word' id='word_1_318' title='bbox 652 4291 771 4344; x_wconf 83' lang='lat' dir='ltr'><strong>qua:</strong></span> <span class='ocrx_word' id='word_1_319' title='bbox 802 4275 917 4330; x_wconf 77' lang='lat' dir='ltr'><strong>hrec</strong></span> <span class='ocrx_word' id='word_1_320' title='bbox 947 4274 1138 4330; x_wconf 77' lang='lat' dir='ltr'><strong>facitis.</strong></span> <span class='ocrx_word' id='word_1_321' title='bbox 1166 4275 1381 4329; x_wconf 86' lang='lat' dir='ltr'><strong>Christo</strong></span> <span class='ocrx_word' id='word_1_322' title='bbox 1423 4275 1693 4330; x_wconf 87' lang='lat' dir='ltr'><strong>esuriente</strong></span> <span class='ocrx_word' id='word_1_323' title='bbox 1739 4284 1792 4329; x_wconf 89' lang='lat' dir='ltr'><strong>tu</strong></span> <span class='ocrx_word' id='word_1_324' title='bbox 1823 4277 1890 4329; x_wconf 88' lang='lat' dir='ltr'><strong>ita</strong></span> <span class='ocrx_word' id='word_1_325' title='bbox 1920 4276 2004 4329; x_wconf 89' lang='lat' dir='ltr'><strong>in-</strong></span> 
     </span>
    </p>
   </div>
   <div class='ocr_carea' id='block_1_43' title="bbox 419 4364 2005 4436">
    <p class='ocr_par' dir='ltr' id='par_1_43' title="bbox 419 4364 2005 4436">
     <span class='ocr_line' id='line_1_43' title="bbox 419 4364 2005 4436; baseline 0.001 -17"><span class='ocrx_word' id='word_1_326' title='bbox 419 4367 611 4436; x_wconf 83' lang='lat' dir='ltr'><strong>dulges</strong></span> <span class='ocrx_word' id='word_1_327' title='bbox 637 4365 864 4428; x_wconf 90' lang='lat' dir='ltr'><strong>deliciis,</strong></span> <span class='ocrx_word' id='word_1_328' title='bbox 913 4368 1020 4419; x_wconf 90' lang='lat' dir='ltr'><strong>imo</strong></span> <span class='ocrx_word' id='word_1_329' title='bbox 1047 4381 1177 4420; x_wconf 82' lang='lat' dir='ltr'><strong>vero</strong></span> <span class='ocrx_word' id='word_1_330' title='bbox 1202 4365 1444 4434; x_wconf 78' lang='lat' dir='ltr'><strong>desipis?</strong></span> <span class='ocrx_word' id='word_1_331' title='bbox 1487 4380 1743 4435; x_wconf 91' lang='lat' dir='ltr'><strong>quasnam</strong></span> <span class='ocrx_word' id='word_1_332' title='bbox 1789 4364 1871 4419; x_wconf 82' lang='lat' dir='ltr'><strong>ha:</strong></span> <span class='ocrx_word' id='word_1_333' title='bbox 1898 4380 2005 4420; x_wconf 92' lang='lat' dir='ltr'><strong>non</strong></span> 
     </span>
    </p>
   </div>
   <div class='ocr_carea' id='block_1_44' title="bbox 421 4458 2008 4529">
    <p class='ocr_par' dir='ltr' id='par_1_44' title="bbox 421 4458 2008 4529">
     <span class='ocr_line' id='line_1_44' title="bbox 421 4458 2008 4529; baseline 0.001 -18"><span class='ocrx_word' id='word_1_334' title='bbox 421 4458 573 4513; x_wconf 90' lang='lat' dir='ltr'><strong>luent</strong></span> <span class='ocrx_word' id='word_1_335' title='bbox 617 4473 804 4529; x_wconf 73' lang='lat' dir='ltr'><strong>pmnas</strong></span> <span class='ocrx_word' id='word_1_336' title='bbox 825 4460 850 4510; x_wconf 83' lang='lat'><strong>?</strong></span> <span class='ocrx_word' id='word_1_337' title='bbox 882 4458 1084 4513; x_wconf 90' lang='lat' dir='ltr'><strong>Deinde</strong></span> <span class='ocrx_word' id='word_1_338' title='bbox 1124 4473 1280 4529; x_wconf 83' lang='lat' dir='ltr'><strong>rogas</strong></span> <span class='ocrx_word' id='word_1_339' title='bbox 1308 4473 1407 4513; x_wconf 89' lang='lat' dir='ltr'><strong>cur</strong></span> <span class='ocrx_word' id='word_1_340' title='bbox 1433 4459 1687 4528; x_wconf 73' lang='lat' dir='ltr'><strong>latrones,</strong></span> <span class='ocrx_word' id='word_1_341' title='bbox 1715 4474 1811 4513; x_wconf 90' lang='lat' dir='ltr'><strong>cur</strong></span> <span class='ocrx_word' id='word_1_342' title='bbox 1838 4459 2008 4527; x_wconf 87' lang='lat' dir='ltr'><strong>parri-</strong></span> 
     </span>
    </p>
   </div>
   <div class='ocr_carea' id='block_1_45' title="bbox 421 4549 2009 4619">
    <p class='ocr_par' dir='ltr' id='par_1_45' title="bbox 421 4549 2009 4619">
     <span class='ocr_line' id='line_1_45' title="bbox 421 4549 2009 4619; baseline 0.001 -17"><span class='ocrx_word' id='word_1_343' title='bbox 421 4549 578 4614; x_wconf 69' lang='lat' dir='ltr'><strong>cidae,</strong></span> <span class='ocrx_word' id='word_1_344' title='bbox 609 4564 708 4603; x_wconf 92' lang='lat' dir='ltr'><strong>cur</strong></span> <span class='ocrx_word' id='word_1_345' title='bbox 731 4550 888 4612; x_wconf 89' lang='lat' dir='ltr'><strong>mala,</strong></span> <span class='ocrx_word' id='word_1_346' title='bbox 910 4564 1030 4603; x_wconf 89' lang='lat' dir='ltr'><strong>cum</strong></span> <span class='ocrx_word' id='word_1_347' title='bbox 1058 4549 1303 4604; x_wconf 84' lang='lat' dir='ltr'><strong>diabolus</strong></span> <span class='ocrx_word' id='word_1_348' title='bbox 1327 4563 1420 4602; x_wconf 91' lang='lat' dir='ltr'><strong>vos</strong></span> <span class='ocrx_word' id='word_1_349' title='bbox 1448 4549 1518 4604; x_wconf 89' lang='lat' dir='ltr'><strong>ita</strong></span> <span class='ocrx_word' id='word_1_350' title='bbox 1541 4550 1701 4619; x_wconf 81' lang='lat' dir='ltr'><strong>agitet</strong></span> <span class='ocrx_word' id='word_1_351' title='bbox 1719 4564 1783 4604; x_wconf 90' lang='lat' dir='ltr'><strong>ac</strong></span> <span class='ocrx_word' id='word_1_352' title='bbox 1807 4550 2009 4604; x_wconf 88' lang='lat' dir='ltr'><strong>discer-</strong></span> 
     </span>
    </p>
   </div>
   <div class='ocr_carea' id='block_1_46' title="bbox 422 4637 2005 4710">
    <p class='ocr_par' dir='ltr' id='par_1_46' title="bbox 422 4637 2005 4710">
     <span class='ocr_line' id='line_1_46' title="bbox 422 4637 2005 4710; baseline 0.001 -18"><span class='ocrx_word' id='word_1_353' title='bbox 422 4639 547 4707; x_wconf 85' lang='lat' dir='ltr'><strong>pat?</strong></span> <span class='ocrx_word' id='word_1_354' title='bbox 575 4637 709 4692; x_wconf 83' lang='lat' dir='ltr'><strong>Nam</strong></span> <span class='ocrx_word' id='word_1_355' title='bbox 752 4638 928 4694; x_wconf 87' lang='lat' dir='ltr'><strong>discos</strong></span> <span class='ocrx_word' id='word_1_356' title='bbox 971 4638 1171 4694; x_wconf 90' lang='lat' dir='ltr'><strong>habere</strong></span> <span class='ocrx_word' id='word_1_357' title='bbox 1220 4647 1501 4709; x_wconf 82' lang='lat' dir='ltr'><strong>argenteos</strong></span> <span class='ocrx_word' id='word_1_358' title='bbox 1523 4679 1539 4706; x_wconf 92' lang='lat'><strong>,</strong></span> <span class='ocrx_word' id='word_1_359' title='bbox 1572 4655 1642 4695; x_wconf 90' lang='lat' dir='ltr'><strong>ne</strong></span> <span class='ocrx_word' id='word_1_360' title='bbox 1669 4640 1770 4696; x_wconf 90' lang='lat' dir='ltr'><strong>hoc</strong></span> <span class='ocrx_word' id='word_1_361' title='bbox 1792 4639 2005 4710; x_wconf 88' lang='lat' dir='ltr'><strong>quidem</strong></span> 
     </span>
    </p>
   </div>
   <div class='ocr_carea' id='block_1_47' title="bbox 423 4729 2009 4802">
    <p class='ocr_par' dir='ltr' id='par_1_47' title="bbox 423 4729 2009 4802">
     <span class='ocr_line' id='line_1_47' title="bbox 423 4729 2009 4802; baseline 0.003 -19"><span class='ocrx_word' id='word_1_362' title='bbox 423 4733 604 4785; x_wconf 85' lang='lat' dir='ltr'><strong>animo</strong></span> <span class='ocrx_word' id='word_1_363' title='bbox 631 4733 883 4787; x_wconf 80' lang='lat' dir='ltr'><strong>convenit</strong></span> <span class='ocrx_word' id='word_1_364' title='bbox 929 4729 1324 4801; x_wconf 88' lang='lat' dir='ltr'><strong>philosophico,</strong></span> <span class='ocrx_word' id='word_1_365' title='bbox 1367 4731 1461 4786; x_wconf 90' lang='lat' dir='ltr'><strong>sed</strong></span> <span class='ocrx_word' id='word_1_366' title='bbox 1513 4740 1679 4786; x_wconf 91' lang='lat' dir='ltr'><strong>totum</strong></span> <span class='ocrx_word' id='word_1_367' title='bbox 1727 4741 1809 4787; x_wconf 91' lang='lat' dir='ltr'><strong>est</strong></span> <span class='ocrx_word' id='word_1_368' title='bbox 1851 4733 2009 4802; x_wconf 85' lang='lat' dir='ltr'><strong>plane</strong></span> 
     </span>
    </p>
   </div>
   <div class='ocr_carea' id='block_1_48' title="bbox 423 4821 2007 4893">
    <p class='ocr_par' dir='ltr' id='par_1_48' title="bbox 423 4821 2007 4893">
     <span class='ocr_line' id='line_1_48' title="bbox 423 4821 2007 4893; baseline 0.001 -17"><span class='ocrx_word' id='word_1_369' title='bbox 423 4821 760 4887; x_wconf 88' lang='lat' dir='ltr'><strong>deliciarum,</strong></span> <span class='ocrx_word' id='word_1_370' title='bbox 779 4822 1049 4877; x_wconf 87' lang='lat' dir='ltr'><strong>immunda</strong></span> <span class='ocrx_word' id='word_1_371' title='bbox 1090 4834 1265 4877; x_wconf 87' lang='lat' dir='ltr'><strong>autem</strong></span> <span class='ocrx_word' id='word_1_372' title='bbox 1294 4838 1418 4875; x_wconf 88' lang='lat' dir='ltr'><strong>vasa</strong></span> <span class='ocrx_word' id='word_1_373' title='bbox 1450 4823 1625 4877; x_wconf 89' lang='lat' dir='ltr'><strong>facere</strong></span> <span class='ocrx_word' id='word_1_374' title='bbox 1647 4832 1915 4893; x_wconf 79' lang='lat' dir='ltr'><strong>argentea,</strong></span> <span class='ocrx_word' id='word_1_375' title='bbox 1941 4837 2007 4877; x_wconf 92' lang='lat' dir='ltr'><strong>an</strong></span> 
     </span>
    </p>
   </div>
   <div class='ocr_carea' id='block_1_49' title="bbox 424 4911 2008 4982">
    <p class='ocr_par' dir='ltr' id='par_1_49' title="bbox 424 4911 2008 4982">
     <span class='ocr_line' id='line_1_49' title="bbox 424 4911 2008 4982; baseline -0.001 -17"><span class='ocrx_word' id='word_1_376' title='bbox 424 4912 626 4982; x_wconf 88' lang='lat' dir='ltr'><strong>aliquid</strong></span> <span class='ocrx_word' id='word_1_377' title='bbox 673 4911 832 4968; x_wconf 86' lang='lat' dir='ltr'><strong>habet</strong></span> <span class='ocrx_word' id='word_1_378' title='bbox 859 4912 1170 4967; x_wconf 87' lang='lat' dir='ltr'><strong>deliciarum</strong></span> <span class='ocrx_word' id='word_1_379' title='bbox 1190 4913 1215 4965; x_wconf 69' lang='grc' dir='ltr'><strong>’ἔ</strong></span> <span class='ocrx_word' id='word_1_380' title='bbox 1245 4928 1350 4967; x_wconf 90' lang='lat' dir='ltr'><strong>non</strong></span> <span class='ocrx_word' id='word_1_381' title='bbox 1381 4913 1607 4967; x_wconf 75' lang='lat' dir='ltr'><strong>dixerim</strong></span> <span class='ocrx_word' id='word_1_382' title='bbox 1656 4912 1968 4968; x_wconf 84' lang='lat' dir='ltr'><strong>deliciarum</strong></span> <span class='ocrx_word' id='word_1_383' title='bbox 1990 4953 2008 4980; x_wconf 84' lang='lat'><strong>,</strong></span> 
     </span>
    </p>
   </div>
   <div class='ocr_carea' id='block_1_50' title="bbox 426 5003 1523 5073">
    <p class='ocr_par' dir='ltr' id='par_1_50' title="bbox 426 5003 1523 5073">
     <span class='ocr_line' id='line_1_50' title="bbox 426 5003 1523 5073; baseline -0.001 -15"><span class='ocrx_word' id='word_1_384' title='bbox 426 5005 519 5058; x_wconf 87' lang='lat' dir='ltr'><strong>sed</strong></span> <span class='ocrx_word' id='word_1_385' title='bbox 551 5004 795 5068; x_wconf 68' lang='lat' dir='ltr'><strong>insanire,</strong></span> <span class='ocrx_word' id='word_1_386' title='bbox 822 5006 931 5060; x_wconf 89' lang='lat' dir='ltr'><strong>imo</strong></span> <span class='ocrx_word' id='word_1_387' title='bbox 954 5018 1082 5059; x_wconf 91' lang='lat' dir='ltr'><strong>vero</strong></span> <span class='ocrx_word' id='word_1_388' title='bbox 1110 5003 1263 5073; x_wconf 85' lang='lat' dir='ltr'><strong>pejus</strong></span> <span class='ocrx_word' id='word_1_389' title='bbox 1296 5004 1523 5058; x_wconf 88' lang='lat' dir='ltr'><strong>insania.</strong></span> 
     </span>
    </p>
   </div>
   <div class='ocr_carea' id='block_1_51' title="bbox 497 5093 2014 5152">
    <p class='ocr_par' dir='ltr' id='par_1_51' title="bbox 497 5093 2014 5152">
     <span class='ocr_line' id='line_1_51' title="bbox 497 5093 2014 5152; baseline -0.004 0"><span class='ocrx_word' id='word_1_390' title='bbox 497 5097 551 5152; x_wconf 84' lang='lat'><strong>5.</strong></span> <span class='ocrx_word' id='word_1_391' title='bbox 579 5095 768 5152; x_wconf 78' lang='lat' dir='ltr'><strong>Contra</strong></span> <span class='ocrx_word' id='word_1_392' title='bbox 794 5094 968 5151; x_wconf 73' lang='lat' dir='ltr'><strong>luxum</strong></span> <span class='ocrx_word' id='word_1_393' title='bbox 991 5098 1301 5151; x_wconf 74' lang='lat' dir='ltr'><strong>vehementer</strong></span> <span class='ocrx_word' id='word_1_394' title='bbox 1326 5095 1592 5149; x_wconf 78' lang='lat' dir='ltr'><strong>invehitur.</strong></span> <span class='ocrx_word' id='word_1_395' title='bbox 1628 5093 1761 5148; x_wconf 77' lang='lat' dir='ltr'><strong>Vasa</strong></span> <span class='ocrx_word' id='word_1_396' title='bbox 1791 5095 2014 5146; x_wconf 84' lang='lat' dir='ltr'><strong>immun-</strong></span> 
     </span>
    </p>
   </div>
   <div class='ocr_carea' id='block_1_52' title="bbox 429 5187 2013 5260">
    <p class='ocr_par' dir='ltr' id='par_1_52' title="bbox 429 5187 2013 5260">
     <span class='ocr_line' id='line_1_52' title="bbox 429 5187 2013 5260; baseline -0.001 -20"><span class='ocrx_word' id='word_1_397' title='bbox 429 5189 495 5242; x_wconf 80' lang='lat' dir='ltr'><strong>da</strong></span> <span class='ocrx_word' id='word_1_398' title='bbox 532 5205 596 5243; x_wconf 72' lang='lat' dir='ltr'><strong>ex</strong></span> <span class='ocrx_word' id='word_1_399' title='bbox 636 5198 846 5260; x_wconf 79' lang='lat' dir='ltr'><strong>argento</strong></span> <span class='ocrx_word' id='word_1_400' title='bbox 884 5192 1040 5260; x_wconf 81' lang='lat' dir='ltr'><strong>facta.</strong></span> <span class='ocrx_word' id='word_1_401' title='bbox 1072 5188 1241 5243; x_wconf 83' lang='lat' dir='ltr'><strong>Barba</strong></span> <span class='ocrx_word' id='word_1_402' title='bbox 1270 5205 1426 5243; x_wconf 87' lang='lat' dir='ltr'><strong>aurea</strong></span> <span class='ocrx_word' id='word_1_403' title='bbox 1460 5187 1736 5242; x_wconf 81' lang='lat' dir='ltr'><strong>Persarum</strong></span> <span class='ocrx_word' id='word_1_404' title='bbox 1767 5188 1916 5258; x_wconf 83' lang='lat' dir='ltr'><strong>regis.</strong></span> <span class='ocrx_word' id='word_1_405' title='bbox 1942 5216 2013 5227; x_wconf 93' lang='lat'><strong>-—</strong></span> 
     </span>
    </p>
   </div>
   <div class='ocr_carea' id='block_1_53' title="bbox 492 5318 2013 5383">
    <p class='ocr_par' dir='ltr' id='par_1_53' title="bbox 492 5318 2013 5383">
     <span class='ocr_line' id='line_1_53' title="bbox 492 5318 2013 5383; baseline 0.001 -15"><span class='ocrx_word' id='word_1_406' title='bbox 492 5321 565 5381; x_wconf 87' lang='grc' dir='ltr'><strong>(α)</strong></span> <span class='ocrx_word' id='word_1_407' title='bbox 582 5318 823 5383; x_wconf 79' lang='lat' dir='ltr'><strong>Exempla</strong></span> <span class='ocrx_word' id='word_1_408' title='bbox 841 5321 1009 5383; x_wconf 73' lang='lat' dir='ltr'><strong>isthaec</strong></span> <span class='ocrx_word' id='word_1_409' title='bbox 1024 5322 1232 5383; x_wconf 82' lang='lat' dir='ltr'><strong>carptim</strong></span> <span class='ocrx_word' id='word_1_410' title='bbox 1260 5328 1500 5378; x_wconf 83' lang='lat' dir='ltr'><strong>enarrata,</strong></span> <span class='ocrx_word' id='word_1_411' title='bbox 1526 5319 1653 5369; x_wconf 85' lang='lat' dir='ltr'><strong>haud</strong></span> <span class='ocrx_word' id='word_1_412' title='bbox 1680 5329 1904 5383; x_wconf 81' lang='lat' dir='ltr'><strong>accurate</strong></span> <span class='ocrx_word' id='word_1_413' title='bbox 1931 5333 2013 5383; x_wconf 88' lang='lat' dir='ltr'><strong>po-</strong></span> 
     </span>
    </p>
   </div>
   <div class='ocr_carea' id='block_1_54' title="bbox 432 5381 2010 5445">
    <p class='ocr_par' dir='ltr' id='par_1_54' title="bbox 432 5381 2010 5445">
     <span class='ocr_line' id='line_1_54' title="bbox 432 5381 2010 5445; baseline 0.001 -17"><span class='ocrx_word' id='word_1_414' title='bbox 432 5381 523 5429; x_wconf 81' lang='lat' dir='ltr'><strong>sita</strong></span> <span class='ocrx_word' id='word_1_415' title='bbox 559 5392 690 5433; x_wconf 88' lang='lat' dir='ltr'><strong>sunt.</strong></span> <span class='ocrx_word' id='word_1_416' title='bbox 737 5381 859 5442; x_wconf 84' lang='lat' dir='ltr'><strong>Quis</strong></span> <span class='ocrx_word' id='word_1_417' title='bbox 888 5384 953 5432; x_wconf 88' lang='lat' dir='ltr'><strong>sit</strong></span> <span class='ocrx_word' id='word_1_418' title='bbox 983 5382 1069 5432; x_wconf 90' lang='lat' dir='ltr'><strong>ille</strong></span> <span class='ocrx_word' id='word_1_419' title='bbox 1101 5381 1193 5433; x_wconf 76' lang='lat' dir='ltr'><strong>rex</strong></span> <span class='ocrx_word' id='word_1_420' title='bbox 1223 5384 1309 5445; x_wconf 81' lang='lat' dir='ltr'><strong>qui</strong></span> <span class='ocrx_word' id='word_1_421' title='bbox 1341 5383 1433 5431; x_wconf 86' lang='lat' dir='ltr'><strong>sibi</strong></span> <span class='ocrx_word' id='word_1_422' title='bbox 1470 5382 1713 5445; x_wconf 73' lang='lat' dir='ltr'><strong>platanum</strong></span> <span class='ocrx_word' id='word_1_423' title='bbox 1759 5381 1878 5430; x_wconf 77' lang='lat' dir='ltr'><strong>fecit</strong></span> <span class='ocrx_word' id='word_1_424' title='bbox 1921 5381 2010 5445; x_wconf 83' lang='lat' dir='ltr'><strong>au-</strong></span> 
     </span>
    </p>
   </div>
   <div class='ocr_carea' id='block_1_55' title="bbox 437 5443 2011 5506">
    <p class='ocr_par' dir='ltr' id='par_1_55' title="bbox 437 5443 2011 5506">
     <span class='ocr_line' id='line_1_55' title="bbox 437 5443 2011 5506; baseline -0.001 -13"><span class='ocrx_word' id='word_1_425' title='bbox 437 5455 587 5506; x_wconf 78' lang='lat' dir='ltr'><strong>ream,</strong></span> <span class='ocrx_word' id='word_1_426' title='bbox 614 5452 670 5495; x_wconf 92' lang='lat' dir='ltr'><strong>ut</strong></span> <span class='ocrx_word' id='word_1_427' title='bbox 688 5446 784 5495; x_wconf 84' lang='lat' dir='ltr'><strong>sub</strong></span> <span class='ocrx_word' id='word_1_428' title='bbox 814 5445 923 5506; x_wconf 86' lang='lat' dir='ltr'><strong>ejus</strong></span> <span class='ocrx_word' id='word_1_429' title='bbox 953 5445 1121 5506; x_wconf 82' lang='lat' dir='ltr'><strong>umbra</strong></span> <span class='ocrx_word' id='word_1_430' title='bbox 1146 5443 1376 5506; x_wconf 75' lang='lat' dir='ltr'><strong>sederet,</strong></span> <span class='ocrx_word' id='word_1_431' title='bbox 1402 5443 1574 5494; x_wconf 82' lang='lat' dir='ltr'><strong>nescio</strong></span> <span class='ocrx_word' id='word_1_432' title='bbox 1595 5482 1608 5504; x_wconf 94' lang='lat'><strong>,</strong></span> <span class='ocrx_word' id='word_1_433' title='bbox 1634 5456 1809 5506; x_wconf 86' lang='lat' dir='ltr'><strong>neque</strong></span> <span class='ocrx_word' id='word_1_434' title='bbox 1825 5444 2011 5506; x_wconf 85' lang='lat' dir='ltr'><strong>uspiam</strong></span> 
     </span>
    </p>
   </div>
   <div class='ocr_carea' id='block_1_56' title="bbox 436 5458 2015 5568">
    <p class='ocr_par' dir='ltr' id='par_1_56' title="bbox 436 5458 2015 5568">
     <span class='ocr_line' id='line_1_56' title="bbox 437 5458 2011 5553; baseline -0.001 -61"><span class='ocrx_word' id='word_1_435' title='bbox 437 5458 587 5502; x_wconf 83' lang='lat' dir='ltr'><strong>ream,</strong></span> <span class='ocrx_word' id='word_1_436' title='bbox 614 5458 670 5495; x_wconf 86' lang='lat' dir='ltr'><strong>ut</strong></span> <span class='ocrx_word' id='word_1_437' title='bbox 688 5458 784 5495; x_wconf 84' lang='lat' dir='ltr'><strong>suo</strong></span> <span class='ocrx_word' id='word_1_438' title='bbox 814 5458 923 5506; x_wconf 69' lang='lat' dir='ltr'><strong>ejus</strong></span> <span class='ocrx_word' id='word_1_439' title='bbox 953 5458 1121 5494; x_wconf 88' lang='lat' dir='ltr'><strong>umora</strong></span> <span class='ocrx_word' id='word_1_440' title='bbox 1146 5458 1376 5513; x_wconf 66' lang='lat' dir='ltr'><strong>sederet,</strong></span> <span class='ocrx_word' id='word_1_441' title='bbox 1402 5458 1574 5494; x_wconf 79' lang='lat' dir='ltr'><strong>neseio</strong></span> <span class='ocrx_word' id='word_1_442' title='bbox 1595 5482 1608 5504; x_wconf 94' lang='lat'><strong>,</strong></span> <span class='ocrx_word' id='word_1_443' title='bbox 1634 5458 1800 5505; x_wconf 87' lang='lat' dir='ltr'><strong>neque</strong></span> <span class='ocrx_word' id='word_1_444' title='bbox 1825 5458 2011 5553; x_wconf 64' lang='grc' dir='ltr'><strong>υεΧιίιιιι</strong></span> 
     </span>
     <span class='ocr_line' id='line_1_57' title="bbox 436 5504 2015 5568; baseline 0 -14"><span class='ocrx_word' id='word_1_445' title='bbox 436 5516 515 5568; x_wconf 75' lang='lat' dir='ltr'><strong>me</strong></span> <span class='ocrx_word' id='word_1_446' title='bbox 540 5505 714 5568; x_wconf 78' lang='lat' dir='ltr'><strong>legere</strong></span> <span class='ocrx_word' id='word_1_447' title='bbox 737 5507 954 5568; x_wconf 81' lang='lat' dir='ltr'><strong>memini.</strong></span> <span class='ocrx_word' id='word_1_448' title='bbox 978 5504 1078 5568; x_wconf 90' lang='lat' dir='ltr'><strong>(De</strong></span> <span class='ocrx_word' id='word_1_449' title='bbox 1102 5506 1191 5556; x_wconf 87' lang='lat' dir='ltr'><strong>hac</strong></span> <span class='ocrx_word' id='word_1_450' title='bbox 1212 5518 1270 5553; x_wconf 88' lang='lat' dir='ltr'><strong>re</strong></span> <span class='ocrx_word' id='word_1_451' title='bbox 1296 5504 1405 5553; x_wconf 81' lang='lat' dir='ltr'><strong>vide</strong></span> <span class='ocrx_word' id='word_1_452' title='bbox 1429 5506 1654 5568; x_wconf 72' lang='lat' dir='ltr'><strong>“erodat.</strong></span> <span class='ocrx_word' id='word_1_453' title='bbox 1679 5505 1864 5568; x_wconf 40' lang='grc' dir='ltr'><strong>πλεῖ.)</strong></span> <span class='ocrx_word' id='word_1_454' title='bbox 1919 5504 2015 5568; x_wconf 87' lang='lat' dir='ltr'><strong>lius</strong></span> 
     </span>
    </p>
   </div>
   <div class='ocr_carea' id='block_1_57' title="bbox 435 5564 2016 5630">
    <p class='ocr_par' dir='ltr' id='par_1_57' title="bbox 435 5564 2016 5630">
     <span class='ocr_line' id='line_1_58' title="bbox 435 5564 2016 5630; baseline 0.004 -21"><span class='ocrx_word' id='word_1_455' title='bbox 435 5566 516 5630; x_wconf 79' lang='lat' dir='ltr'><strong>qui</strong></span> <span class='ocrx_word' id='word_1_456' title='bbox 538 5564 760 5616; x_wconf 65' lang='lat' dir='ltr'><strong>homines</strong></span> <span class='ocrx_word' id='word_1_457' title='bbox 779 5564 1033 5630; x_wconf 79' lang='lat' dir='ltr'><strong>injiciebat</strong></span> <span class='ocrx_word' id='word_1_458' title='bbox 1070 5568 1121 5615; x_wconf 91' lang='lat' dir='ltr'><strong>in</strong></span> <span class='ocrx_word' id='word_1_459' title='bbox 1145 5567 1320 5630; x_wconf 82' lang='lat' dir='ltr'><strong>bovem</strong></span> <span class='ocrx_word' id='word_1_460' title='bbox 1346 5570 1423 5630; x_wconf 88' lang='lat' dir='ltr'><strong>est.</strong></span> <span class='ocrx_word' id='word_1_461' title='bbox 1462 5566 1696 5630; x_wconf 70' lang='lat' dir='ltr'><strong>Phalaris.</strong></span> <span class='ocrx_word' id='word_1_462' title='bbox 1723 5564 1820 5630; x_wconf 71' lang='lat' dir='ltr'><strong>Sed</strong></span> <span class='ocrx_word' id='word_1_463' title='bbox 1841 5564 1934 5616; x_wconf 63' lang='lat' dir='ltr'><strong>&#39;hic</strong></span> <span class='ocrx_word' id='word_1_464' title='bbox 1965 5567 2016 5616; x_wconf 88' lang='lat' dir='ltr'><strong>in</strong></span> 
     </span>
    </p>
   </div>
   <div class='ocr_carea' id='block_1_58' title="bbox 437 5626 2009 5689">
    <p class='ocr_par' dir='ltr' id='par_1_58' title="bbox 437 5626 2009 5689">
     <span class='ocr_line' id='line_1_59' title="bbox 437 5626 2009 5689; baseline 0.003 -15"><span class='ocrx_word' id='word_1_465' title='bbox 437 5626 611 5675; x_wconf 83' lang='lat' dir='ltr'><strong>bovem</strong></span> <span class='ocrx_word' id='word_1_466' title='bbox 632 5626 1166 5689; x_wconf 67' lang='lat' dir='ltr'><strong>sancmn&#39;conjicicbat.</strong></span> <span class='ocrx_word' id='word_1_467' title='bbox 1203 5627 1461 5689; x_wconf 79' lang='lat' dir='ltr'><strong>Antiquior</strong></span> <span class='ocrx_word' id='word_1_468' title='bbox 1489 5641 1606 5678; x_wconf 87' lang='lat' dir='ltr'><strong>vero</strong></span> <span class='ocrx_word' id='word_1_469' title='bbox 1631 5626 1716 5676; x_wconf 83' lang='lat' dir='ltr'><strong>ille</strong></span> <span class='ocrx_word' id='word_1_470' title='bbox 1740 5626 1866 5689; x_wconf 89' lang='lat' dir='ltr'><strong>alius</strong></span> <span class='ocrx_word' id='word_1_471' title='bbox 1887 5641 1978 5678; x_wconf 78' lang='lat' dir='ltr'><strong>rex</strong></span> <span class='ocrx_word' id='word_1_472' title='bbox 1995 5665 2009 5688; x_wconf 90' lang='lat'><strong>,</strong></span> 
     </span>
    </p>
   </div>
   <div class='ocr_carea' id='block_1_59' title="bbox 436 5688 2015 5797">
    <p class='ocr_par' dir='ltr' id='par_1_59' title="bbox 436 5688 2015 5797">
     <span class='ocr_line' id='line_1_60' title="bbox 436 5688 2015 5797; baseline 0.003 -60"><span class='ocrx_word' id='word_1_473' title='bbox 436 5699 583 5797; x_wconf 42' lang='lat' dir='ltr'><strong>335m</strong></span> <span class='ocrx_word' id='word_1_474' title='bbox 628 5701 690 5739; x_wconf 79' lang='lat' dir='ltr'><strong>ex</strong></span> <span class='ocrx_word' id='word_1_475' title='bbox 726 5691 832 5747; x_wconf 70' lang='lat' dir='ltr'><strong>viro</strong></span> <span class='ocrx_word' id='word_1_476' title='bbox 866 5690 1047 5764; x_wconf 66' lang='lat' dir='ltr'><strong>diiitiae</strong></span> <span class='ocrx_word' id='word_1_477' title='bbox 1092 5694 1312 5741; x_wconf 76' lang='lat' dir='ltr'><strong>iecerant</strong></span> <span class='ocrx_word' id='word_1_478' title='bbox 1351 5688 1637 5749; x_wconf 82' lang='lat' dir='ltr'><strong>mulierem,</strong></span> <span class='ocrx_word' id='word_1_479' title='bbox 1663 5688 2015 5755; x_wconf 80' lang='lat' dir='ltr'><strong>Sardanapalus</strong></span> 
     </span>
    </p>
   </div>
   <div class='ocr_carea' id='block_1_60' title="bbox 1311 283 2818 375">
    <p class='ocr_par' dir='ltr' id='par_1_60' title="bbox 1311 283 2818 375">
     <span class='ocr_line' id='line_1_61' title="bbox 1311 283 2818 375; baseline 0.007 -10"><span class='ocrx_word' id='word_1_480' title='bbox 1311 309 1376 365; x_wconf 82' lang='lat' dir='ltr'><strong>IN</strong></span> <span class='ocrx_word' id='word_1_481' title='bbox 1416 309 1629 368; x_wconf 83' lang='lat' dir='ltr'><strong>EPIST.</strong></span> <span class='ocrx_word' id='word_1_482' title='bbox 1670 283 1762 365; x_wconf 85' lang='lat' dir='ltr'><strong>AD</strong></span> <span class='ocrx_word' id='word_1_483' title='bbox 1798 307 2073 365; x_wconf 78' lang='lat' dir='ltr'><strong>cowss.</strong></span> <span class='ocrx_word' id='word_1_484' title='bbox 2113 308 2267 366; x_wconf 63' lang='lat' dir='ltr'><strong>car.</strong></span> <span class='ocrx_word' id='word_1_485' title='bbox 2310 309 2396 368; x_wconf 93' lang='lat' dir='ltr'><strong>lll.</strong></span> <span class='ocrx_word' id='word_1_486' title='bbox 2441 312 2671 370; x_wconf 69' lang='lat' dir='ltr'><strong>neum.</strong></span> <span class='ocrx_word' id='word_1_487' title='bbox 2715 316 2818 375; x_wconf 88' lang='lat' dir='ltr'><strong>vn.</strong></span> 
     </span>
    </p>
   </div>
   <div class='ocr_carea' id='block_1_61' title="bbox 452 422 2038 494">
    <p class='ocr_par' dir='ltr' id='par_1_61' title="bbox 452 422 2038 494">
     <span class='ocr_line' id='line_1_62' title="bbox 452 422 2038 494; baseline -0.003 -12"><span class='ocrx_word' id='word_1_488' title='bbox 452 432 638 487; x_wconf 80' lang='lat' dir='ltr'><strong>venies</strong></span> <span class='ocrx_word' id='word_1_489' title='bbox 666 427 920 483; x_wconf 81' lang='lat' dir='ltr'><strong>animam</strong></span> <span class='ocrx_word' id='word_1_490' title='bbox 969 434 1048 482; x_wconf 88' lang='lat' dir='ltr'><strong>tot</strong></span> <span class='ocrx_word' id='word_1_491' title='bbox 1088 436 1140 481; x_wconf 91' lang='lat' dir='ltr'><strong>et</strong></span> <span class='ocrx_word' id='word_1_492' title='bbox 1180 434 1287 481; x_wconf 88' lang='lat' dir='ltr'><strong>tam</strong></span> <span class='ocrx_word' id='word_1_493' title='bbox 1337 424 1554 479; x_wconf 87' lang='lat' dir='ltr'><strong>nefariis</strong></span> <span class='ocrx_word' id='word_1_494' title='bbox 1583 424 1794 494; x_wconf 87' lang='lat' dir='ltr'><strong>plenam</strong></span> <span class='ocrx_word' id='word_1_495' title='bbox 1823 422 2038 478; x_wconf 76' lang='lat' dir='ltr'><strong>deside~</strong></span> 
     </span>
    </p>
   </div>
   <div class='ocr_carea' id='block_1_62' title="bbox 452 515 2036 588">
    <p class='ocr_par' dir='ltr' id='par_1_62' title="bbox 452 515 2036 588">
     <span class='ocr_line' id='line_1_63' title="bbox 452 515 2036 588; baseline -0.005 -12"><span class='ocrx_word' id='word_1_496' title='bbox 452 523 566 585; x_wconf 86' lang='lat' dir='ltr'><strong>riis,</strong></span> <span class='ocrx_word' id='word_1_497' title='bbox 602 532 658 576; x_wconf 89' lang='lat' dir='ltr'><strong>ut</strong></span> <span class='ocrx_word' id='word_1_498' title='bbox 684 535 873 575; x_wconf 85' lang='lat' dir='ltr'><strong>eorum</strong></span> <span class='ocrx_word' id='word_1_499' title='bbox 899 518 987 588; x_wconf 92' lang='lat' dir='ltr'><strong>qui</strong></span> <span class='ocrx_word' id='word_1_500' title='bbox 1018 518 1199 573; x_wconf 78' lang='lat' dir='ltr'><strong>volunt</strong></span> <span class='ocrx_word' id='word_1_501' title='bbox 1227 517 1510 572; x_wconf 87' lang='lat' dir='ltr'><strong>ditescere.</strong></span> <span class='ocrx_word' id='word_1_502' title='bbox 1539 517 1681 582; x_wconf 88' lang='lat' dir='ltr'><strong>Quas</strong></span> <span class='ocrx_word' id='word_1_503' title='bbox 1701 515 1845 570; x_wconf 90' lang='lat' dir='ltr'><strong>enim</strong></span> <span class='ocrx_word' id='word_1_504' title='bbox 1871 529 2036 583; x_wconf 81' lang='lat' dir='ltr'><strong>nugas</strong></span> 
     </span>
    </p>
   </div>
   <div class='ocr_carea' id='block_1_63' title="bbox 3617 321 3723 378">
    <p class='ocr_par' dir='ltr' id='par_1_63' title="bbox 3617 321 3723 378">
     <span class='ocr_line' id='line_1_64' title="bbox 3617 321 3723 378; baseline 0.009 -1"><span class='ocrx_word' id='word_1_505' title='bbox 3617 321 3723 378; x_wconf 74' lang='lat'><strong>350</strong></span> 
     </span>
    </p>
   </div>
   <div class='ocr_carea' id='block_1_64' title="bbox 2142 423 3720 502">
    <p class='ocr_par' dir='ltr' id='par_1_64' title="bbox 2142 423 3720 502">
     <span class='ocr_line' id='line_1_65' title="bbox 2142 423 3720 502; baseline 0.007 -24"><span class='ocrx_word' id='word_1_506' title='bbox 2142 423 2268 479; x_wconf 86' lang='lat' dir='ltr'><strong>Seio</strong></span> <span class='ocrx_word' id='word_1_507' title='bbox 2293 426 2488 482; x_wconf 89' lang='lat' dir='ltr'><strong>nmltos</strong></span> <span class='ocrx_word' id='word_1_508' title='bbox 2510 444 2595 482; x_wconf 91' lang='lat' dir='ltr'><strong>me</strong></span> <span class='ocrx_word' id='word_1_509' title='bbox 2618 440 2834 500; x_wconf 86' lang='lat' dir='ltr'><strong>prepter</strong></span> <span class='ocrx_word' id='word_1_510' title='bbox 2854 431 2956 489; x_wconf 89' lang='lat' dir='ltr'><strong>hoc</strong></span> <span class='ocrx_word' id='word_1_511' title='bbox 2983 434 3182 492; x_wconf 88' lang='lat' dir='ltr'><strong>habere</strong></span> <span class='ocrx_word' id='word_1_512' title='bbox 3208 435 3469 502; x_wconf 87' lang='lat' dir='ltr'><strong>ludibrio;</strong></span> <span class='ocrx_word' id='word_1_513' title='bbox 3495 437 3589 493; x_wconf 84' lang='lat' dir='ltr'><strong>sed</strong></span> <span class='ocrx_word' id='word_1_514' title='bbox 3615 452 3720 492; x_wconf 88' lang='lat' dir='ltr'><strong>non</strong></span> 
     </span>
    </p>
   </div>
   <div class='ocr_carea' id='block_1_65' title="bbox 2141 518 3719 592">
    <p class='ocr_par' dir='ltr' id='par_1_65' title="bbox 2141 518 3719 592">
     <span class='ocr_line' id='line_1_66' title="bbox 2141 518 3719 592; baseline 0.009 -20"><span class='ocrx_word' id='word_1_515' title='bbox 2141 532 2308 583; x_wconf 90' lang='lat' dir='ltr'><strong>curo,</strong></span> <span class='ocrx_word' id='word_1_516' title='bbox 2338 518 2498 573; x_wconf 90' lang='lat' dir='ltr'><strong>modo</strong></span> <span class='ocrx_word' id='word_1_517' title='bbox 2543 521 2741 590; x_wconf 90' lang='lat' dir='ltr'><strong>aliquid</strong></span> <span class='ocrx_word' id='word_1_518' title='bbox 2773 526 2994 592; x_wconf 84' lang='lat' dir='ltr'><strong>prosim.</strong></span> <span class='ocrx_word' id='word_1_519' title='bbox 3035 526 3237 583; x_wconf 85' lang='lat' dir='ltr'><strong>Revera</strong></span> <span class='ocrx_word' id='word_1_520' title='bbox 3282 541 3522 585; x_wconf 86' lang='lat' dir='ltr'><strong>amentes</strong></span> <span class='ocrx_word' id='word_1_521' title='bbox 3550 541 3601 584; x_wconf 94' lang='lat' dir='ltr'><strong>et</strong></span> <span class='ocrx_word' id='word_1_522' title='bbox 3634 530 3719 586; x_wconf 86' lang='lat' dir='ltr'><strong>fu-</strong></span> 
     </span>
    </p>
   </div>
   <div class='ocr_carea' id='block_1_66' title="bbox 2136 608 3721 689">
    <p class='ocr_par' dir='ltr' id='par_1_66' title="bbox 2136 608 3721 689">
     <span class='ocr_line' id='line_1_67' title="bbox 2136 608 3721 689; baseline 0.011 -28"><span class='ocrx_word' id='word_1_523' title='bbox 2136 618 2315 664; x_wconf 88' lang='lat' dir='ltr'><strong>rentes</strong></span> <span class='ocrx_word' id='word_1_524' title='bbox 2343 608 2545 664; x_wconf 87' lang='lat' dir='ltr'><strong>faeiunt</strong></span> <span class='ocrx_word' id='word_1_525' title='bbox 2570 611 2788 667; x_wconf 72' lang='lat' dir='ltr'><strong>divitim.</strong></span> <span class='ocrx_word' id='word_1_526' title='bbox 2816 615 2871 669; x_wconf 90' lang='lat' dir='ltr'><strong>Si</strong></span> <span class='ocrx_word' id='word_1_527' title='bbox 2902 631 3065 686; x_wconf 89' lang='lat' dir='ltr'><strong>penes</strong></span> <span class='ocrx_word' id='word_1_528' title='bbox 3092 618 3236 689; x_wconf 92' lang='lat' dir='ltr'><strong>ipsos</strong></span> <span class='ocrx_word' id='word_1_529' title='bbox 3261 630 3423 685; x_wconf 87' lang='lat' dir='ltr'><strong>esset,</strong></span> <span class='ocrx_word' id='word_1_530' title='bbox 3450 622 3644 678; x_wconf 66' lang='lat' dir='ltr'><strong>vellent</strong></span> <span class='ocrx_word' id='word_1_531' title='bbox 3665 634 3721 679; x_wconf 88' lang='lat' dir='ltr'><strong>et</strong></span> 
     </span>
    </p>
   </div>
   <div class='ocr_carea' id='block_1_67' title="bbox 2133 707 3719 777">
    <p class='ocr_par' dir='ltr' id='par_1_67' title="bbox 2133 707 3719 777">
     <span class='ocr_line' id='line_1_68' title="bbox 2133 707 3719 777; baseline 0.009 -25"><span class='ocrx_word' id='word_1_532' title='bbox 2133 707 2327 754; x_wconf 89' lang='lat' dir='ltr'><strong>terram</strong></span> <span class='ocrx_word' id='word_1_533' title='bbox 2357 715 2477 756; x_wconf 84' lang='lat' dir='ltr'><strong>esse</strong></span> <span class='ocrx_word' id='word_1_534' title='bbox 2505 717 2720 757; x_wconf 89' lang='lat' dir='ltr'><strong>auream</strong></span> <span class='ocrx_word' id='word_1_535' title='bbox 2745 747 2760 768; x_wconf 95' lang='lat'><strong>,</strong></span> <span class='ocrx_word' id='word_1_536' title='bbox 2789 716 2845 760; x_wconf 90' lang='lat' dir='ltr'><strong>et</strong></span> <span class='ocrx_word' id='word_1_537' title='bbox 2882 707 3112 776; x_wconf 84' lang='lat' dir='ltr'><strong>parietes</strong></span> <span class='ocrx_word' id='word_1_538' title='bbox 3151 726 3377 777; x_wconf 90' lang='lat' dir='ltr'><strong>aureos,</strong></span> <span class='ocrx_word' id='word_1_539' title='bbox 3412 713 3633 769; x_wconf 85' lang='lat' dir='ltr'><strong>fortasse</strong></span> <span class='ocrx_word' id='word_1_540' title='bbox 3664 728 3719 768; x_wconf 84' lang='lat' dir='ltr'><strong>ct</strong></span> 
     </span>
    </p>
   </div>
   <div class='ocr_carea' id='block_1_68' title="bbox 2129 792 3717 873">
    <p class='ocr_par' dir='ltr' id='par_1_68' title="bbox 2129 792 3717 873">
     <span class='ocr_line' id='line_1_69' title="bbox 2129 792 3717 873; baseline 0.009 -27"><span class='ocrx_word' id='word_1_541' title='bbox 2129 792 2318 846; x_wconf 67' lang='lat' dir='ltr'><strong>aulum</strong></span> <span class='ocrx_word' id='word_1_542' title='bbox 2350 802 2404 847; x_wconf 91' lang='lat' dir='ltr'><strong>et</strong></span> <span class='ocrx_word' id='word_1_543' title='bbox 2431 808 2611 849; x_wconf 84' lang='lat' dir='ltr'><strong>aerem</strong></span> <span class='ocrx_word' id='word_1_544' title='bbox 2642 812 2705 851; x_wconf 83' lang='lat' dir='ltr'><strong>ex</strong></span> <span class='ocrx_word' id='word_1_545' title='bbox 2734 813 2884 852; x_wconf 90' lang='lat' dir='ltr'><strong>auro.</strong></span> <span class='ocrx_word' id='word_1_546' title='bbox 2916 799 3046 867; x_wconf 89' lang='lat' dir='ltr'><strong>Quis</strong></span> <span class='ocrx_word' id='word_1_547' title='bbox 3076 800 3262 857; x_wconf 89' lang='lat' dir='ltr'><strong>furor?</strong></span> <span class='ocrx_word' id='word_1_548' title='bbox 3286 819 3402 873; x_wconf 76' lang='lat' dir='ltr'><strong>quze</strong></span> <span class='ocrx_word' id='word_1_549' title='bbox 3432 805 3717 873; x_wconf 77' lang='lat' dir='ltr'><strong>iniquitas?</strong></span> 
     </span>
    </p>
   </div>
   <div class='ocr_carea' id='block_1_69' title="bbox 2129 881 3711 960">
    <p class='ocr_par' dir='ltr' id='par_1_69' title="bbox 2129 881 3711 960">
     <span class='ocr_line' id='line_1_70' title="bbox 2129 881 3711 960; baseline 0.011 -27"><span class='ocrx_word' id='word_1_550' title='bbox 2129 895 2248 950; x_wconf 75' lang='lat' dir='ltr'><strong>qua:</strong></span> <span class='ocrx_word' id='word_1_551' title='bbox 2273 881 2474 937; x_wconf 76' lang='lat' dir='ltr'><strong>febris?</strong></span> <span class='ocrx_word' id='word_1_552' title='bbox 2500 885 2650 939; x_wconf 87' lang='lat' dir='ltr'><strong>Alius</strong></span> <span class='ocrx_word' id='word_1_553' title='bbox 2677 887 2816 955; x_wconf 90' lang='lat' dir='ltr'><strong>perit</strong></span> <span class='ocrx_word' id='word_1_554' title='bbox 2848 888 3060 958; x_wconf 78' lang='lat' dir='ltr'><strong>frigore,</strong></span> <span class='ocrx_word' id='word_1_555' title='bbox 3093 892 3180 960; x_wconf 87' lang='lat' dir='ltr'><strong>qui</strong></span> <span class='ocrx_word' id='word_1_556' title='bbox 3209 904 3287 946; x_wconf 87' lang='lat' dir='ltr'><strong>est</strong></span> <span class='ocrx_word' id='word_1_557' title='bbox 3325 892 3495 948; x_wconf 83' lang='lat' dir='ltr'><strong>fartus</strong></span> <span class='ocrx_word' id='word_1_558' title='bbox 3522 895 3586 950; x_wconf 87' lang='lat' dir='ltr'><strong>ad</strong></span> <span class='ocrx_word' id='word_1_559' title='bbox 3622 898 3711 951; x_wconf 73' lang='lat' dir='ltr'><strong>Dei</strong></span> 
     </span>
    </p>
   </div>
   <div class='ocr_carea' id='block_1_70' title="bbox 2131 974 3710 1044">
    <p class='ocr_par' dir='ltr' id='par_1_70' title="bbox 2131 974 3710 1044">
     <span class='ocr_line' id='line_1_71' title="bbox 2131 974 3710 1044; baseline 0.013 -19"><span class='ocrx_word' id='word_1_560' title='bbox 2131 974 2412 1043; x_wconf 84' lang='lat' dir='ltr'><strong>imaginem</strong></span> <span class='ocrx_word' id='word_1_561' title='bbox 2440 993 2454 1039; x_wconf 88' lang='lat'><strong>;</strong></span> <span class='ocrx_word' id='word_1_562' title='bbox 2484 984 2539 1030; x_wconf 90' lang='lat' dir='ltr'><strong>tu</strong></span> <span class='ocrx_word' id='word_1_563' title='bbox 2564 987 2741 1033; x_wconf 85' lang='lat' dir='ltr'><strong>autem</strong></span> <span class='ocrx_word' id='word_1_564' title='bbox 2772 979 2886 1036; x_wconf 75' lang='lat' dir='ltr'><strong>hzec</strong></span> <span class='ocrx_word' id='word_1_565' title='bbox 2915 981 3232 1039; x_wconf 73' lang='lat' dir='ltr'><strong>fabricatis?</strong></span> <span class='ocrx_word' id='word_1_566' title='bbox 3257 985 3300 1040; x_wconf 94' lang='grc' dir='ltr'>Ο</span> <span class='ocrx_word' id='word_1_567' title='bbox 3331 986 3520 1042; x_wconf 87' lang='lat' dir='ltr'><strong>fasmm</strong></span> <span class='ocrx_word' id='word_1_568' title='bbox 3546 999 3600 1043; x_wconf 89' lang='lat' dir='ltr'><strong>et</strong></span> <span class='ocrx_word' id='word_1_569' title='bbox 3626 1007 3710 1044; x_wconf 81' lang='lat' dir='ltr'><strong>ar-</strong></span> 
     </span>
    </p>
   </div>
   <div class='ocr_carea' id='block_1_71' title="bbox 2129 1068 3709 1140">
    <p class='ocr_par' dir='ltr' id='par_1_71' title="bbox 2129 1068 3709 1140">
     <span class='ocr_line' id='line_1_72' title="bbox 2129 1068 3709 1140; baseline 0.011 -21"><span class='ocrx_word' id='word_1_570' title='bbox 2129 1068 2421 1136; x_wconf 81' lang='lat' dir='ltr'><strong>rogantiam</strong></span> <span class='ocrx_word' id='word_1_571' title='bbox 2441 1071 2454 1122; x_wconf 90' lang='lat'><strong>!</strong></span> <span class='ocrx_word' id='word_1_572' title='bbox 2474 1069 2599 1139; x_wconf 86' lang='lat' dir='ltr'><strong>quid</strong></span> <span class='ocrx_word' id='word_1_573' title='bbox 2620 1073 2848 1140; x_wconf 87' lang='lat' dir='ltr'><strong>amplius</strong></span> <span class='ocrx_word' id='word_1_574' title='bbox 2872 1073 3081 1132; x_wconf 77' lang='lat' dir='ltr'><strong>fecisset</strong></span> <span class='ocrx_word' id='word_1_575' title='bbox 3103 1078 3355 1133; x_wconf 91' lang='lat' dir='ltr'><strong>insanus?</strong></span> <span class='ocrx_word' id='word_1_576' title='bbox 3372 1091 3709 1137; x_wconf 73' lang='lat' dir='ltr'><strong>excrementa</strong></span> 
     </span>
    </p>
   </div>
   <div class='ocr_carea' id='block_1_72' title="bbox 2128 1157 3709 1234">
    <p class='ocr_par' dir='ltr' id='par_1_72' title="bbox 2128 1157 3709 1234">
     <span class='ocr_line' id='line_1_73' title="bbox 2128 1157 3709 1234; baseline 0.012 -26"><span class='ocrx_word' id='word_1_577' title='bbox 2128 1158 2256 1210; x_wconf 87' lang='lat' dir='ltr'><strong>tanti</strong></span> <span class='ocrx_word' id='word_1_578' title='bbox 2285 1157 2412 1212; x_wconf 89' lang='lat' dir='ltr'><strong>facis</strong></span> <span class='ocrx_word' id='word_1_579' title='bbox 2434 1170 2489 1213; x_wconf 90' lang='lat' dir='ltr'><strong>ut</strong></span> <span class='ocrx_word' id='word_1_580' title='bbox 2514 1175 2574 1215; x_wconf 92' lang='lat' dir='ltr'><strong>ea</strong></span> <span class='ocrx_word' id='word_1_581' title='bbox 2602 1172 2822 1231; x_wconf 80' lang='lat' dir='ltr'><strong>argento</strong></span> <span class='ocrx_word' id='word_1_582' title='bbox 2860 1166 3137 1234; x_wconf 81' lang='lat' dir='ltr'><strong>excipias?</strong></span> <span class='ocrx_word' id='word_1_583' title='bbox 3161 1165 3284 1221; x_wconf 90' lang='lat' dir='ltr'><strong>Scio</strong></span> <span class='ocrx_word' id='word_1_584' title='bbox 3311 1184 3407 1223; x_wconf 91' lang='lat' dir='ltr'><strong>vos</strong></span> <span class='ocrx_word' id='word_1_585' title='bbox 3432 1171 3709 1227; x_wconf 74' lang='lat' dir='ltr'><strong>audientes</strong></span> 
     </span>
    </p>
   </div>
   <div class='ocr_carea' id='block_1_73' title="bbox 2125 1249 3708 1332">
    <p class='ocr_par' dir='ltr' id='par_1_73' title="bbox 2125 1249 3708 1332">
     <span class='ocr_line' id='line_1_74' title="bbox 2125 1249 3708 1332; baseline 0.013 -34"><span class='ocrx_word' id='word_1_586' title='bbox 2125 1249 2535 1319; x_wconf 87' lang='lat' dir='ltr'><strong>obtorpescere;</strong></span> <span class='ocrx_word' id='word_1_587' title='bbox 2577 1253 2669 1308; x_wconf 90' lang='lat' dir='ltr'><strong>sed</strong></span> <span class='ocrx_word' id='word_1_588' title='bbox 2711 1256 3087 1324; x_wconf 89' lang='lat' dir='ltr'><strong>ohlorpescere</strong></span> <span class='ocrx_word' id='word_1_589' title='bbox 3116 1259 3314 1314; x_wconf 87' lang='lat' dir='ltr'><strong>debent</strong></span> <span class='ocrx_word' id='word_1_590' title='bbox 3339 1278 3457 1332; x_wconf 82' lang='lat' dir='ltr'><strong>quae</strong></span> <span class='ocrx_word' id='word_1_591' title='bbox 3486 1262 3598 1318; x_wconf 71' lang='lat' dir='ltr'><strong>hanc</strong></span> <span class='ocrx_word' id='word_1_592' title='bbox 3629 1265 3708 1319; x_wconf 83' lang='lat' dir='ltr'><strong>fa-</strong></span> 
     </span>
    </p>
   </div>
   <div class='ocr_carea' id='block_1_74' title="bbox 2123 1340 3707 1417">
    <p class='ocr_par' dir='ltr' id='par_1_74' title="bbox 2123 1340 3707 1417">
     <span class='ocr_line' id='line_1_75' title="bbox 2123 1340 3707 1417; baseline 0.009 -23"><span class='ocrx_word' id='word_1_593' title='bbox 2123 1340 2304 1407; x_wconf 91' lang='lat' dir='ltr'><strong>ciunt,</strong></span> <span class='ocrx_word' id='word_1_594' title='bbox 2332 1352 2385 1397; x_wconf 89' lang='lat' dir='ltr'><strong>et</strong></span> <span class='ocrx_word' id='word_1_595' title='bbox 2423 1343 2521 1397; x_wconf 90' lang='lat' dir='ltr'><strong>viri</strong></span> <span class='ocrx_word' id='word_1_596' title='bbox 2558 1345 2647 1414; x_wconf 91' lang='lat' dir='ltr'><strong>qui</strong></span> <span class='ocrx_word' id='word_1_597' title='bbox 2680 1347 2880 1401; x_wconf 89' lang='lat' dir='ltr'><strong>morbis</strong></span> <span class='ocrx_word' id='word_1_598' title='bbox 2908 1347 3210 1417; x_wconf 74' lang='lat' dir='ltr'><strong>hnjusmodi</strong></span> <span class='ocrx_word' id='word_1_599' title='bbox 3240 1349 3550 1408; x_wconf 89' lang='lat' dir='ltr'><strong>deserviunt</strong></span> <span class='ocrx_word' id='word_1_600' title='bbox 3580 1372 3593 1407; x_wconf 90' lang='lat'><strong>:</strong></span> <span class='ocrx_word' id='word_1_601' title='bbox 3627 1364 3707 1410; x_wconf 73' lang='lat' dir='ltr'><strong>est</strong></span> 
     </span>
    </p>
   </div>
   <div class='ocr_carea' id='block_1_75' title="bbox 2122 1433 3708 1504">
    <p class='ocr_par' dir='ltr' id='par_1_75' title="bbox 2122 1433 3708 1504">
     <span class='ocr_line' id='line_1_76' title="bbox 2122 1433 3708 1504; baseline 0.007 -17"><span class='ocrx_word' id='word_1_602' title='bbox 2122 1433 2263 1487; x_wconf 91' lang='lat' dir='ltr'><strong>enim</strong></span> <span class='ocrx_word' id='word_1_603' title='bbox 2294 1433 2394 1488; x_wconf 90' lang='lat' dir='ltr'><strong>hoc</strong></span> <span class='ocrx_word' id='word_1_604' title='bbox 2422 1435 2825 1504; x_wconf 86' lang='lat' dir='ltr'><strong>intemperantia</strong></span> <span class='ocrx_word' id='word_1_605' title='bbox 2857 1446 2910 1491; x_wconf 93' lang='lat' dir='ltr'><strong>et</strong></span> <span class='ocrx_word' id='word_1_606' title='bbox 2951 1438 3237 1493; x_wconf 89' lang='lat' dir='ltr'><strong>crudelitas</strong></span> <span class='ocrx_word' id='word_1_607' title='bbox 3265 1452 3320 1494; x_wconf 92' lang='lat' dir='ltr'><strong>et</strong></span> <span class='ocrx_word' id='word_1_608' title='bbox 3348 1440 3708 1498; x_wconf 90' lang='lat' dir='ltr'><strong>inhumanitas</strong></span> 
     </span>
    </p>
   </div>
   <div class='ocr_carea' id='block_1_76' title="bbox 2121 1523 3707 1604">
    <p class='ocr_par' dir='ltr' id='par_1_76' title="bbox 2121 1523 3707 1604">
     <span class='ocr_line' id='line_1_77' title="bbox 2121 1523 3707 1604; baseline 0.008 -28"><span class='ocrx_word' id='word_1_609' title='bbox 2121 1534 2175 1576; x_wconf 87' lang='lat' dir='ltr'><strong>et</strong></span> <span class='ocrx_word' id='word_1_610' title='bbox 2205 1523 2389 1579; x_wconf 88' lang='lat' dir='ltr'><strong>feritas</strong></span> <span class='ocrx_word' id='word_1_611' title='bbox 2414 1534 2467 1579; x_wconf 90' lang='lat' dir='ltr'><strong>et</strong></span> <span class='ocrx_word' id='word_1_612' title='bbox 2494 1525 2731 1581; x_wconf 84' lang='lat' dir='ltr'><strong>lascivia.</strong></span> <span class='ocrx_word' id='word_1_613' title='bbox 2757 1528 2883 1593; x_wconf 73' lang='lat' dir='ltr'><strong>Qua:</strong></span> <span class='ocrx_word' id='word_1_614' title='bbox 2911 1528 3107 1599; x_wconf 86' lang='lat' dir='ltr'><strong>Scylla,</strong></span> <span class='ocrx_word' id='word_1_615' title='bbox 3140 1546 3258 1598; x_wconf 71' lang='lat' dir='ltr'><strong>qua:</strong></span> <span class='ocrx_word' id='word_1_616' title='bbox 3283 1530 3554 1598; x_wconf 70' lang='lat' dir='ltr'><strong>chiinmra,</strong></span> <span class='ocrx_word' id='word_1_617' title='bbox 3588 1535 3707 1604; x_wconf 87' lang='lat' dir='ltr'><strong>quis</strong></span> 
     </span>
    </p>
   </div>
   <div class='ocr_carea' id='block_1_77' title="bbox 2120 1615 3704 1689">
    <p class='ocr_par' dir='ltr' id='par_1_77' title="bbox 2120 1615 3704 1689">
     <span class='ocr_line' id='line_1_78' title="bbox 2120 1615 3704 1689; baseline 0.008 -20"><span class='ocrx_word' id='word_1_618' title='bbox 2120 1615 2284 1670; x_wconf 79' lang='lat' dir='ltr'><strong>draco</strong></span> <span class='ocrx_word' id='word_1_619' title='bbox 2307 1658 2322 1681; x_wconf 95' lang='lat'><strong>,</strong></span> <span class='ocrx_word' id='word_1_620' title='bbox 2350 1619 2434 1672; x_wconf 88' lang='lat' dir='ltr'><strong>vel</strong></span> <span class='ocrx_word' id='word_1_621' title='bbox 2462 1618 2633 1686; x_wconf 90' lang='lat' dir='ltr'><strong>potius</strong></span> <span class='ocrx_word' id='word_1_622' title='bbox 2657 1620 2776 1689; x_wconf 89' lang='lat' dir='ltr'><strong>quis</strong></span> <span class='ocrx_word' id='word_1_623' title='bbox 2804 1620 3013 1675; x_wconf 69' lang='lat' dir='ltr'><strong>daemon</strong></span> <span class='ocrx_word' id='word_1_624' title='bbox 3033 1662 3049 1687; x_wconf 96' lang='lat'><strong>,</strong></span> <span class='ocrx_word' id='word_1_625' title='bbox 3081 1622 3200 1688; x_wconf 86' lang='lat' dir='ltr'><strong>quis</strong></span> <span class='ocrx_word' id='word_1_626' title='bbox 3229 1622 3472 1679; x_wconf 89' lang='lat' dir='ltr'><strong>diabolus</strong></span> <span class='ocrx_word' id='word_1_627' title='bbox 3497 1624 3598 1680; x_wconf 89' lang='lat' dir='ltr'><strong>hoc</strong></span> <span class='ocrx_word' id='word_1_628' title='bbox 3623 1626 3704 1681; x_wconf 55' lang='lat' dir='ltr'><strong>fe-</strong></span> 
     </span>
    </p>
   </div>
   <div class='ocr_carea' id='block_1_78' title="bbox 2118 1707 3702 1783">
    <p class='ocr_par' dir='ltr' id='par_1_78' title="bbox 2118 1707 3702 1783">
     <span class='ocr_line' id='line_1_79' title="bbox 2118 1707 3702 1783; baseline 0.007 -22"><span class='ocrx_word' id='word_1_629' title='bbox 2118 1707 2286 1761; x_wconf 88' lang='lat' dir='ltr'><strong>cerit?</strong></span> <span class='ocrx_word' id='word_1_630' title='bbox 2306 1708 2431 1778; x_wconf 91' lang='lat' dir='ltr'><strong>quid</strong></span> <span class='ocrx_word' id='word_1_631' title='bbox 2462 1710 2678 1778; x_wconf 90' lang='lat' dir='ltr'><strong>prodest</strong></span> <span class='ocrx_word' id='word_1_632' title='bbox 2698 1710 2983 1766; x_wconf 86' lang='lat' dir='ltr'><strong>Christus?</strong></span> <span class='ocrx_word' id='word_1_633' title='bbox 3006 1712 3131 1780; x_wconf 91' lang='lat' dir='ltr'><strong>quid</strong></span> <span class='ocrx_word' id='word_1_634' title='bbox 3160 1714 3378 1783; x_wconf 89' lang='lat' dir='ltr'><strong>prodest</strong></span> <span class='ocrx_word' id='word_1_635' title='bbox 3404 1716 3553 1779; x_wconf 82' lang='lat' dir='ltr'><strong>fides,</strong></span> <span class='ocrx_word' id='word_1_636' title='bbox 3581 1734 3702 1773; x_wconf 91' lang='lat' dir='ltr'><strong>cum</strong></span> 
     </span>
    </p>
   </div>
   <div class='ocr_carea' id='block_1_79' title="bbox 2120 1797 3705 1877">
    <p class='ocr_par' dir='ltr' id='par_1_79' title="bbox 2120 1797 3705 1877">
     <span class='ocr_line' id='line_1_80' title="bbox 2120 1797 3705 1877; baseline 0.007 -26"><span class='ocrx_word' id='word_1_637' title='bbox 2120 1797 2377 1854; x_wconf 87' lang='lat' dir='ltr'><strong>toleratur</strong></span> <span class='ocrx_word' id='word_1_638' title='bbox 2402 1798 2594 1869; x_wconf 88' lang='lat' dir='ltr'><strong>aliquis</strong></span> <span class='ocrx_word' id='word_1_639' title='bbox 2619 1816 2683 1855; x_wconf 79' lang='lat' dir='ltr'><strong>ex</strong></span> <span class='ocrx_word' id='word_1_640' title='bbox 2719 1802 2986 1871; x_wconf 80' lang='lat' dir='ltr'><strong>gentibus,</strong></span> <span class='ocrx_word' id='word_1_641' title='bbox 3017 1802 3124 1857; x_wconf 90' lang='lat' dir='ltr'><strong>imo</strong></span> <span class='ocrx_word' id='word_1_642' title='bbox 3152 1819 3279 1859; x_wconf 81' lang='lat' dir='ltr'><strong>vero</strong></span> <span class='ocrx_word' id='word_1_643' title='bbox 3307 1820 3410 1859; x_wconf 91' lang='lat' dir='ltr'><strong>non</strong></span> <span class='ocrx_word' id='word_1_644' title='bbox 3440 1823 3502 1862; x_wconf 81' lang='lat' dir='ltr'><strong>ex</strong></span> <span class='ocrx_word' id='word_1_645' title='bbox 3532 1812 3705 1877; x_wconf 75' lang='lat' dir='ltr'><strong>genti-</strong></span> 
     </span>
    </p>
   </div>
   <div class='ocr_carea' id='block_1_80' title="bbox 2064 1887 3700 1964">
    <p class='ocr_par' dir='ltr' id='par_1_80' title="bbox 2064 1887 3700 1964">
     <span class='ocr_line' id='line_1_81' title="bbox 2064 1887 3700 1964; baseline 0.009 -23"><span class='ocrx_word' id='word_1_646' title='bbox 2064 1888 2084 1896; x_wconf 83' lang='grc'><strong>’</strong></span> <span class='ocrx_word' id='word_1_647' title='bbox 2118 1887 2218 1942; x_wconf 90' lang='lat' dir='ltr'><strong>bus</strong></span> <span class='ocrx_word' id='word_1_648' title='bbox 2239 1930 2254 1953; x_wconf 94' lang='lat'><strong>,</strong></span> <span class='ocrx_word' id='word_1_649' title='bbox 2282 1888 2374 1944; x_wconf 90' lang='lat' dir='ltr'><strong>sed</strong></span> <span class='ocrx_word' id='word_1_650' title='bbox 2406 1906 2471 1944; x_wconf 84' lang='lat' dir='ltr'><strong>ex</strong></span> <span class='ocrx_word' id='word_1_651' title='bbox 2498 1890 2865 1946; x_wconf 63' lang='lat' dir='ltr'><strong>dmmonihus?</strong></span> <span class='ocrx_word' id='word_1_652' title='bbox 2894 1892 2948 1948; x_wconf 92' lang='lat' dir='ltr'><strong>Si</strong></span> <span class='ocrx_word' id='word_1_653' title='bbox 2975 1904 3136 1964; x_wconf 87' lang='lat' dir='ltr'><strong>caput</strong></span> <span class='ocrx_word' id='word_1_654' title='bbox 3162 1912 3268 1950; x_wconf 92' lang='lat' dir='ltr'><strong>non</strong></span> <span class='ocrx_word' id='word_1_655' title='bbox 3297 1907 3374 1952; x_wconf 80' lang='lat' dir='ltr'><strong>est</strong></span> <span class='ocrx_word' id='word_1_656' title='bbox 3402 1901 3700 1954; x_wconf 88' lang='lat' dir='ltr'><strong>ornandum</strong></span> 
     </span>
    </p>
   </div>
   <div class='ocr_carea' id='block_1_81' title="bbox 2115 1983 3698 2055">
    <p class='ocr_par' dir='ltr' id='par_1_81' title="bbox 2115 1983 3698 2055">
     <span class='ocr_line' id='line_1_82' title="bbox 2115 1983 3698 2055; baseline 0.008 -21"><span class='ocrx_word' id='word_1_657' title='bbox 2115 1995 2246 2034; x_wconf 91' lang='lat' dir='ltr'><strong>auro</strong></span> <span class='ocrx_word' id='word_1_658' title='bbox 2284 1989 2337 2035; x_wconf 90' lang='lat' dir='ltr'><strong>et</strong></span> <span class='ocrx_word' id='word_1_659' title='bbox 2380 1983 2727 2052; x_wconf 82' lang='lat' dir='ltr'><strong>margaritis;</strong></span> <span class='ocrx_word' id='word_1_660' title='bbox 2760 1985 2847 2054; x_wconf 90' lang='lat' dir='ltr'><strong>qui</strong></span> <span class='ocrx_word' id='word_1_661' title='bbox 2889 1995 3110 2055; x_wconf 80' lang='lat' dir='ltr'><strong>argento</strong></span> <span class='ocrx_word' id='word_1_662' title='bbox 3155 1989 3320 2043; x_wconf 92' lang='lat' dir='ltr'><strong>utitur</strong></span> <span class='ocrx_word' id='word_1_663' title='bbox 3347 1990 3412 2044; x_wconf 90' lang='lat' dir='ltr'><strong>ad</strong></span> <span class='ocrx_word' id='word_1_664' title='bbox 3446 2000 3548 2045; x_wconf 90' lang='lat' dir='ltr'><strong>tam</strong></span> <span class='ocrx_word' id='word_1_665' title='bbox 3596 1994 3698 2047; x_wconf 85' lang='lat' dir='ltr'><strong>im-</strong></span> 
     </span>
    </p>
   </div>
   <div class='ocr_carea' id='block_1_82' title="bbox 2116 2071 3701 2149">
    <p class='ocr_par' dir='ltr' id='par_1_82' title="bbox 2116 2071 3701 2149">
     <span class='ocr_line' id='line_1_83' title="bbox 2116 2071 3701 2149; baseline 0.01 -26"><span class='ocrx_word' id='word_1_666' title='bbox 2116 2071 2369 2126; x_wconf 88' lang='lat' dir='ltr'><strong>tnuudum</strong></span> <span class='ocrx_word' id='word_1_667' title='bbox 2396 2073 2770 2140; x_wconf 85' lang='lat' dir='ltr'><strong>ministerium,</strong></span> <span class='ocrx_word' id='word_1_668' title='bbox 2802 2091 3088 2146; x_wconf 89' lang='lat' dir='ltr'><strong>quanmam</strong></span> <span class='ocrx_word' id='word_1_669' title='bbox 3118 2090 3431 2149; x_wconf 85' lang='lat' dir='ltr'><strong>assequetnr</strong></span> <span class='ocrx_word' id='word_1_670' title='bbox 3454 2083 3701 2138; x_wconf 80' lang='lat' dir='ltr'><strong>veniam?</strong></span> 
     </span>
    </p>
   </div>
   <div class='ocr_carea' id='block_1_83' title="bbox 2115 2162 3701 2235">
    <p class='ocr_par' dir='ltr' id='par_1_83' title="bbox 2115 2162 3701 2235">
     <span class='ocr_line' id='line_1_84' title="bbox 2115 2162 3701 2235; baseline 0.009 -21"><span class='ocrx_word' id='word_1_671' title='bbox 2115 2178 2219 2215; x_wconf 90' lang='lat' dir='ltr'><strong>non</strong></span> <span class='ocrx_word' id='word_1_672' title='bbox 2246 2162 2515 2218; x_wconf 82' lang='lat' dir='ltr'><strong>sufficiunt</strong></span> <span class='ocrx_word' id='word_1_673' title='bbox 2544 2165 2768 2234; x_wconf 81' lang='lat' dir='ltr'><strong>rrliqua,</strong></span> <span class='ocrx_word' id='word_1_674' title='bbox 2799 2168 3042 2235; x_wconf 89' lang='lat' dir='ltr'><strong>quamvis</strong></span> <span class='ocrx_word' id='word_1_675' title='bbox 3072 2183 3171 2222; x_wconf 91' lang='lat' dir='ltr'><strong>nec</strong></span> <span class='ocrx_word' id='word_1_676' title='bbox 3200 2169 3283 2223; x_wconf 92' lang='lat' dir='ltr'><strong>illa</strong></span> <span class='ocrx_word' id='word_1_677' title='bbox 3315 2181 3442 2225; x_wconf 86' lang='lat' dir='ltr'><strong>sunt</strong></span> <span class='ocrx_word' id='word_1_678' title='bbox 3470 2173 3701 2228; x_wconf 87' lang='lat' dir='ltr'><strong>toleran-</strong></span> 
     </span>
    </p>
   </div>
   <div class='ocr_carea' id='block_1_84' title="bbox 2113 2251 3700 2333">
    <p class='ocr_par' dir='ltr' id='par_1_84' title="bbox 2113 2251 3700 2333">
     <span class='ocr_line' id='line_1_85' title="bbox 2113 2251 3700 2333; baseline 0.009 -29"><span class='ocrx_word' id='word_1_679' title='bbox 2113 2251 2180 2305; x_wconf 84' lang='lat' dir='ltr'><strong>da</strong></span> <span class='ocrx_word' id='word_1_680' title='bbox 2213 2271 2225 2305; x_wconf 92' lang='lat'>:</span> <span class='ocrx_word' id='word_1_681' title='bbox 2258 2253 2526 2310; x_wconf 76' lang='lat' dir='ltr'><strong>cathedra:</strong></span> <span class='ocrx_word' id='word_1_682' title='bbox 2554 2266 2606 2311; x_wconf 91' lang='lat' dir='ltr'><strong>et</strong></span> <span class='ocrx_word' id='word_1_683' title='bbox 2626 2256 2855 2311; x_wconf 83' lang='lat' dir='ltr'><strong>scabello</strong></span> <span class='ocrx_word' id='word_1_684' title='bbox 2886 2273 2949 2312; x_wconf 80' lang='lat' dir='ltr'><strong>ex</strong></span> <span class='ocrx_word' id='word_1_685' title='bbox 2983 2269 3208 2328; x_wconf 82' lang='lat' dir='ltr'><strong>argento</strong></span> <span class='ocrx_word' id='word_1_686' title='bbox 3240 2270 3347 2315; x_wconf 90' lang='lat' dir='ltr'><strong>tota</strong></span> <span class='ocrx_word' id='word_1_687' title='bbox 3370 2263 3393 2313; x_wconf 80' lang='lat' dir='ltr'><strong>&#39;l</strong></span> <span class='ocrx_word' id='word_1_688' title='bbox 3414 2266 3557 2333; x_wconf 89' lang='lat' dir='ltr'><strong>atqui</strong></span> <span class='ocrx_word' id='word_1_689' title='bbox 3586 2264 3700 2319; x_wconf 46' lang='lat' dir='ltr'><strong>huic</strong></span> 
     </span>
    </p>
   </div>
   <div class='ocr_carea' id='block_1_85' title="bbox 2111 2348 3699 2425">
    <p class='ocr_par' dir='ltr' id='par_1_85' title="bbox 2111 2348 3699 2425">
     <span class='ocr_line' id='line_1_86' title="bbox 2111 2348 3699 2425; baseline 0.009 -29"><span class='ocrx_word' id='word_1_690' title='bbox 2111 2359 2321 2413; x_wconf 89' lang='lat' dir='ltr'><strong>quoque</strong></span> <span class='ocrx_word' id='word_1_691' title='bbox 2344 2355 2468 2400; x_wconf 89' lang='lat' dir='ltr'><strong>sunt</strong></span> <span class='ocrx_word' id='word_1_692' title='bbox 2497 2348 2764 2403; x_wconf 78' lang='lat' dir='ltr'><strong>amentirc.</strong></span> <span class='ocrx_word' id='word_1_693' title='bbox 2794 2348 2897 2406; x_wconf 84' lang='lat' dir='ltr'><strong>Sed</strong></span> <span class='ocrx_word' id='word_1_694' title='bbox 2928 2351 3124 2421; x_wconf 90' lang='lat' dir='ltr'><strong>ubique</strong></span> <span class='ocrx_word' id='word_1_695' title='bbox 3150 2362 3231 2406; x_wconf 86' lang='lat' dir='ltr'><strong>est</strong></span> <span class='ocrx_word' id='word_1_696' title='bbox 3258 2353 3423 2408; x_wconf 86' lang='lat' dir='ltr'><strong>fastus</strong></span> <span class='ocrx_word' id='word_1_697' title='bbox 3449 2371 3699 2425; x_wconf 73' lang='lat' dir='ltr'><strong>superva-</strong></span> 
     </span>
    </p>
   </div>
   <div class='ocr_carea' id='block_1_86' title="bbox 2111 2437 3701 2514">
    <p class='ocr_par' dir='ltr' id='par_1_86' title="bbox 2111 2437 3701 2514">
     <span class='ocr_line' id='line_1_87' title="bbox 2111 2437 3701 2514; baseline 0.008 -25"><span class='ocrx_word' id='word_1_698' title='bbox 2111 2450 2342 2502; x_wconf 88' lang='lat' dir='ltr'><strong>cancus;</strong></span> <span class='ocrx_word' id='word_1_699' title='bbox 2376 2437 2571 2507; x_wconf 89' lang='lat' dir='ltr'><strong>ubique</strong></span> <span class='ocrx_word' id='word_1_700' title='bbox 2598 2439 2770 2494; x_wconf 88' lang='lat' dir='ltr'><strong>inanis</strong></span> <span class='ocrx_word' id='word_1_701' title='bbox 2795 2442 2964 2510; x_wconf 84' lang='lat' dir='ltr'><strong>gloria</strong></span> <span class='ocrx_word' id='word_1_702' title='bbox 2991 2460 3003 2496; x_wconf 91' lang='lat'><strong>:</strong></span> <span class='ocrx_word' id='word_1_703' title='bbox 3033 2458 3294 2514; x_wconf 83' lang='lat' dir='ltr'><strong>nusquam</strong></span> <span class='ocrx_word' id='word_1_704' title='bbox 3317 2461 3444 2500; x_wconf 91' lang='lat' dir='ltr'><strong>usus</strong></span> <span class='ocrx_word' id='word_1_705' title='bbox 3472 2447 3701 2503; x_wconf 87' lang='lat' dir='ltr'><strong>habetur</strong></span> 
     </span>
    </p>
   </div>
   <div class='ocr_carea' id='block_1_87' title="bbox 2111 2526 3697 2606">
    <p class='ocr_par' dir='ltr' id='par_1_87' title="bbox 2111 2526 3697 2606">
     <span class='ocr_line' id='line_1_88' title="bbox 2111 2526 3697 2606; baseline 0.009 -27"><span class='ocrx_word' id='word_1_706' title='bbox 2111 2531 2247 2580; x_wconf 90' lang='lat' dir='ltr'><strong>ratio</strong></span> <span class='ocrx_word' id='word_1_707' title='bbox 2271 2568 2286 2594; x_wconf 95' lang='lat'><strong>,</strong></span> <span class='ocrx_word' id='word_1_708' title='bbox 2316 2526 2410 2582; x_wconf 91' lang='lat' dir='ltr'><strong>sed</strong></span> <span class='ocrx_word' id='word_1_709' title='bbox 2440 2527 2635 2599; x_wconf 87' lang='lat' dir='ltr'><strong>ubique</strong></span> <span class='ocrx_word' id='word_1_710' title='bbox 2660 2540 2785 2584; x_wconf 91' lang='lat' dir='ltr'><strong>sunt</strong></span> <span class='ocrx_word' id='word_1_711' title='bbox 2826 2547 3242 2602; x_wconf 88' lang='lat' dir='ltr'><strong>supervacanea.</strong></span> <span class='ocrx_word' id='word_1_712' title='bbox 3276 2536 3385 2606; x_wconf 85' lang='lat' dir='ltr'><strong>Ego</strong></span> <span class='ocrx_word' id='word_1_713' title='bbox 3412 2553 3603 2592; x_wconf 87' lang='lat' dir='ltr'><strong>vereor</strong></span> <span class='ocrx_word' id='word_1_714' title='bbox 3632 2555 3697 2593; x_wconf 90' lang='lat' dir='ltr'><strong>ne</strong></span> 
     </span>
    </p>
   </div>
   <div class='ocr_carea' id='block_1_88' title="bbox 2109 2617 3693 2691">
    <p class='ocr_par' dir='ltr' id='par_1_88' title="bbox 2109 2617 3693 2691">
     <span class='ocr_line' id='line_1_89' title="bbox 2109 2617 3693 2691; baseline 0.006 -21"><span class='ocrx_word' id='word_1_715' title='bbox 2109 2617 2176 2673; x_wconf 89' lang='lat' dir='ltr'><strong>ab</strong></span> <span class='ocrx_word' id='word_1_716' title='bbox 2205 2617 2303 2673; x_wconf 90' lang='lat' dir='ltr'><strong>hac</strong></span> <span class='ocrx_word' id='word_1_717' title='bbox 2333 2620 2536 2675; x_wconf 90' lang='lat' dir='ltr'><strong>insania</strong></span> <span class='ocrx_word' id='word_1_718' title='bbox 2569 2622 2868 2691; x_wconf 88' lang='lat' dir='ltr'><strong>procedens</strong></span> <span class='ocrx_word' id='word_1_719' title='bbox 2905 2639 3066 2679; x_wconf 82' lang='lat' dir='ltr'><strong>sexus</strong></span> <span class='ocrx_word' id='word_1_720' title='bbox 3109 2626 3387 2682; x_wconf 78' lang='lat' dir='ltr'><strong>muliebris</strong></span> <span class='ocrx_word' id='word_1_721' title='bbox 3422 2639 3693 2685; x_wconf 78' lang='lat' dir='ltr'><strong>monstro.</strong></span> 
     </span>
    </p>
   </div>
   <div class='ocr_carea' id='block_1_89' title="bbox 2110 2711 3694 2789">
    <p class='ocr_par' dir='ltr' id='par_1_89' title="bbox 2110 2711 3694 2789">
     <span class='ocr_line' id='line_1_90' title="bbox 2110 2711 3694 2789; baseline 0.008 -26"><span class='ocrx_word' id='word_1_722' title='bbox 2110 2726 2226 2764; x_wconf 87' lang='lat' dir='ltr'><strong>rutn</strong></span> <span class='ocrx_word' id='word_1_723' title='bbox 2253 2711 2475 2765; x_wconf 83' lang='lat' dir='ltr'><strong>formam</strong></span> <span class='ocrx_word' id='word_1_724' title='bbox 2502 2712 2756 2782; x_wconf 90' lang='lat' dir='ltr'><strong>suscipiat</strong></span> <span class='ocrx_word' id='word_1_725' title='bbox 2779 2730 2793 2767; x_wconf 88' lang='lat'><strong>:</strong></span> <span class='ocrx_word' id='word_1_726' title='bbox 2821 2715 3109 2770; x_wconf 81' lang='lat' dir='ltr'><strong>verisimile</strong></span> <span class='ocrx_word' id='word_1_727' title='bbox 3129 2726 3210 2771; x_wconf 86' lang='lat' dir='ltr'><strong>est</strong></span> <span class='ocrx_word' id='word_1_728' title='bbox 3230 2730 3321 2771; x_wconf 87' lang='lat' dir='ltr'><strong>eas</strong></span> <span class='ocrx_word' id='word_1_729' title='bbox 3341 2733 3539 2787; x_wconf 88' lang='lat' dir='ltr'><strong>cupere</strong></span> <span class='ocrx_word' id='word_1_730' title='bbox 3562 2722 3694 2789; x_wconf 81' lang='lat' dir='ltr'><strong>pilos</strong></span> 
     </span>
    </p>
   </div>
   <div class='ocr_carea' id='block_1_90' title="bbox 2106 2801 3692 2880">
    <p class='ocr_par' dir='ltr' id='par_1_90' title="bbox 2106 2801 3692 2880">
     <span class='ocr_line' id='line_1_91' title="bbox 2106 2801 3692 2880; baseline 0.012 -31"><span class='ocrx_word' id='word_1_731' title='bbox 2106 2816 2320 2872; x_wconf 79' lang='lat' dir='ltr'><strong>quoque</strong></span> <span class='ocrx_word' id='word_1_732' title='bbox 2355 2801 2551 2857; x_wconf 87' lang='lat' dir='ltr'><strong>habere</strong></span> <span class='ocrx_word' id='word_1_733' title='bbox 2592 2818 2805 2858; x_wconf 84' lang='lat' dir='ltr'><strong>aureos.</strong></span> <span class='ocrx_word' id='word_1_734' title='bbox 2852 2806 2958 2859; x_wconf 90' lang='lat' dir='ltr'><strong>Aut</strong></span> <span class='ocrx_word' id='word_1_735' title='bbox 3005 2804 3274 2861; x_wconf 86' lang='lat' dir='ltr'><strong>fateamini</strong></span> <span class='ocrx_word' id='word_1_736' title='bbox 3316 2822 3410 2863; x_wconf 85' lang='lat' dir='ltr'><strong>vos</strong></span> <span class='ocrx_word' id='word_1_737' title='bbox 3450 2825 3516 2863; x_wconf 88' lang='lat' dir='ltr'><strong>eo</strong></span> <span class='ocrx_word' id='word_1_738' title='bbox 3549 2813 3692 2880; x_wconf 90' lang='lat' dir='ltr'><strong>quod</strong></span> 
     </span>
    </p>
   </div>
   <div class='ocr_carea' id='block_1_91' title="bbox 2107 2892 3693 2964">
    <p class='ocr_par' dir='ltr' id='par_1_91' title="bbox 2107 2892 3693 2964">
     <span class='ocr_line' id='line_1_92' title="bbox 2107 2892 3693 2964; baseline 0.009 -18"><span class='ocrx_word' id='word_1_739' title='bbox 2107 2892 2305 2947; x_wconf 90' lang='lat' dir='ltr'><strong>dictum</strong></span> <span class='ocrx_word' id='word_1_740' title='bbox 2328 2905 2411 2947; x_wconf 90' lang='lat' dir='ltr'><strong>est</strong></span> <span class='ocrx_word' id='word_1_741' title='bbox 2441 2894 2571 2948; x_wconf 90' lang='lat' dir='ltr'><strong>nihil</strong></span> <span class='ocrx_word' id='word_1_742' title='bbox 2598 2909 2716 2950; x_wconf 90' lang='lat' dir='ltr'><strong>esse</strong></span> <span class='ocrx_word' id='word_1_743' title='bbox 2740 2896 2963 2952; x_wconf 81' lang='lat' dir='ltr'><strong>allectos</strong></span> <span class='ocrx_word' id='word_1_744' title='bbox 2985 2905 3038 2951; x_wconf 92' lang='lat' dir='ltr'><strong>et</strong></span> <span class='ocrx_word' id='word_1_745' title='bbox 3059 2900 3340 2964; x_wconf 79' lang='lat' dir='ltr'><strong>excitatos,</strong></span> <span class='ocrx_word' id='word_1_746' title='bbox 3368 2909 3423 2955; x_wconf 90' lang='lat' dir='ltr'><strong>et</strong></span> <span class='ocrx_word' id='word_1_747' title='bbox 3443 2902 3693 2961; x_wconf 90' lang='lat' dir='ltr'><strong>incidisse</strong></span> 
     </span>
    </p>
   </div>
   <div class='ocr_carea' id='block_1_92' title="bbox 2109 2984 3690 3061">
    <p class='ocr_par' dir='ltr' id='par_1_92' title="bbox 2109 2984 3690 3061">
     <span class='ocr_line' id='line_1_93' title="bbox 2109 2984 3690 3061; baseline 0.009 -23"><span class='ocrx_word' id='word_1_748' title='bbox 2109 2984 2162 3039; x_wconf 91' lang='lat' dir='ltr'><strong>in</strong></span> <span class='ocrx_word' id='word_1_749' title='bbox 2202 2987 2730 3054; x_wconf 82' lang='lat' dir='ltr'><strong>concupiscentiam;</strong></span> <span class='ocrx_word' id='word_1_750' title='bbox 2773 2997 2828 3042; x_wconf 92' lang='lat' dir='ltr'><strong>et</strong></span> <span class='ocrx_word' id='word_1_751' title='bbox 2866 2988 2965 3042; x_wconf 88' lang='lat' dir='ltr'><strong>nisi</strong></span> <span class='ocrx_word' id='word_1_752' title='bbox 3008 2990 3179 3058; x_wconf 91' lang='lat' dir='ltr'><strong>pudor</strong></span> <span class='ocrx_word' id='word_1_753' title='bbox 3214 2992 3552 3061; x_wconf 75' lang='lat' dir='ltr'><strong>retinuisset,</strong></span> <span class='ocrx_word' id='word_1_754' title='bbox 3587 3012 3690 3052; x_wconf 93' lang='lat' dir='ltr'><strong>non</strong></span> 
     </span>
    </p>
   </div>
   <div class='ocr_carea' id='block_1_93' title="bbox 2107 3077 3689 3151">
    <p class='ocr_par' dir='ltr' id='par_1_93' title="bbox 2107 3077 3689 3151">
     <span class='ocr_line' id='line_1_94' title="bbox 2107 3077 3689 3151; baseline 0.008 -21"><span class='ocrx_word' id='word_1_755' title='bbox 2107 3077 2529 3132; x_wconf 84' lang='lat' dir='ltr'><strong>recusavissetis.</strong></span> <span class='ocrx_word' id='word_1_756' title='bbox 2553 3077 2683 3132; x_wconf 89' lang='lat' dir='ltr'><strong>Nam</strong></span> <span class='ocrx_word' id='word_1_757' title='bbox 2715 3080 2758 3133; x_wconf 90' lang='lat' dir='ltr'><strong>si</strong></span> <span class='ocrx_word' id='word_1_758' title='bbox 2786 3079 2998 3133; x_wconf 90' lang='lat' dir='ltr'><strong>audetis</strong></span> <span class='ocrx_word' id='word_1_759' title='bbox 3023 3096 3085 3135; x_wconf 89' lang='lat' dir='ltr'><strong>ca</strong></span> <span class='ocrx_word' id='word_1_760' title='bbox 3111 3099 3229 3151; x_wconf 69' lang='lat' dir='ltr'><strong>quae</strong></span> <span class='ocrx_word' id='word_1_761' title='bbox 3252 3095 3375 3138; x_wconf 91' lang='lat' dir='ltr'><strong>sunt</strong></span> <span class='ocrx_word' id='word_1_762' title='bbox 3401 3086 3482 3139; x_wconf 91' lang='lat' dir='ltr'><strong>his</strong></span> <span class='ocrx_word' id='word_1_763' title='bbox 3503 3088 3689 3142; x_wconf 86' lang='lat' dir='ltr'><strong>absur-</strong></span> 
     </span>
    </p>
   </div>
   <div class='ocr_carea' id='block_1_94' title="bbox 2104 3169 3691 3243">
    <p class='ocr_par' dir='ltr' id='par_1_94' title="bbox 2104 3169 3691 3243">
     <span class='ocr_line' id='line_1_95' title="bbox 2104 3169 3691 3243; baseline 0.008 -21"><span class='ocrx_word' id='word_1_764' title='bbox 2104 3169 2254 3223; x_wconf 91' lang='lat' dir='ltr'><strong>diora</strong></span> <span class='ocrx_word' id='word_1_765' title='bbox 2277 3210 2290 3231; x_wconf 90' lang='lat'><strong>,</strong></span> <span class='ocrx_word' id='word_1_766' title='bbox 2324 3170 2491 3223; x_wconf 92' lang='lat' dir='ltr'><strong>multo</strong></span> <span class='ocrx_word' id='word_1_767' title='bbox 2534 3170 2702 3239; x_wconf 86' lang='lat' dir='ltr'><strong>magis</strong></span> <span class='ocrx_word' id='word_1_768' title='bbox 2741 3171 2992 3225; x_wconf 78' lang='lat' dir='ltr'><strong>existimo</strong></span> <span class='ocrx_word' id='word_1_769' title='bbox 3030 3187 3123 3227; x_wconf 89' lang='lat' dir='ltr'><strong>eas</strong></span> <span class='ocrx_word' id='word_1_770' title='bbox 3167 3174 3302 3243; x_wconf 89' lang='lat' dir='ltr'><strong>pilos</strong></span> <span class='ocrx_word' id='word_1_771' title='bbox 3337 3192 3533 3233; x_wconf 85' lang='lat' dir='ltr'><strong>aureos</strong></span> <span class='ocrx_word' id='word_1_772' title='bbox 3571 3194 3691 3234; x_wconf 82' lang='lat' dir='ltr'><strong>esse</strong></span> 
     </span>
    </p>
   </div>
   <div class='ocr_carea' id='block_1_95' title="bbox 2105 3260 3693 3333">
    <p class='ocr_par' dir='ltr' id='par_1_95' title="bbox 2105 3260 3693 3333">
     <span class='ocr_line' id='line_1_96' title="bbox 2105 3260 3693 3333; baseline 0.008 -18"><span class='ocrx_word' id='word_1_773' title='bbox 2105 3260 2500 3317; x_wconf 74' lang='lat' dir='ltr'><strong>desideraturus</strong></span> <span class='ocrx_word' id='word_1_774' title='bbox 2520 3303 2534 3327; x_wconf 90' lang='lat'><strong>,</strong></span> <span class='ocrx_word' id='word_1_775' title='bbox 2567 3270 2623 3316; x_wconf 91' lang='lat' dir='ltr'><strong>et</strong></span> <span class='ocrx_word' id='word_1_776' title='bbox 2651 3262 2794 3317; x_wconf 90' lang='lat' dir='ltr'><strong>labra</strong></span> <span class='ocrx_word' id='word_1_777' title='bbox 2820 3304 2836 3329; x_wconf 93' lang='lat'><strong>,</strong></span> <span class='ocrx_word' id='word_1_778' title='bbox 2867 3272 2922 3318; x_wconf 92' lang='lat' dir='ltr'><strong>et</strong></span> <span class='ocrx_word' id='word_1_779' title='bbox 2951 3266 3235 3333; x_wconf 83' lang='lat' dir='ltr'><strong>supercilia</strong></span> <span class='ocrx_word' id='word_1_780' title='bbox 3257 3309 3271 3332; x_wconf 92' lang='lat'><strong>,</strong></span> <span class='ocrx_word' id='word_1_781' title='bbox 3304 3278 3357 3323; x_wconf 91' lang='lat' dir='ltr'><strong>et</strong></span> <span class='ocrx_word' id='word_1_782' title='bbox 3395 3281 3532 3326; x_wconf 89' lang='lat' dir='ltr'><strong>totas</strong></span> <span class='ocrx_word' id='word_1_783' title='bbox 3559 3289 3693 3327; x_wconf 88' lang='lat' dir='ltr'><strong>auro</strong></span> 
     </span>
    </p>
   </div>
   <div class='ocr_carea' id='block_1_96' title="bbox 2104 3353 3692 3430">
    <p class='ocr_par' dir='ltr' id='par_1_96' title="bbox 2104 3353 3692 3430">
     <span class='ocr_line' id='line_1_97' title="bbox 2104 3353 3692 3430; baseline 0.01 -22"><span class='ocrx_word' id='word_1_784' title='bbox 2104 3353 2393 3425; x_wconf 87' lang='lat' dir='ltr'><strong>liquefacto</strong></span> <span class='ocrx_word' id='word_1_785' title='bbox 2438 3369 2497 3410; x_wconf 90' lang='lat' dir='ltr'><strong>se</strong></span> <span class='ocrx_word' id='word_1_786' title='bbox 2527 3355 2666 3410; x_wconf 90' lang='lat' dir='ltr'><strong>velle</strong></span> <span class='ocrx_word' id='word_1_787' title='bbox 2698 3356 2912 3413; x_wconf 90' lang='lat' dir='ltr'><strong>illinire.</strong></span> <span class='ocrx_word' id='word_1_788' title='bbox 2944 3358 2998 3414; x_wconf 93' lang='lat' dir='ltr'><strong>Si</strong></span> <span class='ocrx_word' id='word_1_789' title='bbox 3031 3369 3207 3416; x_wconf 90' lang='lat' dir='ltr'><strong>autem</strong></span> <span class='ocrx_word' id='word_1_790' title='bbox 3236 3378 3340 3418; x_wconf 92' lang='lat' dir='ltr'><strong>non</strong></span> <span class='ocrx_word' id='word_1_791' title='bbox 3370 3367 3607 3430; x_wconf 87' lang='lat' dir='ltr'><strong>creditis,</strong></span> <span class='ocrx_word' id='word_1_792' title='bbox 3637 3378 3692 3424; x_wconf 81' lang='lat' dir='ltr'><strong>ct</strong></span> 
     </span>
    </p>
   </div>
   <div class='ocr_carea' id='block_1_97' title="bbox 2105 3447 3690 3528">
    <p class='ocr_par' dir='ltr' id='par_1_97' title="bbox 2105 3447 3690 3528">
     <span class='ocr_line' id='line_1_98' title="bbox 2105 3447 3690 3528; baseline 0.007 -26"><span class='ocrx_word' id='word_1_793' title='bbox 2105 3447 2424 3502; x_wconf 79' lang='lat' dir='ltr'><strong>existimatis</strong></span> <span class='ocrx_word' id='word_1_794' title='bbox 2461 3463 2548 3502; x_wconf 85' lang='lat' dir='ltr'><strong>me</strong></span> <span class='ocrx_word' id='word_1_795' title='bbox 2591 3447 2854 3503; x_wconf 85' lang='lat' dir='ltr'><strong>ridentem</strong></span> <span class='ocrx_word' id='word_1_796' title='bbox 2895 3450 3077 3507; x_wconf 87' lang='lat' dir='ltr'><strong>dicere</strong></span> <span class='ocrx_word' id='word_1_797' title='bbox 3101 3494 3115 3519; x_wconf 92' lang='lat'><strong>,</strong></span> <span class='ocrx_word' id='word_1_798' title='bbox 3146 3467 3247 3524; x_wconf 89' lang='lat' dir='ltr'><strong>ego</strong></span> <span class='ocrx_word' id='word_1_799' title='bbox 3292 3458 3520 3512; x_wconf 89' lang='lat' dir='ltr'><strong>narrabo</strong></span> <span class='ocrx_word' id='word_1_800' title='bbox 3548 3461 3690 3528; x_wconf 87' lang='lat' dir='ltr'><strong>quod</strong></span> 
     </span>
    </p>
   </div>
   <div class='ocr_carea' id='block_1_98' title="bbox 2104 3540 3689 3614">
    <p class='ocr_par' dir='ltr' id='par_1_98' title="bbox 2104 3540 3689 3614">
     <span class='ocr_line' id='line_1_99' title="bbox 2104 3540 3689 3614; baseline 0.008 -20"><span class='ocrx_word' id='word_1_801' title='bbox 2104 3540 2310 3604; x_wconf 84' lang='lat' dir='ltr'><strong>audivi;</strong></span> <span class='ocrx_word' id='word_1_802' title='bbox 2344 3541 2452 3594; x_wconf 91' lang='lat' dir='ltr'><strong>imo</strong></span> <span class='ocrx_word' id='word_1_803' title='bbox 2490 3555 2618 3595; x_wconf 87' lang='lat' dir='ltr'><strong>vero</strong></span> <span class='ocrx_word' id='word_1_804' title='bbox 2657 3557 2797 3597; x_wconf 92' lang='lat' dir='ltr'><strong>nunc</strong></span> <span class='ocrx_word' id='word_1_805' title='bbox 2836 3558 3051 3614; x_wconf 89' lang='lat' dir='ltr'><strong>quoque</strong></span> <span class='ocrx_word' id='word_1_806' title='bbox 3095 3555 3198 3600; x_wconf 91' lang='lat' dir='ltr'><strong>est.</strong></span> <span class='ocrx_word' id='word_1_807' title='bbox 3243 3546 3359 3602; x_wconf 81' lang='lat' dir='ltr'><strong>Rex</strong></span> <span class='ocrx_word' id='word_1_808' title='bbox 3409 3549 3689 3606; x_wconf 78' lang='lat' dir='ltr'><strong>Persarum</strong></span> 
     </span>
    </p>
   </div>
   <div class='ocr_carea' id='block_1_99' title="bbox 2104 3629 3692 3712">
    <p class='ocr_par' dir='ltr' id='par_1_99' title="bbox 2104 3629 3692 3712">
     <span class='ocr_line' id='line_1_100' title="bbox 2104 3629 3692 3712; baseline 0.006 -27"><span class='ocrx_word' id='word_1_809' title='bbox 2104 3631 2321 3685; x_wconf 85' lang='lat' dir='ltr'><strong>barbam</strong></span> <span class='ocrx_word' id='word_1_810' title='bbox 2356 3629 2512 3686; x_wconf 89' lang='lat' dir='ltr'><strong>habet</strong></span> <span class='ocrx_word' id='word_1_811' title='bbox 2544 3646 2783 3700; x_wconf 88' lang='lat' dir='ltr'><strong>auream,</strong></span> <span class='ocrx_word' id='word_1_812' title='bbox 2813 3633 2878 3688; x_wconf 90' lang='lat' dir='ltr'><strong>iis</strong></span> <span class='ocrx_word' id='word_1_813' title='bbox 2904 3637 2991 3704; x_wconf 93' lang='lat' dir='ltr'><strong>qui</strong></span> <span class='ocrx_word' id='word_1_814' title='bbox 3025 3635 3211 3690; x_wconf 89' lang='lat' dir='ltr'><strong>harum</strong></span> <span class='ocrx_word' id='word_1_815' title='bbox 3242 3653 3419 3692; x_wconf 89' lang='lat' dir='ltr'><strong>rerum</strong></span> <span class='ocrx_word' id='word_1_816' title='bbox 3449 3651 3573 3694; x_wconf 87' lang='lat' dir='ltr'><strong>sunt</strong></span> <span class='ocrx_word' id='word_1_817' title='bbox 3598 3657 3692 3712; x_wconf 77' lang='lat' dir='ltr'><strong>pe-</strong></span> 
     </span>
    </p>
   </div>
   <div class='ocr_carea' id='block_1_100' title="bbox 2105 3723 3692 3797">
    <p class='ocr_par' dir='ltr' id='par_1_100' title="bbox 2105 3723 3692 3797">
     <span class='ocr_line' id='line_1_101' title="bbox 2105 3723 3692 3797; baseline 0.008 -20"><span class='ocrx_word' id='word_1_818' title='bbox 2105 3723 2191 3777; x_wconf 89' lang='lat' dir='ltr'><strong>riti</strong></span> <span class='ocrx_word' id='word_1_819' title='bbox 2213 3764 2226 3788; x_wconf 91' lang='lat'><strong>,</strong></span> <span class='ocrx_word' id='word_1_820' title='bbox 2256 3723 2419 3777; x_wconf 89' lang='lat' dir='ltr'><strong>veluti</strong></span> <span class='ocrx_word' id='word_1_821' title='bbox 2447 3724 2782 3794; x_wconf 81' lang='lat' dir='ltr'><strong>subtegmine</strong></span> <span class='ocrx_word' id='word_1_822' title='bbox 2803 3768 2818 3793; x_wconf 93' lang='lat'><strong>,</strong></span> <span class='ocrx_word' id='word_1_823' title='bbox 2848 3726 2988 3782; x_wconf 89' lang='lat' dir='ltr'><strong>illius</strong></span> <span class='ocrx_word' id='word_1_824' title='bbox 3028 3729 3149 3797; x_wconf 92' lang='lat' dir='ltr'><strong>pilis</strong></span> <span class='ocrx_word' id='word_1_825' title='bbox 3189 3731 3302 3785; x_wconf 92' lang='lat' dir='ltr'><strong>auri</strong></span> <span class='ocrx_word' id='word_1_826' title='bbox 3351 3730 3574 3787; x_wconf 89' lang='lat' dir='ltr'><strong>laminas</strong></span> <span class='ocrx_word' id='word_1_827' title='bbox 3606 3735 3692 3788; x_wconf 91' lang='lat' dir='ltr'><strong>in-</strong></span> 
     </span>
    </p>
   </div>
   <div class='ocr_carea' id='block_1_101' title="bbox 2103 3814 3690 3890">
    <p class='ocr_par' dir='ltr' id='par_1_101' title="bbox 2103 3814 3690 3890">
     <span class='ocr_line' id='line_1_102' title="bbox 2103 3814 3690 3890; baseline 0.008 -24"><span class='ocrx_word' id='word_1_828' title='bbox 2103 3814 2441 3868; x_wconf 82' lang='lat' dir='ltr'><strong>volventihus</strong></span> <span class='ocrx_word' id='word_1_829' title='bbox 2465 3832 2478 3867; x_wconf 88' lang='lat'>:</span> <span class='ocrx_word' id='word_1_830' title='bbox 2502 3826 2555 3869; x_wconf 90' lang='lat' dir='ltr'><strong>et</strong></span> <span class='ocrx_word' id='word_1_831' title='bbox 2571 3815 2713 3884; x_wconf 87' lang='lat' dir='ltr'><strong>jacet</strong></span> <span class='ocrx_word' id='word_1_832' title='bbox 2731 3825 3000 3886; x_wconf 89' lang='lat' dir='ltr'><strong>tamquam</strong></span> <span class='ocrx_word' id='word_1_833' title='bbox 3025 3831 3341 3875; x_wconf 89' lang='lat' dir='ltr'><strong>monstrum.</strong></span> <span class='ocrx_word' id='word_1_834' title='bbox 3365 3821 3547 3878; x_wconf 88' lang='lat' dir='ltr'><strong>Gloria</strong></span> <span class='ocrx_word' id='word_1_835' title='bbox 3574 3825 3690 3890; x_wconf 90' lang='lat' dir='ltr'><strong>tibi,</strong></span> 
     </span>
    </p>
   </div>
   <div class='ocr_carea' id='block_1_102' title="bbox 2102 3902 3693 3978">
    <p class='ocr_par' dir='ltr' id='par_1_102' title="bbox 2102 3902 3693 3978">
     <span class='ocr_line' id='line_1_103' title="bbox 2102 3902 3693 3978; baseline 0.009 -22"><span class='ocrx_word' id='word_1_836' title='bbox 2102 3902 2344 3958; x_wconf 85' lang='lat' dir='ltr'><strong>Christe!</strong></span> <span class='ocrx_word' id='word_1_837' title='bbox 2376 3918 2533 3974; x_wconf 86' lang='lat' dir='ltr'><strong>quam</strong></span> <span class='ocrx_word' id='word_1_838' title='bbox 2583 3906 2764 3961; x_wconf 82' lang='lat' dir='ltr'><strong>tnultis</strong></span> <span class='ocrx_word' id='word_1_839' title='bbox 2813 3923 2910 3961; x_wconf 88' lang='lat' dir='ltr'><strong>nos</strong></span> <span class='ocrx_word' id='word_1_840' title='bbox 2956 3908 3242 3978; x_wconf 84' lang='lat' dir='ltr'><strong>implevisti</strong></span> <span class='ocrx_word' id='word_1_841' title='bbox 3275 3912 3460 3977; x_wconf 90' lang='lat' dir='ltr'><strong>bonis,</strong></span> <span class='ocrx_word' id='word_1_842' title='bbox 3494 3923 3548 3968; x_wconf 94' lang='lat' dir='ltr'><strong>ut</strong></span> <span class='ocrx_word' id='word_1_843' title='bbox 3578 3917 3693 3970; x_wconf 86' lang='lat' dir='ltr'><strong>sani</strong></span> 
     </span>
    </p>
   </div>
   <div class='ocr_carea' id='block_1_103' title="bbox 2103 3998 3694 4068">
    <p class='ocr_par' dir='ltr' id='par_1_103' title="bbox 2103 3998 3694 4068">
     <span class='ocr_line' id='line_1_104' title="bbox 2103 3998 3694 4068; baseline 0.008 -18"><span class='ocrx_word' id='word_1_844' title='bbox 2103 4011 2346 4051; x_wconf 88' lang='lat' dir='ltr'><strong>essemus</strong></span> <span class='ocrx_word' id='word_1_845' title='bbox 2370 3998 2382 4050; x_wconf 91' lang='lat'><strong>!</strong></span> <span class='ocrx_word' id='word_1_846' title='bbox 2412 4012 2439 4048; x_wconf 89' lang='lat' dir='ltr'><strong>a</strong></span> <span class='ocrx_word' id='word_1_847' title='bbox 2469 4012 2628 4068; x_wconf 89' lang='lat' dir='ltr'><strong>quam</strong></span> <span class='ocrx_word' id='word_1_848' title='bbox 2662 3998 2841 4054; x_wconf 92' lang='lat' dir='ltr'><strong>multis</strong></span> <span class='ocrx_word' id='word_1_849' title='bbox 2869 4001 3123 4056; x_wconf 89' lang='lat' dir='ltr'><strong>monstris</strong></span> <span class='ocrx_word' id='word_1_850' title='bbox 3147 4011 3202 4057; x_wconf 91' lang='lat' dir='ltr'><strong>et</strong></span> <span class='ocrx_word' id='word_1_851' title='bbox 3225 4007 3473 4061; x_wconf 89' lang='lat' dir='ltr'><strong>amentiis</strong></span> <span class='ocrx_word' id='word_1_852' title='bbox 3502 4005 3694 4062; x_wconf 87' lang='lat' dir='ltr'><strong>libera-</strong></span> 
     </span>
    </p>
   </div>
   <div class='ocr_carea' id='block_1_104' title="bbox 2105 4089 3694 4169">
    <p class='ocr_par' dir='ltr' id='par_1_104' title="bbox 2105 4089 3694 4169">
     <span class='ocr_line' id='line_1_105' title="bbox 2105 4089 3694 4169; baseline 0.009 -28"><span class='ocrx_word' id='word_1_853' title='bbox 2105 4090 2255 4145; x_wconf 87' lang='lat' dir='ltr'><strong>visti!</strong></span> <span class='ocrx_word' id='word_1_854' title='bbox 2288 4089 2426 4144; x_wconf 82' lang='lat' dir='ltr'><strong>Ecce</strong></span> <span class='ocrx_word' id='word_1_855' title='bbox 2451 4091 2703 4159; x_wconf 73' lang='lat' dir='ltr'><strong>prmdico,</strong></span> <span class='ocrx_word' id='word_1_856' title='bbox 2733 4108 2837 4147; x_wconf 88' lang='lat' dir='ltr'><strong>non</strong></span> <span class='ocrx_word' id='word_1_857' title='bbox 2865 4095 3093 4163; x_wconf 89' lang='lat' dir='ltr'><strong>amplius</strong></span> <span class='ocrx_word' id='word_1_858' title='bbox 3119 4096 3340 4163; x_wconf 82' lang='lat' dir='ltr'><strong>suadeo,</strong></span> <span class='ocrx_word' id='word_1_859' title='bbox 3365 4099 3457 4154; x_wconf 91' lang='lat' dir='ltr'><strong>sed</strong></span> <span class='ocrx_word' id='word_1_860' title='bbox 3489 4104 3694 4169; x_wconf 85' lang='lat' dir='ltr'><strong>impero</strong></span> 
     </span>
    </p>
   </div>
   <div class='ocr_carea' id='block_1_105' title="bbox 2106 4181 3691 4258">
    <p class='ocr_par' dir='ltr' id='par_1_105' title="bbox 2106 4181 3691 4258">
     <span class='ocr_line' id='line_1_106' title="bbox 2106 4181 3691 4258; baseline 0.005 -22"><span class='ocrx_word' id='word_1_861' title='bbox 2106 4191 2160 4236; x_wconf 91' lang='lat' dir='ltr'><strong>et</strong></span> <span class='ocrx_word' id='word_1_862' title='bbox 2188 4181 2443 4236; x_wconf 89' lang='lat' dir='ltr'><strong>denuntio</strong></span> <span class='ocrx_word' id='word_1_863' title='bbox 2476 4199 2489 4234; x_wconf 90' lang='lat'><strong>:</strong></span> <span class='ocrx_word' id='word_1_864' title='bbox 2523 4183 2702 4236; x_wconf 88' lang='lat' dir='ltr'><strong>audiat</strong></span> <span class='ocrx_word' id='word_1_865' title='bbox 2735 4183 2826 4252; x_wconf 92' lang='lat' dir='ltr'><strong>qui</strong></span> <span class='ocrx_word' id='word_1_866' title='bbox 2868 4184 3034 4249; x_wconf 89' lang='lat' dir='ltr'><strong>velit;</strong></span> <span class='ocrx_word' id='word_1_867' title='bbox 3062 4186 3150 4254; x_wconf 92' lang='lat' dir='ltr'><strong>qui</strong></span> <span class='ocrx_word' id='word_1_868' title='bbox 3193 4202 3297 4240; x_wconf 93' lang='lat' dir='ltr'><strong>non</strong></span> <span class='ocrx_word' id='word_1_869' title='bbox 3330 4189 3442 4242; x_wconf 90' lang='lat' dir='ltr'><strong>vult</strong></span> <span class='ocrx_word' id='word_1_870' title='bbox 3478 4200 3654 4246; x_wconf 90' lang='lat' dir='ltr'><strong>autem</strong></span> <span class='ocrx_word' id='word_1_871' title='bbox 3675 4234 3691 4258; x_wconf 94' lang='lat'><strong>,</strong></span> 
     </span>
    </p>
   </div>
   <div class='ocr_carea' id='block_1_106' title="bbox 2108 4271 3695 4343">
    <p class='ocr_par' dir='ltr' id='par_1_106' title="bbox 2108 4271 3695 4343">
     <span class='ocr_line' id='line_1_107' title="bbox 2108 4271 3695 4343; baseline 0.006 -19"><span class='ocrx_word' id='word_1_872' title='bbox 2108 4286 2213 4324; x_wconf 89' lang='lat' dir='ltr'><strong>non</strong></span> <span class='ocrx_word' id='word_1_873' title='bbox 2243 4280 2424 4339; x_wconf 87' lang='lat' dir='ltr'><strong>pareat</strong></span> <span class='ocrx_word' id='word_1_874' title='bbox 2456 4288 2469 4323; x_wconf 92' lang='lat'><strong>:</strong></span> <span class='ocrx_word' id='word_1_875' title='bbox 2498 4271 2638 4340; x_wconf 86' lang='lat' dir='ltr'><strong>quod</strong></span> <span class='ocrx_word' id='word_1_876' title='bbox 2667 4272 2711 4325; x_wconf 91' lang='lat' dir='ltr'><strong>si</strong></span> <span class='ocrx_word' id='word_1_877' title='bbox 2744 4275 2975 4341; x_wconf 65' lang='lat' dir='ltr'><strong>pergulis</strong></span> <span class='ocrx_word' id='word_1_878' title='bbox 3003 4273 3117 4328; x_wconf 81' lang='lat' dir='ltr'><strong>ha-c</strong></span> <span class='ocrx_word' id='word_1_879' title='bbox 3143 4275 3337 4343; x_wconf 88' lang='lat' dir='ltr'><strong>facere,</strong></span> <span class='ocrx_word' id='word_1_880' title='bbox 3366 4292 3473 4333; x_wconf 92' lang='lat' dir='ltr'><strong>non</strong></span> <span class='ocrx_word' id='word_1_881' title='bbox 3502 4281 3695 4336; x_wconf 87' lang='lat' dir='ltr'><strong>tolera-</strong></span> 
     </span>
    </p>
   </div>
   <div class='ocr_carea' id='block_1_107' title="bbox 2108 4354 3694 4434">
    <p class='ocr_par' dir='ltr' id='par_1_107' title="bbox 2108 4354 3694 4434">
     <span class='ocr_line' id='line_1_108' title="bbox 2108 4354 3694 4434; baseline 0.006 -18"><span class='ocrx_word' id='word_1_882' title='bbox 2108 4361 2176 4416; x_wconf 87' lang='lat' dir='ltr'><strong>bo</strong></span> <span class='ocrx_word' id='word_1_883' title='bbox 2198 4376 2371 4431; x_wconf 88' lang='lat' dir='ltr'><strong>neque</strong></span> <span class='ocrx_word' id='word_1_884' title='bbox 2394 4376 2490 4415; x_wconf 86' lang='lat' dir='ltr'><strong>vos</strong></span> <span class='ocrx_word' id='word_1_885' title='bbox 2516 4354 2777 4430; x_wconf 76' lang='lat' dir='ltr'><strong>excipiam</strong></span> <span class='ocrx_word' id='word_1_886' title='bbox 2799 4404 2814 4428; x_wconf 93' lang='lat'><strong>,</strong></span> <span class='ocrx_word' id='word_1_887' title='bbox 2848 4378 3022 4434; x_wconf 84' lang='lat' dir='ltr'><strong>neque</strong></span> <span class='ocrx_word' id='word_1_888' title='bbox 3060 4366 3232 4420; x_wconf 88' lang='lat' dir='ltr'><strong>sinam</strong></span> <span class='ocrx_word' id='word_1_889' title='bbox 3274 4378 3329 4421; x_wconf 94' lang='lat' dir='ltr'><strong>ut</strong></span> <span class='ocrx_word' id='word_1_890' title='bbox 3360 4368 3474 4423; x_wconf 67' lang='lat' dir='ltr'><strong>hare</strong></span> <span class='ocrx_word' id='word_1_891' title='bbox 3515 4370 3694 4426; x_wconf 89' lang='lat' dir='ltr'><strong>limina</strong></span> 
     </span>
    </p>
   </div>
   <div class='ocr_carea' id='block_1_108' title="bbox 2111 4452 3698 4528">
    <p class='ocr_par' dir='ltr' id='par_1_108' title="bbox 2111 4452 3698 4528">
     <span class='ocr_line' id='line_1_109' title="bbox 2111 4452 3698 4528; baseline 0.006 -21"><span class='ocrx_word' id='word_1_892' title='bbox 2111 4453 2411 4507; x_wconf 88' lang='lat' dir='ltr'><strong>transeatis.</strong></span> <span class='ocrx_word' id='word_1_893' title='bbox 2431 4452 2566 4519; x_wconf 85' lang='lat' dir='ltr'><strong>Quid</strong></span> <span class='ocrx_word' id='word_1_894' title='bbox 2593 4453 2737 4508; x_wconf 90' lang='lat' dir='ltr'><strong>enim</strong></span> <span class='ocrx_word' id='word_1_895' title='bbox 2759 4453 2888 4508; x_wconf 91' lang='lat' dir='ltr'><strong>mibi</strong></span> <span class='ocrx_word' id='word_1_896' title='bbox 2910 4470 3044 4524; x_wconf 85' lang='lat' dir='ltr'><strong>npus</strong></span> <span class='ocrx_word' id='word_1_897' title='bbox 3065 4465 3145 4509; x_wconf 90' lang='lat' dir='ltr'><strong>est</strong></span> <span class='ocrx_word' id='word_1_898' title='bbox 3164 4460 3536 4528; x_wconf 77' lang='lat' dir='ltr'><strong>regrotantium</strong></span> <span class='ocrx_word' id='word_1_899' title='bbox 3560 4464 3698 4517; x_wconf 88' lang='lat' dir='ltr'><strong>mul-</strong></span> 
     </span>
    </p>
   </div>
   <div class='ocr_carea' id='block_1_109' title="bbox 2111 4545 3699 4622">
    <p class='ocr_par' dir='ltr' id='par_1_109' title="bbox 2111 4545 3699 4622">
     <span class='ocr_line' id='line_1_110' title="bbox 2111 4545 3699 4622; baseline 0.006 -22"><span class='ocrx_word' id='word_1_900' title='bbox 2111 4545 2373 4601; x_wconf 91' lang='lat' dir='ltr'><strong>titudine?</strong></span> <span class='ocrx_word' id='word_1_901' title='bbox 2399 4545 2525 4616; x_wconf 89' lang='lat' dir='ltr'><strong>quid</strong></span> <span class='ocrx_word' id='word_1_902' title='bbox 2564 4561 2723 4613; x_wconf 88' lang='lat' dir='ltr'><strong>vero,</strong></span> <span class='ocrx_word' id='word_1_903' title='bbox 2766 4547 2811 4600; x_wconf 91' lang='lat' dir='ltr'><strong>si</strong></span> <span class='ocrx_word' id='word_1_904' title='bbox 2851 4562 2946 4602; x_wconf 81' lang='lat' dir='ltr'><strong>vos</strong></span> <span class='ocrx_word' id='word_1_905' title='bbox 2988 4549 3241 4603; x_wconf 76' lang='lat' dir='ltr'><strong>erudiens</strong></span> <span class='ocrx_word' id='word_1_906' title='bbox 3285 4567 3390 4605; x_wconf 93' lang='lat' dir='ltr'><strong>non</strong></span> <span class='ocrx_word' id='word_1_907' title='bbox 3438 4555 3699 4622; x_wconf 83' lang='lat' dir='ltr'><strong>prohibeo</strong></span> 
     </span>
    </p>
   </div>
   <div class='ocr_carea' id='block_1_110' title="bbox 2108 4639 3701 4713">
    <p class='ocr_par' dir='ltr' id='par_1_110' title="bbox 2108 4639 3701 4713">
     <span class='ocr_line' id='line_1_111' title="bbox 2108 4639 3701 4713; baseline 0.005 -22"><span class='ocrx_word' id='word_1_908' title='bbox 2108 4655 2229 4710; x_wconf 76' lang='lat' dir='ltr'><strong>qua:</strong></span> <span class='ocrx_word' id='word_1_909' title='bbox 2258 4655 2363 4693; x_wconf 91' lang='lat' dir='ltr'><strong>non</strong></span> <span class='ocrx_word' id='word_1_910' title='bbox 2391 4647 2515 4693; x_wconf 87' lang='lat' dir='ltr'><strong>sunt</strong></span> <span class='ocrx_word' id='word_1_911' title='bbox 2541 4639 2973 4710; x_wconf 88' lang='lat' dir='ltr'><strong>supervacanea?</strong></span> <span class='ocrx_word' id='word_1_912' title='bbox 2998 4639 3155 4709; x_wconf 82' lang='lat' dir='ltr'><strong>Atqui</strong></span> <span class='ocrx_word' id='word_1_913' title='bbox 3201 4642 3397 4699; x_wconf 80' lang='lat' dir='ltr'><strong>Paulus</strong></span> <span class='ocrx_word' id='word_1_914' title='bbox 3425 4645 3701 4713; x_wconf 90' lang='lat' dir='ltr'><strong>prohibuit</strong></span> 
     </span>
    </p>
   </div>
   <div class='ocr_carea' id='block_1_111' title="bbox 2111 4731 3699 4801">
    <p class='ocr_par' dir='ltr' id='par_1_111' title="bbox 2111 4731 3699 4801">
     <span class='ocr_line' id='line_1_112' title="bbox 2111 4731 3699 4801; baseline 0 -14"><span class='ocrx_word' id='word_1_915' title='bbox 2111 4743 2163 4787; x_wconf 88' lang='lat' dir='ltr'><strong>et</strong></span> <span class='ocrx_word' id='word_1_916' title='bbox 2190 4746 2378 4786; x_wconf 90' lang='lat' dir='ltr'><strong>aurum</strong></span> <span class='ocrx_word' id='word_1_917' title='bbox 2403 4740 2459 4786; x_wconf 89' lang='lat' dir='ltr'><strong>et</strong></span> <span class='ocrx_word' id='word_1_918' title='bbox 2496 4731 2830 4801; x_wconf 90' lang='lat' dir='ltr'><strong>margaritas.</strong></span> <span class='ocrx_word' id='word_1_919' title='bbox 2864 4731 3125 4788; x_wconf 78' lang='lat' dir='ltr'><strong>Ridemur</strong></span> <span class='ocrx_word' id='word_1_920' title='bbox 3151 4749 3179 4785; x_wconf 92' lang='lat' dir='ltr'><strong>a</strong></span> <span class='ocrx_word' id='word_1_921' title='bbox 3211 4735 3414 4790; x_wconf 73' lang='lat' dir='ltr'><strong>Graecis</strong></span> <span class='ocrx_word' id='word_1_922' title='bbox 3439 4753 3453 4789; x_wconf 93' lang='lat'>:</span> <span class='ocrx_word' id='word_1_923' title='bbox 3483 4751 3569 4790; x_wconf 89' lang='lat' dir='ltr'><strong>res</strong></span> <span class='ocrx_word' id='word_1_924' title='bbox 3598 4752 3699 4790; x_wconf 87' lang='lat' dir='ltr'><strong>no-</strong></span> 
     </span>
    </p>
   </div>
   <div class='ocr_carea' id='block_1_112' title="bbox 2111 4824 3689 4883">
    <p class='ocr_par' dir='ltr' id='par_1_112' title="bbox 2111 4824 3689 4883">
     <span class='ocr_line' id='line_1_113' title="bbox 2111 4824 3689 4883; baseline 0.002 -4"><span class='ocrx_word' id='word_1_925' title='bbox 2111 4834 2237 4879; x_wconf 78' lang='lat' dir='ltr'><strong>stra:</strong></span> <span class='ocrx_word' id='word_1_926' title='bbox 2263 4824 2512 4879; x_wconf 88' lang='lat' dir='ltr'><strong>videntur</strong></span> <span class='ocrx_word' id='word_1_927' title='bbox 2535 4839 2656 4880; x_wconf 89' lang='lat' dir='ltr'><strong>esse</strong></span> <span class='ocrx_word' id='word_1_928' title='bbox 2685 4824 2898 4879; x_wconf 78' lang='lat' dir='ltr'><strong>fabulae.</strong></span> <span class='ocrx_word' id='word_1_929' title='bbox 2937 4826 2998 4880; x_wconf 86' lang='lat' dir='ltr'><strong>Et</strong></span> <span class='ocrx_word' id='word_1_930' title='bbox 3026 4825 3153 4879; x_wconf 83' lang='lat' dir='ltr'><strong>viris</strong></span> <span class='ocrx_word' id='word_1_931' title='bbox 3185 4826 3297 4881; x_wconf 64' lang='lat' dir='ltr'><strong>haec</strong></span> <span class='ocrx_word' id='word_1_932' title='bbox 3335 4827 3536 4881; x_wconf 78' lang='lat' dir='ltr'><strong>suadeo</strong></span> <span class='ocrx_word' id='word_1_933' title='bbox 3567 4845 3580 4882; x_wconf 91' lang='lat'>:</span> <span class='ocrx_word' id='word_1_934' title='bbox 3611 4843 3689 4883; x_wconf 28' lang='lat' dir='ltr'><strong>ac.</strong></span> 
     </span>
    </p>
   </div>
   <div class='ocr_carea' id='block_1_113' title="bbox 2113 4916 3700 4988">
    <p class='ocr_par' dir='ltr' id='par_1_113' title="bbox 2113 4916 3700 4988">
     <span class='ocr_line' id='line_1_114' title="bbox 2113 4916 3700 4988; baseline 0 -16"><span class='ocrx_word' id='word_1_935' title='bbox 2113 4916 2259 4973; x_wconf 89' lang='lat' dir='ltr'><strong>cedis</strong></span> <span class='ocrx_word' id='word_1_936' title='bbox 2285 4916 2350 4970; x_wconf 92' lang='lat' dir='ltr'><strong>ad</strong></span> <span class='ocrx_word' id='word_1_937' title='bbox 2380 4917 2561 4971; x_wconf 88' lang='lat' dir='ltr'><strong>ludum</strong></span> <span class='ocrx_word' id='word_1_938' title='bbox 2590 4917 2904 4982; x_wconf 88' lang='lat' dir='ltr'><strong>literarium,</strong></span> <span class='ocrx_word' id='word_1_939' title='bbox 2936 4917 3326 4988; x_wconf 69' lang='lat' dir='ltr'><strong>philosolihiam</strong></span> <span class='ocrx_word' id='word_1_940' title='bbox 3352 4918 3566 4973; x_wconf 86' lang='lat' dir='ltr'><strong>discens</strong></span> <span class='ocrx_word' id='word_1_941' title='bbox 3592 4921 3700 4988; x_wconf 75' lang='lat' dir='ltr'><strong>Spi-</strong></span> 
     </span>
    </p>
   </div>
   <div class='ocr_carea' id='block_1_114' title="bbox 2114 5007 3698 5067">
    <p class='ocr_par' dir='ltr' id='par_1_114' title="bbox 2114 5007 3698 5067">
     <span class='ocr_line' id='line_1_115' title="bbox 2114 5007 3698 5067; baseline 0.003 -4"><span class='ocrx_word' id='word_1_942' title='bbox 2114 5007 2359 5063; x_wconf 89' lang='lat' dir='ltr'><strong>ritualem</strong></span> <span class='ocrx_word' id='word_1_943' title='bbox 2382 5009 2405 5061; x_wconf 85' lang='lat'><strong>?</strong></span> <span class='ocrx_word' id='word_1_944' title='bbox 2430 5009 2580 5063; x_wconf 82' lang='lat' dir='ltr'><strong>aufer</strong></span> <span class='ocrx_word' id='word_1_945' title='bbox 2606 5008 2751 5063; x_wconf 89' lang='lat' dir='ltr'><strong>illum</strong></span> <span class='ocrx_word' id='word_1_946' title='bbox 2782 5008 2998 5064; x_wconf 87' lang='lat' dir='ltr'><strong>fastum.</strong></span> <span class='ocrx_word' id='word_1_947' title='bbox 3030 5008 3142 5063; x_wconf 84' lang='lat' dir='ltr'><strong>lloe</strong></span> <span class='ocrx_word' id='word_1_948' title='bbox 3167 5018 3221 5064; x_wconf 90' lang='lat' dir='ltr'><strong>et</strong></span> <span class='ocrx_word' id='word_1_949' title='bbox 3252 5010 3382 5064; x_wconf 89' lang='lat' dir='ltr'><strong>viris</strong></span> <span class='ocrx_word' id='word_1_950' title='bbox 3419 5011 3619 5066; x_wconf 90' lang='lat' dir='ltr'><strong>suadeo</strong></span> <span class='ocrx_word' id='word_1_951' title='bbox 3649 5020 3698 5067; x_wconf 92' lang='lat' dir='ltr'><strong>et</strong></span> 
     </span>
    </p>
   </div>
   <div class='ocr_carea' id='block_1_115' title="bbox 2117 5100 3702 5172">
    <p class='ocr_par' dir='ltr' id='par_1_115' title="bbox 2117 5100 3702 5172">
     <span class='ocr_line' id='line_1_116' title="bbox 2117 5100 3702 5172; baseline 0.003 -20"><span class='ocrx_word' id='word_1_952' title='bbox 2117 5100 2363 5167; x_wconf 68' lang='lat' dir='ltr'><strong>feminis;</strong></span> <span class='ocrx_word' id='word_1_953' title='bbox 2394 5107 2449 5154; x_wconf 92' lang='lat' dir='ltr'><strong>et</strong></span> <span class='ocrx_word' id='word_1_954' title='bbox 2474 5102 2515 5155; x_wconf 92' lang='lat' dir='ltr'><strong>si</strong></span> <span class='ocrx_word' id='word_1_955' title='bbox 2545 5101 2807 5171; x_wconf 86' lang='lat' dir='ltr'><strong>quispiam</strong></span> <span class='ocrx_word' id='word_1_956' title='bbox 2836 5102 2994 5156; x_wconf 89' lang='lat' dir='ltr'><strong>aliter</strong></span> <span class='ocrx_word' id='word_1_957' title='bbox 3023 5102 3197 5163; x_wconf 88' lang='lat' dir='ltr'><strong>faciat,</strong></span> <span class='ocrx_word' id='word_1_958' title='bbox 3231 5117 3336 5155; x_wconf 88' lang='lat' dir='ltr'><strong>non</strong></span> <span class='ocrx_word' id='word_1_959' title='bbox 3361 5102 3591 5171; x_wconf 87' lang='lat' dir='ltr'><strong>amplius</strong></span> <span class='ocrx_word' id='word_1_960' title='bbox 3622 5118 3702 5172; x_wconf 86' lang='lat' dir='ltr'><strong>pa-</strong></span> 
     </span>
    </p>
   </div>
   <div class='ocr_carea' id='block_1_116' title="bbox 2117 5191 3702 5265">
    <p class='ocr_par' dir='ltr' id='par_1_116' title="bbox 2117 5191 3702 5265">
     <span class='ocr_line' id='line_1_117' title="bbox 2117 5191 3702 5265; baseline 0.002 -19"><span class='ocrx_word' id='word_1_961' title='bbox 2117 5192 2239 5246; x_wconf 89' lang='lat' dir='ltr'><strong>tior.</strong></span> <span class='ocrx_word' id='word_1_962' title='bbox 2270 5191 2561 5248; x_wconf 87' lang='lat' dir='ltr'><strong>Duodecim</strong></span> <span class='ocrx_word' id='word_1_963' title='bbox 2585 5203 2739 5249; x_wconf 90' lang='lat' dir='ltr'><strong>erant</strong></span> <span class='ocrx_word' id='word_1_964' title='bbox 2766 5193 3012 5263; x_wconf 91' lang='lat' dir='ltr'><strong>discipuli</strong></span> <span class='ocrx_word' id='word_1_965' title='bbox 3039 5209 3054 5243; x_wconf 91' lang='lat'><strong>:</strong></span> <span class='ocrx_word' id='word_1_966' title='bbox 3080 5201 3136 5247; x_wconf 82' lang='lat' dir='ltr'><strong>et</strong></span> <span class='ocrx_word' id='word_1_967' title='bbox 3160 5193 3281 5247; x_wconf 88' lang='lat' dir='ltr'><strong>audi</strong></span> <span class='ocrx_word' id='word_1_968' title='bbox 3308 5194 3433 5265; x_wconf 91' lang='lat' dir='ltr'><strong>quid</strong></span> <span class='ocrx_word' id='word_1_969' title='bbox 3459 5193 3702 5249; x_wconf 80' lang='lat' dir='ltr'><strong>Christus</strong></span> 
     </span>
    </p>
   </div>
   <div class='ocr_carea' id='block_1_117' title="bbox 2116 5283 3703 5357">
    <p class='ocr_par' dir='ltr' id='par_1_117' title="bbox 2116 5283 3703 5357">
     <span class='ocr_line' id='line_1_118' title="bbox 2116 5283 3703 5357; baseline 0.001 -19"><span class='ocrx_word' id='word_1_970' title='bbox 2116 5284 2196 5338; x_wconf 92' lang='lat' dir='ltr'><strong>eis</strong></span> <span class='ocrx_word' id='word_1_971' title='bbox 2221 5283 2359 5338; x_wconf 88' lang='lat' dir='ltr'><strong>dicat</strong></span> <span class='ocrx_word' id='word_1_972' title='bbox 2392 5301 2405 5338; x_wconf 89' lang='lat'><strong>:</strong></span> <span class='ocrx_word' id='word_1_973' title='bbox 2437 5283 2576 5338; x_wconf 81' lang='lat' dir='ltr'><strong>Num</strong></span> <span class='ocrx_word' id='word_1_974' title='bbox 2607 5294 2652 5340; x_wconf 81' lang='lat' dir='ltr'><strong>et</strong></span> <span class='ocrx_word' id='word_1_975' title='bbox 2679 5300 2763 5339; x_wconf 87' lang='lat' dir='ltr'><strong>vos</strong></span> <span class='ocrx_word' id='word_1_976' title='bbox 2789 5285 2940 5338; x_wconf 82' lang='lat' dir='ltr'><strong>vuliis</strong></span> <span class='ocrx_word' id='word_1_977' title='bbox 2964 5284 3103 5338; x_wconf 85' lang='lat' dir='ltr'><strong>abire</strong></span> <span class='ocrx_word' id='word_1_978' title='bbox 3128 5283 3303 5357; x_wconf 81' lang='lat' dir='ltr'><strong>(Joan.</strong></span> <span class='ocrx_word' id='word_1_979' title='bbox 3338 5285 3389 5339; x_wconf 86' lang='lat'><strong>6.</strong></span> <span class='ocrx_word' id='word_1_980' title='bbox 3418 5285 3544 5351; x_wconf 88' lang='lat'><strong>68)?</strong></span> <span class='ocrx_word' id='word_1_981' title='bbox 3573 5285 3703 5340; x_wconf 73' lang='lat' dir='ltr'><strong>Nam</strong></span> 
     </span>
    </p>
   </div>
   <div class='ocr_carea' id='block_1_118' title="bbox 2121 5375 3707 5448">
    <p class='ocr_par' dir='ltr' id='par_1_118' title="bbox 2121 5375 3707 5448">
     <span class='ocr_line' id='line_1_119' title="bbox 2121 5375 3707 5448; baseline -0.001 -16"><span class='ocrx_word' id='word_1_982' title='bbox 2121 5378 2164 5433; x_wconf 90' lang='lat' dir='ltr'><strong>si</strong></span> <span class='ocrx_word' id='word_1_983' title='bbox 2189 5392 2403 5446; x_wconf 88' lang='lat' dir='ltr'><strong>semper</strong></span> <span class='ocrx_word' id='word_1_984' title='bbox 2428 5377 2726 5443; x_wconf 88' lang='lat' dir='ltr'><strong>adulcmur,</strong></span> <span class='ocrx_word' id='word_1_985' title='bbox 2754 5375 2966 5448; x_wconf 91' lang='lat' dir='ltr'><strong>quando</strong></span> <span class='ocrx_word' id='word_1_986' title='bbox 2994 5392 3087 5431; x_wconf 89' lang='lat' dir='ltr'><strong>vos</strong></span> <span class='ocrx_word' id='word_1_987' title='bbox 3116 5377 3514 5432; x_wconf 76' lang='lat' dir='ltr'><strong>rerrcabimus?</strong></span> <span class='ocrx_word' id='word_1_988' title='bbox 3539 5396 3707 5447; x_wconf 85' lang='lat' dir='ltr'><strong>quan-</strong></span> 
     </span>
    </p>
   </div>
   <div class='ocr_carea' id='block_1_119' title="bbox 2119 5467 3708 5540">
    <p class='ocr_par' dir='ltr' id='par_1_119' title="bbox 2119 5467 3708 5540">
     <span class='ocr_line' id='line_1_120' title="bbox 2119 5467 3708 5540; baseline -0.001 -16"><span class='ocrx_word' id='word_1_989' title='bbox 2119 5469 2191 5524; x_wconf 91' lang='lat' dir='ltr'><strong>do</strong></span> <span class='ocrx_word' id='word_1_990' title='bbox 2230 5469 2610 5540; x_wconf 85' lang='lat' dir='ltr'><strong>prolicicmus?</strong></span> <span class='ocrx_word' id='word_1_991' title='bbox 2649 5469 2715 5524; x_wconf 86' lang='lat' dir='ltr'><strong>At</strong></span> <span class='ocrx_word' id='word_1_992' title='bbox 2743 5476 2903 5532; x_wconf 91' lang='lat' dir='ltr'><strong>sunt,</strong></span> <span class='ocrx_word' id='word_1_993' title='bbox 2950 5467 3155 5538; x_wconf 90' lang='lat' dir='ltr'><strong>inquit,</strong></span> <span class='ocrx_word' id='word_1_994' title='bbox 3193 5468 3313 5523; x_wconf 77' lang='lat' dir='ltr'><strong>alia:</strong></span> <span class='ocrx_word' id='word_1_995' title='bbox 3355 5468 3626 5537; x_wconf 80' lang='lat' dir='ltr'><strong>haereses,</strong></span> <span class='ocrx_word' id='word_1_996' title='bbox 3653 5477 3708 5523; x_wconf 90' lang='lat' dir='ltr'><strong>ct</strong></span> 
     </span>
    </p>
   </div>
   <div class='ocr_carea' id='block_1_120' title="bbox 2123 5558 3711 5633">
    <p class='ocr_par' dir='ltr' id='par_1_120' title="bbox 2123 5558 3711 5633">
     <span class='ocr_line' id='line_1_121' title="bbox 2123 5558 3711 5633; baseline 0.001 -20"><span class='ocrx_word' id='word_1_997' title='bbox 2123 5568 2558 5633; x_wconf 81' lang='lat' dir='ltr'><strong>transmutanmr.</strong></span> <span class='ocrx_word' id='word_1_998' title='bbox 2603 5558 2815 5630; x_wconf 74' lang='lat' dir='ltr'><strong>Frigida</strong></span> <span class='ocrx_word' id='word_1_999' title='bbox 2859 5568 2942 5614; x_wconf 89' lang='lat' dir='ltr'><strong>est</strong></span> <span class='ocrx_word' id='word_1_1000' title='bbox 2986 5559 3100 5614; x_wconf 70' lang='lat' dir='ltr'><strong>lucc</strong></span> <span class='ocrx_word' id='word_1_1001' title='bbox 3143 5561 3314 5614; x_wconf 87' lang='lat' dir='ltr'><strong>oratio</strong></span> <span class='ocrx_word' id='word_1_1002' title='bbox 3349 5578 3361 5615; x_wconf 94' lang='lat'><strong>:</strong></span> <span class='ocrx_word' id='word_1_1003' title='bbox 3408 5559 3592 5615; x_wconf 76' lang='lat' dir='ltr'><strong>Melior</strong></span> <span class='ocrx_word' id='word_1_1004' title='bbox 3638 5577 3711 5614; x_wconf 65' lang='lat' dir='ltr'><strong>rso</strong></span> 
     </span>
    </p>
   </div>
   <div class='ocr_carea' id='block_1_121' title="bbox 2120 5649 3702 5722">
    <p class='ocr_par' dir='ltr' id='par_1_121' title="bbox 2120 5649 3702 5722">
     <span class='ocr_line' id='line_1_122' title="bbox 2120 5649 3702 5722; baseline 0 -17"><span class='ocrx_word' id='word_1_1005' title='bbox 2120 5667 2254 5706; x_wconf 85' lang='lat' dir='ltr'><strong>unus</strong></span> <span class='ocrx_word' id='word_1_1006' title='bbox 2279 5652 2468 5720; x_wconf 78' lang='lat' dir='ltr'><strong>faciens</strong></span> <span class='ocrx_word' id='word_1_1007' title='bbox 2490 5653 2791 5706; x_wconf 79' lang='lat' dir='ltr'><strong>voluntatem</strong></span> <span class='ocrx_word' id='word_1_1008' title='bbox 2813 5650 3019 5705; x_wconf 89' lang='lat' dir='ltr'><strong>Domini</strong></span> <span class='ocrx_word' id='word_1_1009' title='bbox 3042 5668 3193 5722; x_wconf 82' lang='lat' dir='ltr'><strong>quam</strong></span> <span class='ocrx_word' id='word_1_1010' title='bbox 3222 5651 3361 5705; x_wconf 81' lang='lat' dir='ltr'><strong>mille</strong></span> <span class='ocrx_word' id='word_1_1011' title='bbox 3386 5652 3542 5722; x_wconf 78' lang='lat' dir='ltr'><strong>iniqui</strong></span> <span class='ocrx_word' id='word_1_1012' title='bbox 3569 5649 3702 5721; x_wconf 77' lang='lat' dir='ltr'><strong>(Ec-</strong></span> 
     </span>
    </p>
   </div>
   <div class='ocr_carea' id='block_1_122' title="bbox 2121 5742 3688 5816">
    <p class='ocr_par' dir='ltr' id='par_1_122' title="bbox 2121 5742 3688 5816">
     <span class='ocr_line' id='line_1_123' title="bbox 2121 5742 3688 5816; baseline -0.001 -18"><span class='ocrx_word' id='word_1_1013' title='bbox 2121 5745 2239 5799; x_wconf 81' lang='lat' dir='ltr'><strong>cles.</strong></span> <span class='ocrx_word' id='word_1_1014' title='bbox 2274 5743 2352 5798; x_wconf 82' lang='lat'><strong>16.</strong></span> <span class='ocrx_word' id='word_1_1015' title='bbox 2385 5744 2471 5813; x_wconf 81' lang='grc'><strong>5).</strong></span> <span class='ocrx_word' id='word_1_1016' title='bbox 2503 5742 2633 5799; x_wconf 85' lang='lat' dir='ltr'><strong>Nam</strong></span> <span class='ocrx_word' id='word_1_1017' title='bbox 2665 5752 2719 5800; x_wconf 88' lang='lat' dir='ltr'><strong>tu</strong></span> <span class='ocrx_word' id='word_1_1018' title='bbox 2747 5758 2976 5816; x_wconf 74' lang='lat' dir='ltr'><strong>quoque,</strong></span> <span class='ocrx_word' id='word_1_1019' title='bbox 3010 5742 3096 5801; x_wconf 91' lang='lat' dir='ltr'><strong>dic</strong></span> <span class='ocrx_word' id='word_1_1020' title='bbox 3132 5744 3283 5813; x_wconf 91' lang='lat' dir='ltr'><strong>mihi,</strong></span> <span class='ocrx_word' id='word_1_1021' title='bbox 3310 5751 3490 5802; x_wconf 89' lang='lat' dir='ltr'><strong>utrum</strong></span> <span class='ocrx_word' id='word_1_1022' title='bbox 3519 5743 3688 5799; x_wconf 83' lang='lat' dir='ltr'><strong>malis</strong></span> 
     </span>
    </p>
   </div>
  </div>
