4064 6210
376 355 480 415 551

382 468 695 524 intrantem
716 458 921 516 habere
943 470 1132 514 servos
1157 455 1403 526 lugitivos
1428 460 1484 506 et
1511 449 1675 514 iures,
1701 460 1775 502 an
1796 454 1958 507 suum

382 552 736 612 benevolum?
764 550 904 607 Ecce
940 548 1139 605 suadeo
1173 556 1226 601 et
1264 540 1431 614 iubeo
1456 551 1513 595 ut
1540 550 1594 595 ct
1619 538 1778 594 faciei
1800 548 1960 591 ortia-

383 659 621 705 mentum
639 649 692 702 et
710 642 977 715 ejusmodi
995 654 1117 695 vasa
1138 646 1406 699 conteras.
1425 643 1481 690 et
1499 633 1592 688 des
1615 629 1963 703 pauperibus,

384 749 438 794 et
473 753 545 794 ne
579 738 660 793 sic
694 736 944 790 irrsaulas.
974 731 1076 796 Qui
1103 730 1216 783 vult
1241 727 1470 786 resiliat.
1500 725 1588 794 qui
1617 721 1727 775 vult
1750 725 1966 772 accuset

384 841 439 885 et
466 826 821 899 reprehendat
846 842 859 877 :
891 820 1095 878 nullum
1124 820 1310 890 patior.
1337 814 1558 885 Quando
1583 826 1698 867 sunt
1722 810 1964 880 judican-

386 923 489 975 dus
525 931 672 974 stans
718 917 785 971 ad
831 912 1063 969 tribtmal
1104 908 1330 973 Christi,
1365 905 1552 978 procul
1577 917 1672 958 vos
1695 900 1881 965 statis,
1910 907 1967 954 et

383 1011 551 1083 gratia
575 1018 752 1064 vestra
777 1006 829 1060 in
856 1005 1081 1060 nihilum
1103 1002 1266 1065 cedit,
1289 1014 1379 1054 tne
1400 995 1657 1053 reddente
1678 993 1960 1047 rationem.

387 1105 511 1160 llaec
526 1102 687 1157 verba
714 1100 893 1156 omnia
911 1103 1263 1165 corrumpunt
1284 1112 1298 1148 :
1317 1093 1581 1159 Discedet,
1606 1086 1796 1158 inquit,
1822 1094 1875 1139 et
1895 1083 1962 1138 ad

384 1195 542 1250 aliam
583 1192 835 1247 haeresim
860 1186 1072 1244 deficiet
1100 1204 1117 1240 :
1144 1193 1226 1241 est
1262 1181 1558 1237 imbecillus
1586 1194 1600 1234 :
1627 1187 1682 1232 te
1710 1175 1961 1243 demitte,

384 1294 443 1342 st
466 1295 517 1342 te
545 1285 593 1341 ei
617 1281 998 1354 aliquantisper
1023 1272 1386 1333 accommoda.
1410 1272 1526 1340 Quo
1547 1270 1750 1339 usque?
1771 1265 1961 1330 semel,

383 1391 439 1435 ct
468 1379 549 1433 bis
569 1415 584 1443 ,
616 1384 672 1431 et
702 1384 782 1429 ter
801 1412 818 1439 ,
848 1385 952 1426 non
985 1372 1260 1440 perpetuo.
1292 1365 1435 1420 Ecce
1457 1374 1643 1417 rursus
1667 1357 1924 1413 denuntio
1943 1395 1959 1421 ,

314 1466 326 1472 “
384 1477 441 1524 et
467 1482 593 1522 eum
619 1466 775 1520 beato
811 1460 976 1518 Paulo
1004 1467 1268 1531 protestor
1296 1475 1309 1510 :
1341 1453 1491 1523 Quod
1520 1452 1567 1507 si
1593 1463 1776 1506 rursus
1803 1462 1965 1501 rene-

389 1572 451 1612 ro
476 1596 493 1625 ,
526 1568 633 1612 non
660 1566 878 1626 parum
904 1552 990 1624 (Ξ.
1019 1548 1137 1607 Cor.
1167 1550 1251 1605 l3.
1282 1546 1357 1618 2)
1383 1564 1396 1600 :
1425 1542 1636 1616 quando
1663 1549 1842 1596 autem
1872 1551 1967 1591 vos

387 1657 530 1703 recte
553 1643 846 1718 gesseritis,
877 1653 1002 1699 tunc
1026 1641 1207 1698 scietis
1232 1647 1487 1710 quantum
1515 1636 1741 1698 lucrum,
1769 1638 1965 1703 quanta

262 1758 269 1776 ι
384 1739 456 1794 sit
483 1738 700 1793 utilitas.
732 1736 893 1792 Certe
918 1749 1048 1806 roga
1075 1741 1131 1790 et
1157 1732 1404 1798 obsecro,
1433 1740 1612 1799 neque
1647 1738 1816 1797 genua
1842 1721 1964 1793 qui.

1082 343 1138 403 S.
1179 336 1458 400 JOANNiS
1491 329 1962 396 CHRYSOSTOMI
2007 328 2324 386 ABCIIIEP.
2362 323 2895 384 CONSTANTINOP.

3544 332 3649 389 332

2068 440 2191 496 dem
2215 450 2388 497 vestra
2417 438 2654 496 dubitem
2681 440 3082 510 apprehendere
3105 485 3122 509 ,
3150 453 3203 500 et
3231 460 3330 515 pro
3354 462 3421 504 eo
3447 453 3644 520 ςυρρη.

2067 548 2210 589 care.
2242 535 2373 603 Quae
2403 543 2485 590 est
2513 533 2628 589 haec
2655 534 2925 598 mollities.
2955 549 3075 607 qua:
3112 536 3336 605 delicia‘,
3368 554 3487 611 qua:
3514 557 3647 599 con-

2068 625 2321 679 tumelia?
2361 625 2678 680 contumelia
2728 624 2870 679 enim
2915 635 3037 694 est,
3091 642 3195 683 non
3245 629 3468 687 delicia.
3516 634 3647 700 Qua.-

2065 715 2333 771 a'meutia?
2360 732 2479 786 φιω
2518 717 2762 772 inszrnia?
2801 716 2905 773 Tot
2949 732 3209 788 pauperes
3252 722 3649 782 circumsistunt

2068 805 2379 871 ecclesiam;
2410 813 2464 860 et
2490 815 2593 860 tam
2625 807 2819 861 multos
2845 805 2985 861 filios
3008 807 3210 864 habens
3250 809 3509 878 Eccle.~ia,
3541 824 3649 871 tam

2068 895 2261 951 divites
2284 935 2299 961 ,
2340 895 2469 953 nulli
2512 897 2728 967 pauperi
2774 905 2949 966 potest
2976 914 3133 970 opem
3172 898 3354 969 ferre;
3383 905 3479 959 sed
3509 904 3652 962 alius

2068 988 2282 1058 quidem
2310 989 2497 1056 esurit,
2527 989 2662 1044 alius
2684 1004 2810 1045 vero
2835 999 2917 1045 est
2945 989 3147 1056 ebrius,
3177 992 3317 1050 alius
3344 996 3400 1051 in
3425 1006 3651 1067 argento

2067 1079 2269 1149 egerit,
2296 1078 2431 1133 alius
2475 1093 2547 1134 ne
2585 1093 2776 1149 panem
2812 1079 3031 1151 quidem
3060 1080 3221 1138 habet
3244 1098 3353 1155 quo
3379 1097 3646 1142 vescatur.

2068 1170 2323 1239 Quaenam
2347 1180 2429 1225 est
2452 1170 2569 1226 hac
2593 1170 2819 1238 insania,
2848 1187 3090 1242 quaenam
3116 1182 3261 1228 tanta
3292 1175 3517 1232 feritas?
3540 1178 3651 1234 Ab.

2068 1261 2134 1314 sit
2165 1268 2220 1314 ut
2245 1260 2315 1315 sit
2350 1260 2505 1314 nobis
2544 1260 2843 1316 iaciendum
2885 1261 3179 1332 perieulum
3220 1258 3508 1322 ulciscendi
3552 1281 3650 1324 eos

2068 1355 2158 1422 qui
2188 1367 2295 1406 non
2319 1351 2575 1407 obediunt
2593 1393 2614 1417 ,
2643 1353 2714 1407 ita
2743 1361 2804 1408 ut
2830 1352 3195 1424 indignatione
3223 1357 3353 1412 moti
3384 1358 3504 1414 illos
3532 1360 3651 1429 ple-

2067 1453 2309 1509 ctantus;
2338 1443 2431 1498 sed
2463 1443 2706 1500 labentes
2730 1454 2785 1500 et
2815 1446 3078 1516 patientes
3107 1446 3184 1502 illi
3219 1447 3334 1503 haec
3358 1450 3537 1505 omnia
3560 1451 3650 1504 ob-

2068 1546 2192 1592 eant
2218 1552 2233 1590 :
2265 1545 2326 1591 ut
2346 1536 2399 1590 in
2424 1537 2650 1607 gloriam
2675 1537 2770 1593 Dei
2797 1538 3062 1606 vivamus,
3088 1548 3201 1594 uta
3225 1542 3484 1612 supplicio
3506 1544 3648 1614 quod

2069 1628 2175 1682 illic
2200 1636 2285 1683 est
2310 1626 2629 1694 liberemur,
2660 1636 2717 1684 et
2756 1628 2893 1684 bona
2921 1644 3269 1700 assequamur
3299 1634 3556 1701 promissa
3584 1634 3651 1690 iis

2067 1720 2157 1792 qui
2188 1720 2362 1791 ipsum
2383 1719 2631 1792 diligunt,
2654 1722 2829 1792 gratia
2850 1731 2906 1778 et
2927 1723 3270 1795 benignitate,
3294 1736 3400 1782 etc.

1695 1928 2041 1994 HOMILIA
2083 1926 2253 1991 VIII.

384 2089 512 2145 Car.
540 2088 595 2144 5.
623 2103 674 2141 ν.
703 2087 760 2143 5.
789 2084 1096 2154 Mortiﬁcate
1117 2098 1236 2154 ergo
1258 2080 1478 2135 membra
1501 2087 1682 2141 oestro,
1709 2087 1824 2147 qut:
1845 2085 1963 2131 sunt

453 2196 513 2234 ss
519 2194 607 2248 per
623 2188 826 2238 terram,
851 2175 1255 2247 fornicationem,
1271 2170 1664 2235 immunditiam,
1683 2167 1959 2230 libidinem,

454 2268 905 2338 concupiscentiam
934 2265 1143 2329 malam,
1170 2273 1218 2318 et
1243 2262 1527 2325 avaritiam,
1554 2276 1668 2328 que
1692 2268 1763 2313 est
1795 2258 1964 2313 idolo-

455 2376 569 2414 rum
592 2359 800 2413 semitas
823 2372 842 2411 :
857 2357 911 2412 6.
939 2364 1142 2426 propter
1164 2367 1281 2427 qua:
1299 2353 1429 2408 venit
1449 2353 1527 2407 ira
1548 2350 1645 2406 Dei
1662 2367 1813 2422 super
1831 2350 1964 2419 ﬁlios

452 2449 815 2505 incredulitatis
842 2464 861 2503 :
881 2450 935 2502 7.
961 2448 1014 2501 in
1037 2446 1215 2518 quibus
1239 2443 1532 2500 ambulauit
1551 2442 1828 2513 aliquando
1850 2458 1964 2495 cum

456 2543 677 2597 viveretis
703 2543 755 2595 in
783 2541 904 2596 illis.

456 2634 511 2690 l.
542 2632 665 2689 Scio
690 2632 889 2686 multos
905 2645 1027 2686 esse
1050 2629 1287 2685 oll‘ensos
1302 2640 1364 2685 ea
1386 2644 1507 2699 quae
1530 2629 1667 2685 hanc
1692 2626 1967 2698 prtecessit

383 2724 800 2794 disceptatione;
829 2721 922 2777 sed
950 2721 1075 2791 quid
1098 2723 1285 2792 agam!
1301 2719 1575 2775 audivistis
1592 2719 1717 2790 quid
1742 2718 1965 2787 iusserit

388 2817 659 2871 Dominus.
679 2814 813 2869 Nunt
830 2829 928 2883 ego
945 2826 1065 2868 sum
1081 2813 1274 2866 causa!
1291 2811 1417 2882 quid
1436 2811 1625 2866 faciam
1638 2810 1662 2864 l
1676 2810 1789 2865 Non
1815 2809 1965 2864 vide-

386 2909 451 2963 tis
477 2906 743 2978 quomodo
771 2906 859 2977 qui
887 2904 1125 2959 debitam
1155 2905 1393 2975 exigunt,
1412 2905 1456 2958 si
1478 2904 1686 2959 solvere
1712 2912 1965 2958 recusent

382 2999 655 3054 debitores
674 3039 688 3063 ,
720 3011 815 3052 eos
842 2996 892 3050 in
918 2995 1129 3050 vincula
1167 2994 1498 3063 conjiciunt?
1522 2994 1813 3049 Audivistis
1838 2991 1966 3063 quid

384 3089 542 3145 hodie
570 3086 880 3143 exclamarit
902 3086 1098 3141 Paulus
1122 3103 1135 3139 :
1172 3083 1495 3153 lorti/icatc,
1524 3084 1713 3154 inquit,
1745 3086 1967 3137 membra

383 3192 564 3247 uestra,
592 3195 708 3250 qua
733 3190 851 3233 sunt
893 3195 1047 3247 super
1074 3186 1283 3242 terram,
1310 3174 1711 3246 fornicationem,
1740 3175 1967 3228 immun-

381 3271 581 3336 ditiam,
607 3268 885 3333 libidinem,
909 3268 1363 3339 concupiscentiam
1385 3265 1595 3332 malam,
1617 3275 1662 3320 et
1681 3265 1965 3331 auaritiam,

380 3378 495 3432 quae
525 3371 598 3416 est
621 3361 874 3415 idolorum
910 3362 1138 3414 seruitus.
1166 3357 1304 3427 Quid
1330 3366 1414 3413 est
1449 3357 1538 3413 illa
1566 3357 1785 3412 avaritia
1812 3356 1966 3412 detev

384 3454 537 3511 rius?
570 3453 680 3508 lloc
704 3462 789 3509 est
830 3451 1046 3521 gravius
1089 3466 1251 3521 quam
1293 3447 1435 3520 quod
1464 3447 1705 3504 dicebam
1729 3488 1746 3515 ,
1775 3463 1969 3517 nempe

380 3544 647 3604 ualidius
679 3544 764 3598 illa
785 3543 930 3598 circa
970 3548 1274 3613 argentum,
1318 3538 1383 3594 Et
1424 3540 1720 3603 avaritiam,
1755 3539 1963 3608 inquit,

380 3654 497 3709 qua:
514 3648 585 3692 est
610 3637 861 3691 idolorum
884 3634 1116 3690 seruitus.
1143 3631 1349 3688 Videtis
1365 3632 1579 3687 ubinam
1606 3631 1802 3685 malum
1826 3629 1971 3685 desi-

384 3739 477 3790 nat
495 3730 518 3782 ἲ
539 3728 617 3783 Ne
636 3743 777 3797 aegre
802 3725 1022 3780 feratis:
1052 3739 1156 3780 non
1184 3723 1327 3779 enim
1358 3722 1544 3778 lubens
1565 3736 1736 3790 neque
1765 3728 1969 3776 temere

384 3820 507 3874 uolo
534 3819 728 3872 habere
758 3816 1041 3880 inimicos;
1072 3814 1166 3869 sed
1195 3814 1354 3869 velim
1384 3828 1479 3868 vos
1501 3828 1567 3868 eo
1590 3813 1773 3869 venire
1798 3813 1967 3866 virtu-

383 3911 476 3975 tis,
506 3917 565 3962 ut
584 3923 687 3978 ego
711 3906 780 3961 de
807 3905 956 3960 vobis
983 3904 1194 3959 audiam
1215 3919 1335 3973 qute
1356 3912 1586 3972 oportet.
1607 3903 1967 3971 Quamobrem

384 4014 498 4058 ιιοιι
539 4006 665 4053 sunt
704 4011 823 4066 qua:
863 3995 973 4051 dixi
1011 3994 1344 4050 auctoritatis
1384 4010 1558 4065 neque
1601 3995 1841 4064 imperii,
1871 3995 1965 4051 sed

387 4089 618 4148 tristitiae
642 4098 696 4145 et
722 4086 942 4142 doloris.
975 4085 1255 4157 Ignoscite,
1290 4085 1548 4157 ignoscite
1577 4105 1591 4142 :
1623 4088 1747 4141 nolo
1772 4101 1857 4141 me
1886 4087 1969 4142 in-

384 4184 581 4239 decore
614 4195 801 4252 gerere
841 4180 910 4236 de
955 4180 1020 4235 iis
1050 4178 1357 4247 disserens,
1384 4177 1477 4235 sed
1512 4194 1693 4248 cogor.
1725 4178 1839 4234 Non
1870 4193 1969 4248 pro

383 4260 576 4331 dolere
605 4288 895 4345 pauperum
936 4272 1052 4327 lucc
1076 4271 1231 4334 dico,
1267 4270 1359 4326 sed
1401 4285 1499 4342 pro
1539 4280 1713 4327 vestra
1751 4272 1920 4327 salute
1950 4293 1965 4328 :

388 4364 635 4435 peribunt
659 4363 803 4419 enim
822 4403 837 4426 ,
864 4361 1111 4433 peribunt
1137 4360 1225 4432 qui
1251 4359 1525 4416 Christum
1551 4371 1667 4416 'non
1697 4361 1967 4417 aluerunt.

386 4455 525 4527 Quid
547 4455 690 4510 enim
709 4494 726 4517 ,
754 4454 799 4508 si
835 4453 934 4508 alis
970 4450 1295 4522 pauperem?
1316 4449 1413 4506 sed
1439 4451 1690 4521 quamdiu
1717 4451 1796 4507 sic
1819 4451 1968 4508 lusui

386 4560 443 4603 et
476 4545 679 4603 deliciis
720 4544 992 4614 indulges,
1022 4552 1144 4598 sunt
1177 4543 1358 4598 munia
1401 4556 1819 4612 supervacanea.
1847 4542 1968 4597 Non

388 4641 530 4696 enim
556 4637 811 4709 quaeritur
839 4637 1074 4692 multane
1101 4635 1313 4695 dederis
1335 4674 1351 4698 ,
1383 4633 1478 4690 sed
1515 4650 1640 4689 num
1671 4634 1849 4690 minus
1875 4634 1970 4689 de-

389 4731 534 4788 deris
559 4743 718 4801 quam
752 4727 928 4784 ferant
956 4727 1232 4785 facultates
1257 4743 1270 4781 :
1299 4725 1402 4782 hoc
1435 4725 1578 4781 enim
1607 4736 1689 4780 est
1714 4725 1967 4781 ludentis.

393 4819 696 4891 Mortiﬁcate
717 4834 859 4890 ergo,
888 4818 1076 4888 inquit,
1100 4815 1322 4871 membra
1346 4827 1528 4884 vestra,
1547 4830 1660 4886 qua!
1676 4824 1792 4871 sunt
1814 4832 1972 4887 supra

390 4922 594 4973 terram.
622 4908 759 4977 Quid
789 4907 955 4962 dicis?
993 4920 1171 4961 llOlllle
1208 4914 1262 4960 tu
1299 4905 1476 4960 dixisti
1507 4924 1519 4959 :
1552 4903 1759 4974 Sepulti
1798 4905 1930 4960 estis
1951 4945 1967 4970 ,

388 4999 686 5071 eottsopulti
708 4998 857 5064 estis,
881 4996 1182 5053 circumcisi
1203 4995 1353 5062 estis,
1375 4996 1617 5052 exuimus
1637 5010 1832 5064 corpus
1858 5010 1974 5065 pec-

386 5104 629 5154 catorum
649 5089 825 5147 carnis
852 5088 1026 5162 (Rom.
1057 5087 1110 5142 6.
1137 5088 1193 5143 4.
1233 5086 1346 5142 σοι.
1373 5088 1429 5140 2.
1459 5087 1545 5142 ll.
1572 5095 1619 5141 et
1641 5087 1692 5142 5.
1720 5085 1818 5155 9)?
1841 5100 1974 5157 quo-

389 5182 551 5243 modo
580 5196 709 5253 ergo
747 5193 934 5241 rursus
957 5178 1123 5243 dicis,
1155 5176 1505 5247 Mortiﬁcate?
1529 5176 1606 5232 Ne
1636 5176 1787 5232 ludas
1816 5194 1828 5231 :
1858 5177 1973 5231 lucc

389 5277 524 5332 dicis
550 5290 614 5331 ac
652 5276 698 5331 si
738 5273 853 5331 haec
881 5275 989 5331 sint
1027 5273 1081 5328 in
1107 5272 1259 5328 nobis
1278 5269 1443 5342 ?_Nou
1478 5279 1562 5325 est
1585 5268 1935 5326 contradictio
1954 5307 1971 5335 ,

387 5369 483 5425 sed
516 5367 658 5423 velut
678 5366 724 5421 si
748 5367 868 5438 quis
886 5380 1007 5424 cum
1032 5379 1063 5418 a
1085 5362 1334 5419 sordibus
1355 5361 1697 5417 ahstersisset
1720 5369 1969 5425 statuant,

391 5460 472 5514 rel
515 5457 689 5528 potius
714 5472 834 5513 eam
862 5456 1040 5513 denuo
1070 5455 1285 5511 fudisset
1315 5462 1368 5510 et
1394 5452 1717 5519 conflasset,
1746 5466 1973 5522 eamque

388 5549 459 5604 de
503 5549 709 5621 integro
750 5548 1037 5619 fulgentem
1078 5546 1397 5603 reddidisset
1432 5553 1487 5600 et
1525 5544 1744 5600 nitidam
1769 5585 1787 5612 ,
1832 5544 1974 5599 dicat

391 5639 606 5710 quidem
644 5656 767 5697 esse
798 5654 1013 5696 exesam
1043 5646 1097 5693 et
1125 5638 1349 5707 periisse
1387 5636 1680 5707 rubiginem
1700 5676 1718 5701 ,
1750 5636 1974 5692 suadeat

390 5740 568 5786 autem
597 5745 782 5789 rursus
803 5743 1020 5801 operam
1044 5726 1193 5796 dare,
1222 5737 1278 5785 ut
1306 5726 1602 5799 deponatur
1630 5726 1832 5799 rubigo,
1863 5742 1970 5784 non

2070 2073 2239 2129 utitur
2266 2074 2689 2134 contrarietione
2719 2096 2737 2133 :
2765 2094 2871 2136 non
2899 2082 3041 2138 enim
3081 2099 3239 2154 quam
3277 2087 3527 2143 abstersit
3558 2106 3653 2145 ru-

2069 2165 2322 2236 biginem,
2352 2167 2450 2224 sed
2468 2183 2599 2240 qua:
2636 2183 2821 2241 postea
2847 2174 3172 2242 adnascitur,
3203 2180 3391 2235 suadet
3414 2182 3652 2252 tle-paue-

2069 2272 2147 2312 re.
2180 2256 2273 2313 Sic
2301 2273 2475 2329 neque
2511 2261 2744 2330 priorem
2778 2264 2907 2319 dicit
2946 2268 3444 2336 mortiﬁcationem,
3479 2289 3651 2343 neque

2070 2348 2186 2402 illas
2206 2348 2606 2418 fornicationes,
2626 2354 2720 2409 sed
2738 2370 2856 2425 qua:
2878 2367 3057 2427 postea
3079 2360 3355 2416 accedunt.
3374 2362 3478 2419 Sed
3499 2380 3647 2433 ecce,

2070 2440 2312 2510 inquiunt
2341 2441 2586 2498 hicretici
2609 2486 2627 2509 ,
2651 2461 2738 2500 res
2775 2456 2987 2504 creatas
3029 2449 3221 2506 Paulus
3247 2454 3599 2510 calumniatur
3629 2474 3647 2511 :

2068 2532 2202 2589 dixit
2225 2534 2368 2591 enim
2397 2537 2661 2605 superius,
2694 2537 2823 2605 Quae
2843 2556 3041 2595 sursum
3067 2554 3183 2597 sunt
3210 2547 3390 2615 sapite,
3416 2564 3515 2600 non
3538 2565 3651 2616 qua

2068 2638 2220 2694 super
2248 2633 2472 2690 ten-am;
2500 2642 2684 2683 rursus
2711 2628 2876 2696 dicit,
2908 2630 3213 2700 Mortiﬁcate
3238 2638 3456 2690 uicinum
3486 2649 3649 2692 nstra

2068 2728 2180 2784 quae
2218 2728 2336 2771 sunt
2372 2734 2529 2787 super
2558 2728 2761 2775 terram.
2792 2720 2896 2778 Sed
2928 2723 3056 2779 illud
3076 2768 3089 2790 ,
3121 2726 3289 2794 Super
3316 2737 3534 2795 terram,
3563 2730 3650 2783 hic

2068 2805 2332 2876 significat
2353 2819 2654 2877 peccatum,
2686 2826 2785 2868 nec
2814 2828 2900 2869 res
2925 2825 3135 2871 creauts
3160 2818 3533 2875 calumniatur.
3559 2820 3649 2877 Sic

2068 2897 2213 2952 enim
2241 2913 2304 2954 ea
2330 2916 2448 2969 qum
2477 2916 2641 2972 super
2667 2911 2865 2960 terram
2906 2916 3031 2962 sunt
3061 2919 3212 2964 vocat
3254 2924 3468 2979 peccata
3488 2954 3506 2978 ,
3533 2915 3651 2969 sive

2068 2988 2209 3058 quod
2231 3006 2295 3045 ex
2324 3000 2530 3047 terrena
2553 2995 2875 3065 cogitatione
2895 3008 2947 3053 et
2970 2998 3021 3053 in
3051 3008 3191 3056 terra
3220 3012 3513 3073 parentur,
3536 3007 3650 3060 sive

2069 3080 2210 3149 quod
2240 3090 2550 3151 peccatores
2577 3093 2820 3142 terrenos
2849 3102 2969 3144 esse
2998 3092 3299 3148 ostendant.
3331 3092 3650 3150 Fornicatio-

2069 3186 2182 3224 nem
2204 3209 2222 3236 ,
2256 3172 2630 3230 immunditiam
2651 3217 2666 3241 ,
2710 3177 2897 3248 inquit.
2927 3178 3033 3235 Res
3060 3184 3400 3251 pretermisit
3423 3200 3555 3253 quas
3582 3201 3652 3240 ne

2071 3262 2350 3319 honestum
2390 3265 2601 3335 quidem
2649 3276 2730 3322 est
2769 3269 2984 3336 dicere,
3027 3280 3083 3327 et
3124 3286 3217 3342 per
3260 3273 3651 3335 immunditiam

2069 3353 2246 3408 omnia
2285 3355 2539 3410 ostendit.
2585 3355 2907 3424 Libidinem,
2952 3360 3159 3431 inquit,
3199 3364 3653 3434 concupiscentiam

2069 3441 2277 3498 arulam.
2306 3443 2443 3498 Ecce
2471 3454 2635 3500 tutunt
2663 3446 2798 3502 dixit
2819 3449 2871 3504 in
2896 3466 3093 3521 genere
3120 3471 3134 3507 :
3159 3454 3336 3508 omnia
3358 3455 3502 3510 enim
3526 3466 3653 3510 sunt

2070 3533 2211 3588 mala
2239 3534 2500 3605 cupiditas
2523 3578 2537 3599 ,
2572 3536 2765 3593 invidia
2786 3577 2801 3604 ,
2838 3538 2915 3595 ira
2935 3582 2951 3603 ,
2985 3542 3215 3597 tristitia.
3248 3542 3315 3598 Et
3348 3547 3653 3612 avaritiam,

2072 3622 2261 3693 inquit,
2290 3640 2404 3696 quae
2427 3636 2501 3681 est
2526 3625 2777 3682 idolorum
2797 3630 3027 3685 servitus.
3062 3631 3277 3704 Propter
3294 3651 3406 3703 qua
3426 3637 3553 3689 venit
3574 3636 3654 3690 ira

2071 3713 2169 3769 Dei
2196 3733 2350 3786 super
2374 3719 2509 3787 ﬁlios
2535 3719 2923 3776 incredulitatis.
2956 3723 3056 3777 Per
3082 3724 3247 3780 multa
3272 3740 3368 3782 eos
3391 3726 3651 3782 abduxit:

2072 3817 2166 3875 per
2192 3822 2253 3861 ea
2283 3823 2402 3878 qua:
2431 3808 2642 3865 fuerunt
2668 3810 2965 3879 beneﬁcia;
2995 3828 3091 3883 per
3116 3816 3252 3869 mala
3281 3815 3456 3871 futura
3480 3833 3508 3870 a
3533 3817 3653 3887 qui-

2071 3896 2171 3951 bus
2199 3912 2385 3952 sumus
2414 3899 2621 3954 liberati
2646 3918 2662 3964 ;
2690 3904 2906 3970 quinam
2934 3919 3055 3960 cum
3081 3920 3340 3973 essemus,
3367 3918 3423 3963 et
3445 3924 3651 3979 quare:

2071 3999 2124 4044 et
2149 3991 2326 4045 omnia
2354 3991 2477 4057 illa;
2508 4001 2597 4059 ut,
2621 3994 2838 4063 quinam
2868 3995 3153 4064 fuerimus,
3184 4008 3238 4055 et
3263 4001 3317 4054 in
3346 4001 3567 4071 quibus;
3596 4012 3653 4057 et

2070 4081 2209 4150 quod
2236 4080 2306 4136 ab
2331 4082 2409 4137 eis
2434 4082 2601 4138 simus
2627 4084 2858 4155 liberati,
2889 4102 2995 4158 quo
3024 4100 3177 4159 pacto
3198 4099 3255 4146 et
3280 4093 3573 4160 quomodo,
3601 4104 3653 4147 et

2071 4183 2288 4243 propter
2311 4188 2450 4244 quae.
2481 4173 2607 4231 Iliae
2636 4175 2905 4232 sufﬁciunt
2928 4178 2996 4233 ad
3021 4181 3366 4236 avertendum
3393 4200 3406 4237 :
3429 4183 3523 4238 sed
3551 4187 3654 4238 hoc

2071 4274 2154 4321 est
2194 4266 2434 4320 omnium
2479 4266 3007 4325 vehetnentissimunt
3033 4310 3048 4336 ,
3085 4271 3230 4326 dictu
3268 4271 3485 4342 quidem
3517 4274 3655 4338 inju-

2071 4354 2324 4424 cuudura,
2354 4372 2458 4411 non
2492 4366 2668 4413 tamen
2703 4358 2911 4424 inutile,
2941 4359 3036 4416 sed
3065 4361 3225 4417 etiam
3253 4362 3403 4417 utile.
3437 4360 3655 4433 Propter

2070 4464 2205 4518 quae,
2231 4449 2421 4520 inquit,
2443 4451 2574 4504 venit
2594 4450 2672 4505 ira
2693 4449 2789 4506 Dei
2806 4468 2956 4522 super
2975 4453 3109 4522 ﬁlios
3129 4455 3494 4512 incredulitatis
3535 4454 3653 4510 Non

2072 4539 2243 4606 dixit,
2265 4538 2436 4610 Super
2465 4554 2560 4595 vos
2578 4580 2593 4604 ,
2621 4541 2714 4596 sed
2736 4578 2752 4607 ,
2782 4541 2951 4613 Super
2992 4544 3128 4612 ﬁlios
3166 4538 3554 4600 incredulitatis.
3591 4544 3655 4600 ln

2073 4632 2251 4703 quibus
2275 4632 2568 4688 autbttlastis
2594 4633 2892 4703 aliquando,
2919 4650 3035 4688 cum
3062 4636 3288 4691 viveretis
3312 4638 3366 4691 in
3393 4638 3513 4691 illis.
3544 4636 3652 4692 Pu-

2074 4723 2257 4778 dorem
2288 4723 2555 4779 incutiens
2577 4722 2726 4791 dicit,
2757 4722 2882 4779 Cum
2909 4725 3136 4781 siscrctis
3163 4728 3217 4781 in
3243 4727 3385 4791 illis;
3414 4728 3569 4781 simul
3595 4737 3653 4782 et

2074 4832 2196 4875 cum
2225 4815 2398 4883 laude,
2430 4826 2487 4871 ut
2510 4817 2597 4886 qui
2629 4831 2769 4873 nunc
2797 4832 2905 4873 non
2932 4817 3108 4872 vivant
3135 4819 3186 4873 in
3214 4819 3356 4873 illis:
3381 4829 3506 4874 tunc
3528 4818 3656 4874 lice~

2076 4906 2166 4963 hat
2192 4908 2260 4962 ita
2290 4907 2454 4978 loqui.
2480 4906 2533 4964 8.
2564 4907 2717 4964 Nunc
2743 4919 2911 4964 autem
2930 4910 3165 4981 deponite
3187 4922 3233 4966 et
3261 4926 3347 4965 sos
3374 4912 3569 4968 omnia.
3594 4912 3657 4965 Et

2077 4998 2325 5053 universe
2366 5012 2580 5069 semper
2608 4999 2737 5054 dicit
2759 5007 2815 5055 et
2840 4998 3111 5070 sigillatim
3142 5018 3159 5055 :
3186 4999 3302 5057 lucc
3327 5011 3449 5056 sunt
3474 5011 3654 5056 autem

2076 5104 2144 5145 ex
2171 5088 2385 5144 adeotu.
2428 5086 2571 5143 Iram
2590 5128 2606 5157 ,
2642 5089 3037 5161 indignationem
3054 5128 3072 5159 ,
3102 5090 3381 5157 ntalitiam,
3414 5091 3655 5162 blasphe-

2077 5181 2253 5246 miam,
2281 5190 2476 5251 turpem
2501 5196 2779 5238 sermonem
2807 5183 2870 5239 de
2903 5198 2992 5238 ore
3017 5192 3199 5239 oestro.
3230 5184 3283 5240 9.
3319 5183 3494 5238 Nolite
3519 5201 3661 5237 men-

2079 5270 2162 5324 tiri
2186 5270 2412 5324 invicem.
2442 5268 2665 5342 Turpem
2690 5288 3002 5338 sermonem,
3032 5273 3233 5344 inquit,
3260 5290 3324 5330 ea:
3347 5291 3434 5328 ore
3461 5286 3623 5330 vestro
3640 5316 3655 5336 .

2078 5377 2199 5419 cum
2229 5362 2493 5435 emphasi,
2519 5364 2768 5435 quoniam
2798 5365 2849 5421 id
2879 5366 3107 5420 maculat
3133 5375 3187 5421 et
3214 5366 3421 5436 polluit.
3453 5362 3658 5434 Exspa-

2079 5454 2260 5509 liantes
2297 5469 2385 5509 vos
2426 5463 2641 5509 celerem
2687 5457 2935 5510 hominem
2968 5470 3083 5511 cum
3110 5455 3306 5510 actibus
3327 5456 3466 5520 suis,
3502 5457 3585 5510 ιθ.
3612 5462 3658 5507 et

2078 5545 2341 5601 iuduenles
2366 5561 2573 5614 novum,
2599 5564 2712 5601 cum
2736 5548 2824 5618 qui
2843 5558 3110 5603 renovatur
3133 5549 3184 5602 in
3212 5548 3518 5620 agnitionem
3540 5545 3656 5613 Dei,

2079 5637 2356 5691 secundum
2397 5636 2666 5709 imaginem
2701 5640 2812 5709 eius
2833 5638 2923 5708 qui
2946 5640 3132 5693 creauit
3157 5656 3287 5694 curn.
3318 5638 3509 5711 Optme
3534 5653 3655 5709 pre-

2081 5727 2211 5784 tium
2240 5733 2322 5784 est
2358 5725 2444 5787 his
2481 5738 2721 5801 quatere
2748 5744 2847 5788 cur
2873 5725 3114 5787 membra
3138 5772 3153 5800 ,
3181 5740 3234 5787 et
3266 5728 3578 5801 hominem,
3606 5740 3656 5788 et
