4072 6206
396 304 503 360 35$

393 415 429 486 ἡ
480 410 637 465 οὑσία
689 408 948 480 ἐμϐάλλει
999 408 1080 471 εἰς
1124 407 1368 476 γέενναν,
1404 406 1526 459 οὑδέ
1559 405 1640 468 εἰς
1692 402 1965 470 βασιλείαν

393 502 623 568 εἰσάγει,
678 498 794 552 ἀλλ’
847 496 987 568 αὑτὴ
1025 499 1058 568 ἡ
1114 495 1450 566 προαίρεσις.
1483 496 1577 548 καὶ
1612 493 1801 547 οὑδένα
1843 491 1966 544 οὕτε

396 587 678 658 φιλοῦμεν,
727 583 852 638 οὔτε
890 583 1157 655 μισοῦμεν
1291 582 1594 652 ἄνθρωπος,
1641 579 1755 634 ἀλλ’
1790 574 1967 655 τοι-

394 678 516 731 όσδε
543 679 844 747 ἄνθρωπος.
871 678 934 729 Εἰ
961 675 1185 744 τοίνυνή
1214 675 1312 744 μὲν
1335 674 1495 727 οὑσία
1516 674 1577 726 τὸ
1607 674 1767 744 σῶμα
1797 674 1964 736 ἐστιν,

394 765 536 833 αὓτη
566 765 622 818 δὲ
657 763 1026 824 ἀνυπεύθυνος
1056 763 1113 815 ἐν
1139 762 1441 832 ἑκατέροις,
1485 761 1598 826 πῶς
1632 758 1771 815 ἀὑτὸ
1796 762 1966 816 κακὸν

395 849 534 907 εἷναί
568 868 701 921 φησι
719 869 734 917 ;

470 1028 536 1099 β’.
561 1030 627 1083 Τί
648 1030 703 1083 δέ
731 1048 885 1101 φησι,
907 1029 1032 1084 Σὺν
1058 1030 1184 1096 ταῖς
1207 1029 1462 1100 πράξεσι
1481 1046 1498 1095 ;
1518 1031 1627 1103 Τὴν
1646 1033 1964 1103 προαίρεσιν

399 1120 538 1193 μετά
558 1121 667 1174 τῶν
693 1121 889 1190 ἔργων.
920 1120 1153 1174 Παλαιὸν
1183 1121 1239 1175 δὲ
1262 1120 1424 1174 αὑτὸν
1456 1122 1630 1187 καλεῖ,
1655 1122 1715 1175 τὸ
1740 1123 1965 1193 αἰσχρὸν

394 1207 560 1262 αὑτοῦ
617 1208 939 1278 βουλόμενος
1002 1208 1172 1273 δεῖξαι
1223 1210 1315 1261 καὶ
1368 1208 1428 1260 τὸ
1484 1209 1722 1274 δυσειδὲς
1765 1211 1862 1263 καὶ
1904 1210 1965 1263 τὸ

395 1294 725 1367 ἠσθενηκός·
770 1296 867 1349 καὶ
909 1295 1049 1357 νέον,
1091 1296 1211 1348 ἀντί
1242 1293 1360 1359 τοῦ,
1393 1295 1484 1365 Μὴ
1534 1296 1962 1369 προσδοκήσητε,

396 1381 582 1452 φησὶν,
613 1382 695 1434 ὅτι
723 1382 817 1435 καὶ
842 1377 995 1444 οὗτος
1026 1381 1086 1435 τὸ
1112 1382 1243 1434 αὑτὸ
1275 1382 1543 1447 πείσεται,
1582 1382 1719 1437 ἀλλά
1746 1385 1965 1439 τοὺναν-

395 1468 540 1523 τίον·
581 1469 690 1539 ὅσῳ
713 1467 916 1539 γάριᾷν
945 1469 1129 1542 προΐῃ.
1165 1469 1225 1521 οὑ
1277 1468 1411 1538 πρὸς
1455 1469 1631 1540 γῆρας
1662 1471 1962 1541 ἐπείγεται,

397 1555 532 1608 ἀλλὰ
566 1555 699 1626 πρὸς
725 1555 951 1625 νεότητα
987 1556 1206 1625 μείζονα
1230 1555 1327 1625 τῆς
1350 1557 1641 1627 προτέρας.
1666 1558 1832 1612 Ὅταν
1856 1561 1964 1631 γὰρ

398 1644 614 1697 πλείονα
650 1644 789 1715 λάϐῃ
841 1643 938 1713 τὴν
987 1642 1210 1711 γνῶσιν,
1262 1644 1353 1697 καὶ
1401 1643 1660 1714 μειζόνων
1698 1645 1960 1712 ἀξιοῦται,

395 1730 492 1780 καὶ
546 1729 743 1799 μᾶλλον
774 1729 1034 1800 ἀκμάζει,
1089 1730 1182 1783 καί
1235 1731 1435 1801 μᾶλλον
1488 1732 1683 1802 ἰσχύει,
1730 1734 1831 1787 οὑκ
1855 1734 1962 1786 ἀπὸ

394 1817 492 1885 τῆς
515 1816 762 1886 νεότητος
792 1819 969 1887 μόνον,
999 1818 1135 1872 ἀλλά
1160 1820 1251 1870 καὶ
1274 1817 1366 1870 τοῦ
1388 1818 1559 1880 εἴδους
1583 1820 1718 1889 πρὸς
1745 1820 1772 1872 ὃ
1793 1823 1959 1875 ἐστιν.

409 1903 536 1957 ’1δοὺ
571 1904 800 1975 κτίσιςή
830 1906 1024 1976 ἀρίστη
1061 1904 1305 1960 πολιτεία
1337 1906 1574 1975 λέγεται.
1609 1908 1744 1962 Κατ’
1777 1908 1962 1961 εἰκόνα

392 1991 630 2062 Χριστοῦ
653 2007 667 2021 ·
724 1990 884 2045 τοῦτο
932 1993 1042 2064 γάρ
1099 1994 1236 2055 ἐστι,
1272 1994 1410 2048 Κατ’
1450 1997 1655 2050 εἰκόνα
1691 1996 1798 2049 τοῦ
1835 1997 1961 2049 κτί-

392 2095 621 2145 σαντος
643 2081 858 2134 αὐτόν·
919 2081 1040 2135 ἐπεὶ
1065 2083 1160 2136 καὶ
1204 2083 1233 2136 6
1276 2082 1508 2153 Χριστὸς
1534 2081 1594 2135 οὑ
1626 2082 1762 2153 πρὸς
1786 2081 1962 2153 γῆρας

392 2166 762 2238 ἐτελεύτησεν,
792 2168 907 2220 ἀλλ’
932 2166 1107 2231 οὕτως
1131 2165 1198 2240 ἦν
1230 2169 1412 2235 καλὸς,
1453 2169 1529 2233 ὡς
1565 2169 1699 2240 μηδὲ
1725 2165 1861 2223 εἶναι
1885 2171 1964 2224 εἰ·

392 2258 533 2309 πεῖν.
560 2256 751 2310 Ὅπου
776 2257 886 2309 οὐκ
912 2255 1003 2308 ἔνι
1025 2255 1263 2323 ’Ἕλλην
1299 2257 1396 2310 καί
1459 2256 1768 2323 Ἰουδαῖος,
1803 2274 1963 2325 περι-

391 2342 542 2413 τομὴ
577 2342 676 2396 καὶ
727 2342 1119 2410 ἀκροϐυστία,
1166 2341 1492 2411 βάρϐαρος,
1534 2345 1789 2412 Σκύθης,
1819 2344 1960 2400 δοῦ-

391 2435 523 2498 λος,
554 2431 893 2499 ἐλεύθερος,
924 2431 1087 2485 ἀλλὰ
1138 2431 1210 2486 τὰ
1263 2430 1481 2494 πάντα,
1539 2432 1640 2485 καὶ
1697 2432 1767 2486 ἐν
1812 2433 1961 2488 πᾶσι

391 2519 665 2587 Χριστός.
702 2519 834 2573 ’1δοὺ
877 2519 1060 2590 τρίτον
1091 2517 1367 2589 ἐγκώμιον
1397 2519 1492 2573 τοῦ
1521 2519 1712 2592 ἀνδρὸς
1744 2520 1957 2587 τούτου,

390 2607 519 2661 ὅταν
551 2609 688 2679 μήτε
719 2606 923 2671 ἔθνους,
963 2609 1100 2679 μήτε
1143 2607 1472 2677 ἀξιώματος,
1512 2608 1650 2679 μήτε
1678 2609 1961 2681 προγόνων

388 2695 621 2767 διαφορὰ
651 2696 1057 2767 ἐπεισέρχηται,
1088 2697 1218 2750 ὅταν
1246 2695 1344 2767 ἔχῃ
1390 2695 1502 2749 τῶν
1539 2695 1737 2762 ἔξωθεν
1771 2697 1957 2767 μηδὲν,

393 2785 526 2855 μηδὲ
553 2784 738 2850 δέηται
767 2783 971 2838 τούτων
991 2800 1005 2812 ·
1035 2783 1262 2837 τοιαῦτα
1295 2783 1401 2853 γὰρ
1429 2783 1605 2837 πάντα
1631 2782 1700 2837 τὰ
1738 2782 1956 2849 ἔξωθεν.

390 2870 665 2942 Περιτομὴ
695 2871 790 2925 καὶ
833 2871 1201 2941 ἀκροϐυστία·
1256 2870 1463 2933 δοῦλος,
1503 2869 1807 2942 ἐλεύθερος,
1834 2871 1959 2924 ’Ἐλ-

387 2959 504 3030 λην,
531 2959 800 3024 τουτέστι,
830 2957 1199 3029 προσήλυτος·
1232 2959 1328 3012 καὶ
1360 2956 1628 3022 Ἰουδαῖος,
1655 2957 1955 3023 τουτέστιν,

387 3049 453 3102 ἐκ
486 3048 784 3118 προγόνων.
811 3048 908 3101 "Av
947 3044 1134 3101 τοῦτον
1162 3044 1291 3120 ἔχῃς
1322 3044 1472 3118 [582]
1502 3046 1681 3115 μόνον,
1707 3045 1816 3099 τῶν
1860 3048 1959 3101 αὑ-

384 3138 494 3192 τῶν
544 3137 798 3208 ἐπιτεύξῃ
830 3140 945 3201 τοῖς
980 3136 1178 3199 ἄλλοις,
1229 3138 1342 3198 τοῖς
1381 3134 1613 3205 ἔχουσιν.
1652 3134 1838 3191 Ἀλλά
1887 3138 1960 3191 τὰ

388 3226 605 3286 πάντα,
647 3224 745 3278 καὶ
791 3224 860 3278 ἐν
891 3222 1063 3286 πᾶσι,
1112 3223 1297 3293 φησὶν.
1350 3224 1638 3291 Χριστός·
1686 3225 1954 3285 τουτέστι.

387 3310 569 3364 Πάντα
593 3310 720 3379 ὑμῖν
746 3310 775 3362 6
809 3310 1041 3380 Χριστὸς
1070 3310 1243 3369 ἔσται.
1278 3309 1371 3364 καὶ
1400 3309 1613 3381 ἀξίωμα
1651 3313 1747 3366 καὶ
1779 3312 1955 3381 γένος,

385 3397 482 3451 καὶ
516 3398 574 3449 ἐν
595 3399 764 3451 πᾶσιν
819 3399 947 3469 ὑμῖν
972 3398 1152 3461 αὑτός.
1176 3399 1245 3451 Ἦ
1294 3397 1479 3469 ἕτερόν
1528 3398 1581 3451 τί
1638 3416 1823 3470 φησιν,
1873 3401 1956 3454 ὅτι

385 3485 594 3549 Πάντες
626 3484 857 3556 Χριστὸς
910 3480 992 3550 εἷς
1040 3485 1311 3555 ἐγένεσθε,
1370 3485 1529 3556 σῶμα
1573 3487 1737 3541 αὑτοῦ
1783 3487 1952 3551 ὄντες.

395 3573 768 3629 Ἐνδύσασθε
821 3569 955 3638 οὖν,
990 3572 1071 3639 ὡς
1121 3572 1393 3628 ἐκλεκτοὶ
1424 3573 1530 3628 τοῦ
1572 3574 1742 3639 Θεοῦ,
1800 3573 1955 3643 ἅγιοι

381 3659 481 3713 α.ιί
511 3658 910 3730 ἠγαπημένοι.
962 3658 1036 3713 Τὸ
1068 3660 1287 3714 εὑκολον
1326 3661 1565 3716 δείκνυσι
1602 3659 1703 3730 τῆς
1730 3662 1951 3733 ἀρετῆς,

384 3746 521 3801 ὦττε
549 3750 643 3802 καὶ
673 3749 933 3819 διηνεκῶς
967 3749 1137 3817 αὑτὴν
1179 3747 1345 3819 ἔχειν,
1379 3750 1471 3802 καί¹
1495 3748 1635 3803 ὥστε
1671 3749 1747 3813 ὼς
1801 3750 1954 3820 μεγί-

385 3851 495 3905 στῳ
524 3833 714 3903 κόσμῳ
745 3833 1064 3903 κεχρῆσθαι.
1099 3835 1207 3887 Καὶ
1234 3835 1352 3903 μετ’
1378 3835 1653 3905 ἐγκωμίου
1683 3838 1716 3908 ἡ
1753 3835 1954 3907 παραί-

385 3936 528 3983 νεσις
548 3935 563 3950 ·
603 3918 725 3972 τότε
747 3918 854 3989 γάρ
879 3919 1112 3989 μάλιστα
1137 3919 1330 3990 ἰσχύει.
1348 3920 1623 3986 Ἐγένοντο
1653 3922 1759 3995 γὰρ
1785 3921 1950 3991 ἅγιοι,

381 4007 496 4061 ἀλλ’
523 4006 624 4060 οὑκ
651 4005 930 4059 ἐκλεκτοί·
966 4005 1086 4059 νυνὶ
1132 4007 1189 4059 δέ
1240 4007 1335 4060 καὶ
1367 4008 1612 4061 ἐκλεκτοὶ
1660 4010 1755 4062 καὶ
1808 4009 1953 4078 ἆγιοι

380 4093 475 4147 καὶ
519 4091 887 4164 ἠγαπημένοι.
923 4090 1250 4162 Σπλὰγχνα
1286 4094 1611 4163 οἰκτιρμοῦ.
1648 4098 1763 4149 Οὑκ
1799 4093 1952 4150 εἶπεν

379 4181 549 4244 ἔλεον,
577 4180 692 4234 ἀλλ’
744 4178 1220 4252 ἐμφαντικώτερον
1249 4181 1338 4236 διὰ
1380 4182 1490 4236 τῶν
1536 4182 1650 4240 δύο.
1693 4185 1805 4238 Καὶ
1850 4184 1951 4238 οὑκ

379 4265 551 4335 εἶπεν,
582 4269 665 4322 ὃτι
688 4267 764 4331 ὡς
792 4266 1039 4337 ἀδελφοῖς
1068 4266 1210 4323 οὕτω
1233 4268 1561 4325 διατίθεσθαι
1593 4269 1697 4332 δεῖ,
1725 4270 1842 4324 ἀλλ’
1875 4269 1950 4335 ὡς

380 4356 541 4409 παισί
580 4356 835 4427 πατέρες.
865 4356 957 4428 Μὴ
982 4356 1092 4427 γάρ
1116 4372 1207 4427 μοι
1236 4356 1417 4429 εἴπῃς,
1443 4356 1525 4410 ὅτι
1545 4356 1761 4429 ἦμαρτε
1786 4373 1801 4388 ·
1860 4356 1947 4411 διὰ

378 4443 537 4497 τοῦτο
568 4438 691 4497 εἷπε
721 4441 1066 4513 σπλάγχνα.
1124 4443 1236 4497 Καὶ
1287 4445 1390 4498 οὑκ
1421 4440 1594 4508 εἶπεν,
1643 4445 1946 4517 οἰκτιρμὸν,

382 4529 466 4584 ἵνα
489 4530 564 4601 μὴ
586 4531 824 4594 ἐκείνους
844 4529 1172 4602 ἐξευτελίσῃ,
1200 4530 1355 4597 ἀλλά,
1380 4533 1707 4603 Σπλάγχνα
1736 4535 1950 4602 οἰκτιρ-

372 4618 514 4688 μοῦ.
548 4621 953 4688 Χρηστότητα,
1007 4621 1586 4689 ταπεινοφροσύνην,
1621 4620 1945 4689 πραότητα,

373 4706 789 4775 μακροθυμίαν
809 4721 823 4734 ·
858 4706 1206 4776 ἀνεχόμενοι
1234 4706 1543 4773 ἀλλήλων,
1576 4707 1672 4761 καὶ
1711 4707 1944 4777 χαριζό-

371 4811 543 4863 μενοι
573 4792 830 4859 ἑαυτοῖς.
868 4793 978 4848 ἐάν
1006 4811 1099 4859 τις
1152 4796 1303 4862 πρός
1335 4812 1470 4849 τινα
1507 4796 1619 4864 ἔχῃ
1661 4796 1942 4867 μομφήν·

375 4882 568 4949 καθὼς
596 4882 696 4936 καί
720 4884 755 4936 ό
783 4884 1039 4952 Χριστὸς
1064 4886 1390 4953 ἐχαρίσατο
1423 4885 1586 4955 ὑμῖν,
1636 4886 1789 4941 οὕτω
1845 4886 1947 4942 καί

374 4970 564 5040 ὑμεῖς.
593 4971 757 5025 Πάλιν
788 4974 907 5026 κατ’
935 4971 1073 5038 εῖδος
1102 4973 1282 5042 λέγει·
1313 4973 1421 5027 ἀπὸ
1446 4973 1810 5044 χρηστότητος
1836 4975 1946 5045 γὰρ

373 5060 860 5132 ταπεινοφροσύνη,
913 5062 1008 5117 καί
1039 5063 1147 5115 ἀπὸ
1180 5061 1378 5133 ταύτης
1427 5061 1795 5132 μακροθυμία.
1829 5061 1948 5115 Ἁν-

373 5152 668 5221 εχόμενοι,
699 5151 884 5221 φησὶν,
933 5149 1243 5217 ἀλλήλων,
1272 5148 1540 5211 τουτέστι,
1572 5148 1942 5221 παραπεμπό-

377 5259 547 5311 μενοι.
577 5242 688 5295 Καὶ
717 5241 817 5314 ὅρα
853 5240 970 5304 πῶς
996 5238 1130 5293 αὑτὸ
1178 5238 1329 5292 οὐδὲν
1358 5237 1545 5304 ἔδειξε,
1597 5238 1819 5311 μομφὴν
1845 5255 1945 5292 κα-

371 5329 552 5392 λέσας.
590 5324 723 5389 Εἶτα
749 5329 972 5397 ἐπάγει·
1025 5325 1227 5394 Καθὼς
1258 5324 1357 5380 καί
1390 5328 1424 5379 ό
1451 5325 1701 5394 Χριστός
1747 5327 1944 5395 ἐχαρί-

370 5434 523 5473 σατο
557 5418 718 5487 ύμῖν.
770 5417 927 5485 Μέγα
959 5416 1020 5471 τὸ
1068 5416 1402 5487 ὑπόδειγμα·
1454 5415 1592 5483 ὅπερ
1647 5414 1735 5467 ἀεὶ
1778 5417 1939 5480 ποιεῖ,

372 5506 480 5559 ἀπὸ
506 5506 597 5559 τοῦ
626 5503 862 5577 Χριστοῦ
888 5503 1210 5577 προτρέπων
1229 5502 1448 5566 αὑτούς.
1474 5501 1756 5571 Μομερήν,
1784 5501 1939 5573 φησί.

388 5597 534 5648 Ἐκεῖ
563 5597 662 5666 μὲν
682 5575 883 5665 μικρὸν
905 5594 1040 5647 αὐτὸ
1068 5575 1265 5657 ἔδειξεν
1291 5606 1305 5619 ’
1340 5592 1430 5644 ὅτε
1458 5588 1516 5642 δὲ
1537 5590 1597 5642 τὸ
1630 5588 1938 5659 ὑπόδειγμα

372 5684 714 5755 παρήγαγεν,
747 5684 961 5738 ἔπεισεν
992 5684 1072 5735 ὅτι
1116 5680 1218 5736 κᾶν
1253 5679 1462 5751 μεγάλα
1515 5678 1729 5749 ἔχωμεν
1772 5677 1941 5747 ἐγκα-

1065 294 1124 351 S.
1162 291 1443 350 JOANNIS
1478 284 1958 346 οῐιῐιγεοετοιιι
1997 286 2315 345 ARCHIEP.
2351 289 2899 349 CONSTANTINOP.

3524 295 3630 351 εει

2067 401 2199 467 λεῖν,
2250 402 2332 456 δεῖ
2364 403 2701 476 χαρίζεσθαι.
2735 404 2810 458 Τὸ
2841 406 2971 476 γὰρ,
3026 405 3225 472 Καθὼς
3274 411 3309 461 ό
3357 408 3630 477 Χριστὸς,

2067 491 2223 545 τοῦτο
2252 492 2537 562 σημαίνει·
2575 493 2669 546 καὶ
2694 494 2756 546 οὑ
2789 492 2945 547 τοῦτο
2981 493 3161 564 μόνον,
3192 494 3307 547 ἀλλ’
3335 495 3418 548 ὅτι
3454 497 3544 548 καί
3573 493 3636 560 ἐξ

2066 579 2195 650 ὅλης
2228 580 2479 650 καρδίας·
2515 582 2607 635 καὶ
2631 583 2691 636 οὑ
2736 582 2894 636 τοῦτο
2930 584 3107 653 μόνον,
3150 583 3262 637 ἀλλ’
3291 584 3372 638 ὅτι
3405 585 3501 638 καὶ
3542 602 3634 653 φι-

2069 667 2182 720 λεῖν
2212 667 2309 721 δεῖ.
2341 668 2399 721 Ὀ
2453 669 2561 739 γὰρ
2612 670 2845 740 Χριστὸς
2888 672 3162 741 εἰσαχθεὶς
3211 675 3292 735 εἰς
3336 673 3397 725 τὸ
3447 672 3621 741 μέσον⁵

2066 761 2245 815 πάντα
2268 760 2477 829 εἰσάγει
2499 762 2699 816 ταῦτα·
2739 765 2833 817 καί¹
2863 765 2946 818 ὅτι
2973 765 3077 819 κᾶν
3112 764 3317 834 μεγάλα
3345 758 3401 836 ᾖ,
3425 762 3527 816 κᾶν
3559 764 3635 834 μὴ

2066 849 2495 919 προηδικηκότες
2545 848 2819 921 τύχωμεν,
2874 851 2975 904 κᾶν
3026 853 3187 922 ἡμεῖς
3239 850 3334 921 μὲν
3384 850 3633 920 μεγάλοι,

2064 937 2261 989 ἐκεῖνοι
2294 935 2351 989 δὲ
2399 938 2604 1007 μικροὶ,
2647 940 2751 993 κᾶν
2787 938 3052 1008 μέλλωσιν
3088 939 3332 1007 ὑϐρίζειν
3362 940 3511 1008 ἡμᾶς
3541 939 3636 991 καὶ

2066 1025 2203 1095 μετά
2228 1025 2423 1088 ταῦτα,
2464 1028 2560 1080 καί
2603 1027 2686 1080 ὅτι
2715 1026 2815 1096 τὴν
2841 1024 3018 1096 ψυχὴν
3037 1026 3117 1078 δεῖ
3142 1025 3284 1096 ὑπὲρ
3311 1024 3489 1078 αὑτῶν
3518 1026 3636 1079 θεῖο

2062 1129 2189 1169 ναι·
2233 1114 2295 1168 τὸ
2338 1114 2468 1187 γὰρ,
2518 1113 2743 1182 Καθὼς,
2770 1114 2942 1168 ταῦτα
2975 1115 3222 1167 ἀπαιτεῖ·
3269 1113 3362 1167 καί⁵
3401 1115 3482 1167 ὅτι
3512 1114 3631 1167 οὐδὲ

2066 1203 2224 1273 μέχρι
2260 1202 2490 1255 θανάτου
2544 1203 2703 1273 μόνον
2736 1203 2926 1274 στῆναι
2957 1201 3059 1267 δεῖ,
3112 1200 3249 1266 ἀλλ’,
3293 1203 3341 1255 εἰ
3383 1200 3630 1267 δυνατὸν,

2063 1291 2155 1345 καί
2184 1290 2323 1362 μετά
2351 1291 2546 1347 ταῦτα.

2143 1468 2274 1525 Ἕπί
2313 1470 2462 1527 πᾶσι
2493 1472 2561 1527 δὲ
2609 1473 2843 1538 τούτοις
2888 1471 3005 1539 τὴν
3029 1470 3290 1539 ἀγάπην,
3339 1469 3468 1535 ἥτις
3497 1467 3633 1522 ἐστὶ

2062 1560 2404 1629 σύνδεσμος
2427 1560 2538 1628 τῆς
2566 1562 2958 1626 τελειότητος.
2991 1561 3154 1631 Ὁρᾷς
3179 1560 3260 1612 ὅτι
3285 1557 3440 1611 τοῦτο
3460 1556 3630 1624 λέγει.

2075 1647 2292 1718 Ἐπειδὴ
2322 1647 2430 1720 γὰρ
2470 1647 2551 1702 ἔνι
2576 1646 2933 1719 χαριζόμενον
2966 1648 3039 1718 μὴ
3091 1646 3286 1716 φιλεῖν,
3318 1644 3441 1708 Ναὶ,
3472 1644 3632 1714 φησὶν

2063 1735 2154 1787 καὶ
2182 1734 2376 1802 φιλεῖν,
2433 1737 2527 1790 καῖ
2575 1735 2692 1789 ὁδὸν
2725 1735 2987 1798 δείκνυσι,
3018 1735 3084 1789 δι’
3118 1729 3186 1806 ἦς
3212 1732 3434 1788 δυνατὸν
3472 1733 3633 1803 χαρῗ-

2063 1819 2269 1885 ζεσθαι.
2296 1822 2452 1877 Ἔστι
2486 1821 2596 1893 γὰρ
2629 1824 2723 1877 καὶ
2757 1824 2993 1895 χρηστὸν
3019 1818 3158 1875 εἷναί
3187 1838 3306 1875 τινα
3337 1820 3432 1874 καὶ
3456 1822 3632 1888 πρᾶον

2061 1911 2156 1962 καὶ
2187 1910 2586 1981 ταπεινόφρονα
2611 1911 2705 1964 καὶ
2737 1909 3107 1981 μακρόθυμον,
3150 1910 3241 1962 καί
3295 1907 3367 1977 μὴ
3421 1905 3627 1958 ποθεῖν.

2060 1999 2151 2049 Διὸ
2181 1996 2484 2068 ἀρχόμενος
2509 1993 2647 2053 εἷπε.
2676 1997 3001 2065 Σπλάγχνα
3017 1994 3341 2063 οἰκτιρμοῦ.
3374 1994 3466 2046 καὶ
3495 1993 3632 2060 ἀγά-

2062 2102 2191 2152 πην,
2224 2083 2320 2137 καὶ
2368 2083 2535 2137 ἔλεον.
2572 2084 2704 2138 Ἑπί
2748 2083 2899 2140 πᾶσι
2942 2082 3010 2137 δὲ
3058 2083 3288 2147 τούτοις
3336 2080 3451 2147 τὴν
3485 2078 3631 2150 ἀτά-

2060 2184 2201 2238 πην,
2232 2170 2365 2237 ἣτις
2402 2170 2533 2224 ἐστὶ
2573 2170 2919 2238 σύνδεσμος
2965 2167 3074 2234 τῆς
3127 2169 3515 2233 τελειότητος.
3563 2168 3635 2219 Ὃ

2059 2256 2115 2311 δὲ
2141 2256 2285 2310 θέλει
2314 2257 2509 2320 εἰπεῖν,
2540 2256 2699 2310 τοῦτό
2726 2259 2895 2317 ἐστιν,
2929 2259 3010 2311 ὃτι
3037 2256 3207 2311 υὺδέν
3242 2256 3468 2308 ἐκείνων
3494 2254 3626 2323 ὀφε-

2058 2344 2149 2408 λος
2172 2361 2186 2375 ·
2228 2343 2501 2399 διαλύεται
2532 2345 2646 2417 γὰρ
2672 2345 2849 2398 πάντα
2879 2346 3082 2409 ἐκεῖνα,
3122 2343 3186 2398 ἂν
3212 2342 3290 2414 μὴ
3321 2342 3455 2412 μετά
3487 2341 3629 2409 ἀγά-

2061 2450 2169 2504 πης
2202 2432 2439 2504 γίνηται.
2499 2436 2685 2490 Πάντα
2736 2436 2917 2488 ἐκεῖνα
2948 2432 3084 2503 αὕτη
3134 2431 3455 2499 συσφίγγει·
3491 2431 3629 2500 ὅπερ

2060 2522 2129 2575 ἂν
2159 2522 2320 2594 εἴπης
2346 2522 2573 2592 ἀγαθὸν,
2599 2523 2802 2593 ταύτης
2827 2520 3092 2592 ἀπούσης,
3121 2520 3271 2574 οὑδέν
3292 2521 3459 2582 ἐστιν,
3492 2518 3631 2573 ἀλλὰ

2057 2610 2288 2682 διαρρεῖ.
2317 2612 2426 2665 Καὶ
2455 2611 2513 2664 6v
2540 2610 2738 2681 τρόπον
2769 2609 2860 2663 ἐπὶ
2886 2608 3094 2671 πλοίου,
3127 2608 3231 2662 κᾶν
3259 2606 3469 2677 μεγάλα
3560 2606 3631 2659 τὰ

2061 2697 2250 2768 σκεύη,
2281 2696 2433 2770 [383]
2465 2697 2534 2750 τὰ
2557 2697 2615 2751 δὲ
2654 2694 2990 2763 ὑποζώματα
3024 2695 3098 2766 μὴ
3131 2691 3187 2768 ᾗ,
3224 2695 3375 2748 οὑδέν
3404 2693 3627 2761 ὄφελος·

2058 2785 2153 2839 καὶ
2180 2785 2273 2839 ἐπὶ
2293 2786 2468 2849 οἰκίας
2498 2786 2591 2840 ἐὰν
2623 2785 2697 2856 μὴ
2720 2778 2853 2838 ὦσιν
2901 2785 2958 2839 αἰ
2990 2782 3345 2854 ἰμαντώσεις·
3396 2782 3491 2835 καί⁵
3536 2781 3629 2833 ἐπὶ

2059 2871 2309 2943 σώματος
2344 2872 2449 2927 κᾶν
2502 2872 2714 2942 μεγάλα
2816 2871 2888 2923 τὰ
2931 2871 3086 2933 ὀστᾶ,
3136 2870 3186 2923 οῖ
3224 2868 3281 2922 δέ
3341 2867 3630 2937 σύνδεσμοι

2061 2960 2135 3030 μὴ
2170 2954 2325 3026 ὦσιν,
2355 2959 2508 3013 οὐδὲν
2541 2958 2754 3028 δφελος.
2789 2954 2891 3012 Οἷα
2920 2958 3029 3029 γὰρ
3061 2957 3154 3010 ἐάν
3187 2973 3272 3018 τις
3301 2955 3401 3029 ἔχῃ
3432 2971 3631 3024 κατορ-

2059 3047 2305 3119 θώματα,
2341 3047 2520 3102 πάντα
2545 3046 2772 3117 φροῦδα,
2810 3046 3031 3115 ἀγάπης
3059 3043 3133 3114 μὴ
3164 3041 3351 3113 οὔσης.
3403 3044 3517 3097 Οὐκ
3548 3037 3629 3095 εῖ-

2057 3153 2180 3201 πεν,
2207 3137 2289 3191 ὅτι
2320 3140 2536 3207 κορυφή
2591 3136 2761 3198 ἐστιν,
2798 3132 2914 3188 ἀλλ’
2947 3132 2977 3185 δ
3034 3132 3218 3201 μεῖζόν
3242 3132 3383 3195 ἐστι,
3411 3131 3629 3185 σύνδε-

2056 3238 2240 3293 σμος·
2268 3223 2696 3293 ἀναγκαιότερον
2727 3218 2907 3280 τοῦτο.
2963 3219 2996 3290 ἢ
3046 3219 3239 3272 ἐκεῖνο.
3268 3218 3494 3290 Κορυφὴ
3526 3218 3629 3289 μὲν

2057 3311 2167 3382 γὰρ
2195 3310 2441 3373 ἐπίτασις
2470 3309 2826 3379 τελειότητος,
2862 3306 3154 3376 σύνδεσμος
3177 3306 3233 3359 δὲ
3257 3306 3628 3376 συγκράτησις

2056 3398 2167 3452 τῶν
2191 3398 2288 3467 τὴν
2325 3397 2635 3467 τελειότητα
2673 3395 2989 3458 ποιούντων,
3019 3394 3277 3464 ὡσανεὶή
3329 3394 3473 3464 ῥίζα.
3512 3393 3625 3447 Καὶ

2055 3484 2095 3553 ἡ
2132 3483 2338 3553 εἰρήνη
2363 3485 2470 3539 τοῦ
2497 3484 2645 3539 Θεοῦ
2685 3481 3023 3549 ,βραϐευέτω
3068 3480 3139 3535 ἐν
3174 3480 3301 3547 ταῖς
3351 3479 3623 3550 καρδίαις

2055 3571 2243 3641 ὑμῶν,
2289 3574 2377 3638 εἰς
2406 3570 2485 3640 ἣν
2513 3570 2611 3624 καί
2660 3570 2951 3639 ἐκλήθητε
2988 3569 3060 3623 ἐν
3088 3566 3316 3639 σώματι
3345 3567 3469 3622 ἐνί·
3522 3567 3625 3622 καὶ

2054 3657 2403 3727 εὐχάριστοι
2426 3658 2690 3728 γίνεσθε.

2126 3842 2194 3905 γ’.
2213 3836 2276 3889 Ἦ
2298 3837 2489 3907 εἰρήνη
2516 3834 2610 3888 τοῦ
2635 3832 2767 3889 Θεοῦ
2793 3835 2825 3907 ἠ
2852 3835 3127 3904 πεπηγυῖα
3151 3833 3245 3887 καὶ
3270 3832 3460 3903 βεϐαία
3480 3831 3621 3901 αὕτη

2056 3922 2219 3978 ἐστίν.
2247 3926 2343 3976 'Av
2384 3921 2482 3993 μὲν
2531 3920 2599 3974 δι’
2649 3920 2933 3993 ἄνθρωπον
2963 3920 3091 3991 ἔχῃς
3129 3922 3369 3992 εἰρήνην.
3405 3920 3615 3990 ταχέως

2054 4009 2365 4064 διαλύεται·
2416 4009 2589 4063 ἐὰνδὲ
2623 4008 2709 4062 διὰ
2754 4008 2845 4062 τὸν
2873 4007 3024 4069 Θεὸν,
3075 3995 3279 4075 οὑκέτι.
3324 4008 3515 4061 Καίτοι
3558 4008 3623 4059 τὸ

2054 4096 2341 4152 καθολικόν
2375 4091 2495 4149 εἷπε
2528 4096 2641 4164 τὴν
2666 4095 2930 4166 ἀγάπην,
2958 4094 3094 4149 ἀλλά
3129 4095 3289 4150 πάλιν
3317 4095 3410 4148 ἐεικεί⁵
3432 4095 3491 4148 τὸ
3519 4095 3619 4147 ἰδιο

2055 4186 2151 4239 κὸν
2182 4183 2423 4256 ἔρχεται.
2456 4185 2609 4237 Ἐστι
2645 4184 2752 4254 γὰρ
2786 4184 2878 4237 καὶ
2926 4184 3161 4253 ἄμετρος
3220 4180 3431 4251 ἀγάπη,
3485 4175 3619 4246 οἷον,

2052 4274 2180 4327 ὅταν
2207 4271 2313 4325 ἀπὸ
2343 4261 2542 4340 πολλῆς
2570 4287 2653 4333 τις
2681 4272 2900 4340 ἀγάπης
2928 4271 3132 4341 ἐγκαλῇ
3166 4270 3308 4339 εἰκῆ,
3327 4269 3421 4323 καὶ
3443 4269 3620 4339 μάχας

2051 4361 2151 4434 ἔχῃ
2167 4361 2261 4414 καὶ
2281 4358 2715 4429 ἀποστρέφηται.
2734 4355 2833 4424 Οὓ,
2857 4358 3038 4428 φησὶν,
3064 4358 3125 4410 οὑ
3154 4355 3309 4410 τοῦτο
3339 4355 3620 4425 βούλομαι,

2051 4448 2165 4502 ἀλλ’
2193 4445 2269 4510 ὡς
2296 4446 2549 4514 ἐποίησεν
2609 4444 2832 4515 εἰρήνην
2859 4444 2996 4513 πρὸς
3024 4444 3167 4512 ὑμᾶς
3199 4445 3227 4497 6
3273 4444 3423 4508 Θεὸς,
3478 4441 3623 4498 οὕτω

2052 4536 2145 4590 καὶ
2172 4535 2332 4605 ὑμεῖς
2364 4535 2584 4587 ποιεῖτε.
2619 4531 2742 4597 Πῶς
2768 4531 2824 4585 δέ
2852 4531 3135 4601 ἐποίησεν;
3170 4529 3341 4592 Αὐτὸς
3363 4529 3620 4600 θελήσας.

2050 4624 2109 4676 οὑ
2147 4623 2280 4695 παρ’
2317 4621 2476 4694 ἡμῶν
2502 4638 2554 4674 τι
2594 4620 2794 4674 λαϐών.
2847 4618 2913 4672 Τί
2942 4621 3111 4683 ἐστιν,
3154 4618 3224 4673 Ἦ
3262 4616 3468 4685 εἰρήνη
3508 4616 3621 4670 τοῦ

2052 4710 2201 4773 Θεοῦ
2247 4708 2590 4780 ,ϐραϐευέτω
2626 4709 2699 4762 ἐν
2746 4705 2878 4773 ταῖς
2926 4705 3196 4773 καρδίαις
3247 4703 3452 4774 ὐμῶν;
3493 4703 3622 4757 Ἐὰν

2051 4798 2333 4869 μάχωνται
2388 4795 2640 4866 λογισμοὶ
2680 4794 2793 4858 δύο,
2849 4793 2923 4865 μὴ
2953 4793 3160 4863 στήσῃς
3194 4791 3282 4845 τὸν
3313 4791 3503 4860 θυμὸν,
3541 4790 3620 4862 μὴ

2050 4887 2251 4957 στήσῃς
2280 4886 2379 4956 τὴν
2407 4886 2669 4953 ἐπήρειαν
2698 4881 3031 4951 κατέχουσαν
3082 4879 3144 4932 τὸ
3178 4877 3450 4949 βραϐεῖον,
3481 4878 3617 4932 ἀλλὰ

2045 4973 2146 5044 τὴν
2166 4974 2392 5044 εἰρήνην
2411 4986 2424 5000 ·
2457 4965 2586 5032 οἷον,
2627 4970 2769 5023 ἒσ-ιω
2793 4986 2878 5032 τις
2914 4965 3195 5039 ὑϐρισθεὶς
3223 4965 3452 5028 ἀδίκως·
3508 4965 3620 5018 ἀπὸ

2046 5063 2144 5132 τῆς
2175 5061 2385 5133 ὕϐρεως
2405 5060 2706 5133 ἐτέχθησαν
2724 5058 2977 5129 λογισμοὶ
3010 5056 3126 5122 δύο,
3179 5057 3207 5110 6
3242 5056 3342 5126 μὲν
3376 5054 3619 5108 κελεύων

2046 5146 2378 5218 ἀμύνασθαι,
2419 5148 2448 5199 6
2483 5147 2540 5199 δέ
2569 5148 2835 5215 ἐνεγκεῖν,
2868 5144 2963 5198 καὶ
2989 5143 3311 5197 παλαίουσιν
3340 5140 3616 5214 ἀλλήλοις.

2059 5236 2186 5290 Ἐὰν
2227 5236 2261 5306 ἡ
2311 5235 2501 5303 εἰρήνη
2557 5231 2651 5284 τοῦ
2695 5231 2829 5286 Θεοῦ
2875 5233 3076 5301 ἑστήκῃ
3132 5228 3491 5300 βραϐεύουσα,
3540 5228 3619 5299 τῷ

2047 5322 2319 5378 κελεύοντι
2369 5319 2557 5392 φέρειν
2606 5319 2787 5373 δίδωσι
2834 5320 2895 5373 τὸ
2953 5320 3225 5390 βραϐεῖον,
3271 5317 3367 5371 καὶ
3421 5332 3619 5370 καται-

2047 5410 2232 5483 σχύνει
2282 5411 2504 5462 ἐκεῖνον.
2541 5408 2693 5472 Πῶς;
2741 5406 3009 5461 Πείθουσα
3055 5407 3136 5460 ὅτι
3173 5407 3203 5459 6
3249 5406 3379 5469 Θεὸς
3422 5404 3616 5475 εἰρήνη

2045 5500 2213 5560 ἐστὶν,
2245 5497 2325 5549 ὃτι
2366 5496 2680 5567 εἰρήνευσεν
2710 5495 2860 5565 ἡμῖν.
2891 5495 3001 5564 Οὑχ
3030 5492 3216 5557 ἁπλῶς
3244 5493 3483 5546 δείκνυσι
3513 5506 3615 5543 πο-

2044 5587 2140 5641 λὺν
2185 5584 2276 5637 τὸν
2324 5583 2508 5652 ἀγῶνα
2554 5581 2649 5634 τοῦ
2685 5582 3026 5653 πράγματος.
3074 5581 3165 5652 Μὴ
3208 5578 3399 5650 θυμὸς,
3454 5576 3614 5646 φησὶ,

2047 5673 2380 5747 βραϐευέτω,
2429 5670 2504 5743 μὴ
2537 5669 2861 5741 φιλονεικία,
2903 5672 2978 5744 μὴ
3029 5670 3341 5742 ἀνθρωπίνη
3390 5665 3615 5740 εἰρήνη·
