4064 6210
299 264 408 319 553

299 390 494 446 corpus
518 381 672 426 vocet
697 371 856 425 vitam
884 380 1190 439 corruptam
1215 379 1268 422 et
1293 367 1637 436 depravatum
1657 382 1672 430 ;
1694 375 1748 420 et
1772 379 1888 418 rur-

301 484 392 522 sus
413 465 480 520 de
506 464 703 518 virtute
730 460 952 531 praedito
979 459 1224 514 similiter
1253 467 1394 527 agat.
1428 456 1492 511 Et
1512 457 1555 510 si
1587 459 1745 509 homo
1768 462 1892 508 sunt

301 569 540 630 peccata,
564 553 832 625 quomodo
853 552 1002 618 dicit,
1025 550 1152 606 Cum
1173 550 1366 604 actibus
1385 549 1531 603 suis?
1552 547 1726 604 Semel
1749 546 1888 600 enim

301 651 432 706 dixit
466 659 704 704 veterem
736 645 1006 704 hominem
1030 684 1046 710 ,
1079 642 1369 697 ostendens
1391 642 1530 712 quod
1561 640 1660 694 hoc
1691 655 1796 694 non
1825 639 1896 693 sit

305 744 487 806 homo,
515 740 610 795 sed
642 738 789 793 illud.
820 737 1068 791 Liberum
1104 734 1244 790 enim
1277 734 1439 788 animi
1468 733 1746 788 arbitrium
1776 746 1891 785 ma-

302 838 383 906 gis
408 836 619 890 obtinet
642 831 1000 902 principatum
1027 844 1186 898 quam
1213 827 1444 882 essentia
1470 841 1486 891 ;
1515 837 1569 880 et
1596 824 1697 880 hoc
1727 824 1896 894 magis

304 938 384 980 est
416 926 612 988 homo,
646 937 804 993 quam
840 920 990 975 illud.
1031 919 1146 974 Non
1188 918 1328 993 enim
1362 917 1596 972 essentia
1639 917 1811 986 injicit
1843 917 1896 970 in

306 1017 631 1085 gehennam,
658 1028 832 1083 neque
865 1011 1066 1066 inducit
1094 1011 1145 1064 in
1175 1024 1418 1080 regnum,
1445 1009 1539 1064 sed
1568 1009 1739 1078 ipsum
1769 1008 1899 1062 lihe-

311 1125 428 1164 rnm
459 1107 738 1162 arbitrium
763 1121 780 1171 ;
808 1113 866 1159 et
892 1103 1158 1159 neminem
1185 1115 1425 1154 amamus
1445 1141 1460 1166 ,
1491 1115 1663 1169 neque
1687 1099 1899 1154 odimus

313 1211 573 1270 quatenus
595 1207 678 1253 est
700 1196 882 1258 homo,
906 1195 999 1250 sed
1021 1203 1282 1265 quatenus
1305 1192 1422 1246 talis
1449 1204 1540 1246 aut
1569 1191 1686 1244 talis
1714 1189 1895 1244 homo.

310 1291 368 1345 Si
409 1305 539 1358 ergo
579 1303 774 1358 corpus
814 1286 1030 1357 quidem
1060 1296 1140 1340 εει
1179 1284 1410 1339 essentia
1436 1325 1450 1347 ,
1489 1283 1598 1352 ipsa
1635 1291 1812 1335 autem
1847 1282 1898 1335 in

314 1385 552 1452 utrisque
580 1397 686 1436 non
707 1389 793 1436 est
813 1380 1041 1434 obnoxia
1074 1375 1361 1432 reddenda:
1389 1375 1602 1441 rationi,
1631 1374 1900 1445 quomodo

317 1477 485 1544 ipsum
515 1474 644 1527 dicit
673 1485 793 1527 esse
823 1469 1061 1524 malum?

383 1565 438 1618 2.
467 1562 608 1631 Quid
640 1576 768 1616 vero
794 1560 943 1626 dicit,
977 1560 1103 1614 Cum
1131 1559 1236 1613 suis
1263 1558 1503 1614 actibus?
1533 1558 1784 1612 Liberum
1815 1572 1904 1612 ar-

319 1657 533 1711 bitrium
565 1668 688 1708 cum
718 1651 989 1719 operibus.
1023 1650 1269 1705 Veterem
1301 1659 1477 1704 autem
1513 1650 1682 1718 ipsum
1710 1657 1898 1712 vocat,

318 1749 434 1816 ejus
464 1748 652 1802 volens
683 1743 969 1800 ostendere
1008 1743 1393 1814 turpitudinem
1425 1751 1477 1798 et
1505 1741 1900 1797 deformitatem

320 1849 373 1894 et
403 1838 853 1901 imbecillitatem;
887 1844 942 1890 et
961 1851 1154 1888 novum
1175 1835 1363 1905 inquit,
1393 1841 1660 1903 tamquam
1678 1832 1902 1897 diceret,

318 1931 398 1984 Ne
420 1928 742 1998 exspectetis
764 1927 992 1982 futurum
1017 1937 1071 1980 ut
1093 1927 1140 1980 ei
1162 1926 1302 1981 idem
1324 1925 1548 1988 accidat,
1570 1924 1663 1979 scd
1685 1936 1870 1980 contra
1890 1939 1902 1977 :

325 2037 450 2072 nam
484 2034 590 2087 quo
634 2018 794 2087 magis
837 2019 1199 2087 processerit,
1229 2032 1338 2072 non
1368 2016 1538 2071 tendit
1563 2017 1628 2070 ad
1657 2016 1862 2070 senium
1888 2057 1904 2082 ,

325 2109 420 2164 sed
444 2110 511 2163 ad
541 2110 792 2177 majorem
821 2112 999 2178 priore
1021 2109 1375 2176 juventutem.
1400 2108 1529 2162 Nam
1554 2107 1768 2177 quando
1792 2124 1907 2162 ma-

319 2202 493 2271 jorem
523 2201 793 2271 acceperit
819 2200 1214 2270 cognitionem,
1249 2200 1450 2270 majora
1482 2215 1693 2269 quoque
1723 2215 1911 2254 consc-

325 2293 538 2360 quitur,
571 2301 625 2344 et
658 2292 826 2361 magis
858 2292 997 2361 viget
1035 2301 1088 2345 et
1135 2292 1392 2360 majorem
1437 2293 1541 2344 vim
1577 2291 1771 2356 habet,
1804 2307 1909 2345 non

326 2383 497 2434 solum
525 2383 594 2435 ob
618 2382 978 2450 juventutem,
1007 2382 1100 2436 sed
1127 2381 1286 2436 etiam
1310 2383 1380 2436 ob
1403 2381 1631 2436 formam
1661 2383 1726 2436 ad
1752 2399 1911 2451 quam

332 2475 583 2531 refertur.
625 2475 766 2530 Ecce
806 2484 1047 2530 creatura
1077 2477 1276 2545 optima
1318 2478 1440 2531 vita:
1480 2478 1740 2533 institutio
1783 2478 1910 2532 dicio

331 2580 436 2623 tur.
471 2569 549 2624 Ad
595 2571 878 2640 imaginem
923 2569 1120 2625 Christi
1153 2572 1290 2626 :hoc
1332 2572 1474 2626 enim
1513 2582 1596 2627 est
1633 2573 1793 2637 illud,
1837 2575 1916 2629 Ad

331 2663 601 2733 imaginem
641 2663 752 2732 ejus
789 2662 877 2733 qui
905 2662 1088 2715 creavit
1132 2665 1317 2734 ipsum.
1358 2663 1490 2718 Nam
1535 2679 1635 2720 nec
1674 2656 1916 2719 Christus

332 2769 492 2808 senex
522 2763 766 2806 mortuus
793 2761 894 2818 est,
919 2753 1012 2807 srd
1044 2765 1160 2808 erat
1188 2754 1322 2808 adeo
1346 2755 1567 2823 pulcher
1593 2766 1650 2809 ut
1680 2755 1782 2810 dici
1811 2748 1916 2810 non

335 2844 521 2912 possit.
561 2842 659 2898 Ubi
686 2860 786 2897 non
816 2855 888 2897 est
920 2844 1171 2905 masculus
1210 2861 1298 2898 nec
1332 2845 1554 2912 femina,
1589 2847 1676 2900 Η.
1719 2847 1920 2918 gentilis

334 2945 379 2988 et
399 2933 640 3000 Judarus,
671 2935 984 2988 circumcisio
1013 2944 1059 2988 et
1096 2936 1423 3004 prteputium,
1450 2935 1692 2989 barbarus
1717 2947 1763 2989 et
1791 2937 1923 3006 Scy-

336 3025 444 3093 tha,
471 3041 642 3080 servus
669 3036 715 3081 et
740 3026 887 3093 liber,
915 3025 1003 3080 sed
1032 3027 1222 3092 onmia,
1257 3035 1301 3080 et
1329 3026 1382 3079 in
1412 3027 1642 3080 onmibus
1671 3027 1920 3085 Christus.

342 3117 478 3170 Ecce
502 3117 716 3170 tertium
736 3116 896 3186 hujus
918 3117 1015 3170 viri
1033 3117 1359 3182 encomium,
1378 3116 1592 3186 quando
1613 3132 1712 3171 nec
1729 3118 1920 3186 gentis,

345 3221 441 3260 nec
471 3208 838 3274 auctoritatis,
881 3223 1054 3276 neque
1094 3207 1356 3277 majorum
1403 3207 1695 3277 ingreditur
1737 3207 1925 3262 discri—

343 3315 488 3364 men,
534 3315 656 3353 cum
697 3299 828 3353 nihil
877 3298 1072 3353 habeat
1111 3309 1390 3354 externum
1417 3341 1432 3366 ,
1477 3315 1650 3370 neque
1681 3300 1764 3355 his
1791 3315 1926 3370 opus

344 3391 537 3446 habeat
564 3409 578 3444 :
605 3393 726 3446 talia
755 3391 898 3447 enim
929 3391 1110 3446 omnia
1152 3400 1274 3446 sunt
1305 3401 1547 3447 externa.
1581 3392 1929 3446 Circumcisio

342 3492 399 3538 et
428 3485 768 3552 prrputium,
802 3497 991 3537 servus
1018 3493 1071 3536 et
1103 3482 1260 3548 liber,
1289 3481 1539 3546 Graecus,
1568 3481 1669 3536 hoc
1699 3490 1782 3537 est
1809 3497 1932 3550 pro-

341 3573 552 3643 sclytus
576 3615 591 3637 ,
620 3582 675 3628 et
702 3573 920 3629 Judaens
950 3587 980 3627 a
1013 3573 1321 3643 majoribus.
1364 3573 1416 3628 Si
1464 3574 1603 3627 hunc
1635 3572 1805 3627 solum
1833 3573 1930 3626 ha-

345 3664 512 3726 beas,
547 3663 733 3719 eadem
776 3665 1080 3733 assequeris
1126 3680 1245 3734 qua:
1291 3664 1378 3718 alii
1426 3664 1516 3734 qui
1559 3663 1775 3718 habent.
1827 3663 1932 3718 Sed

345 3757 554 3822 omnia,
591 3757 794 3826 inquit,
835 3763 882 3810 et
919 3757 971 3810 in
1011 3757 1238 3811 omnibus
1287 3766 1358 3810 est
1401 3755 1670 3821 Christus;
1717 3757 1768 3810 id
1814 3767 1891 3810 est
1917 3797 1930 3819 ,

345 3850 528 3904 omnia
561 3851 714 3905 nobis
743 3851 845 3905 erit
870 3848 1135 3914 Christus,
1167 3860 1222 3905 et
1245 3849 1476 3920 dignitas
1505 3859 1558 3904 et
1580 3864 1770 3920 genus,
1802 3859 1854 3903 ct
1882 3848 1933 3902 in

349 3943 506 3996 vobis
527 3944 782 3998 omnibus
809 3945 947 4012 ipse.
979 3945 1086 3999 Aut
1113 3943 1253 3998 aliud
1287 3943 1451 4008 dicit,
1482 3958 1674 4012 nempe
1699 3961 1712 3996 :
1736 3943 1936 3997 Omnes

350 4051 494 4089 unus
523 4035 764 4090 Christus
793 4036 915 4091 facti
955 4037 1124 4103 estis,
1155 4052 1276 4090 cum
1317 4037 1432 4091 sitis
1460 4037 1578 4106 ejus
1603 4051 1814 4105 corpus.
1853 4036 1934 4091 l2.

350 4153 369 4180 ι
386 4128 563 4181 nduite
583 4144 668 4181 eos
689 4145 805 4198 ergo
824 4130 953 4183 sicut
975 4131 1117 4184 electi
1148 4129 1263 4195 Dei,
1289 4132 1451 4184 sancti
1471 4141 1516 4184 et
1537 4132 1722 4185 dilecti.
1747 4133 1936 4187 Osten-

353 4218 434 4270 dit
466 4217 775 4272 lacilitatem
806 4220 1036 4283 virtutis,
1073 4229 1130 4273 ut
1157 4229 1210 4274 et
1235 4236 1351 4274 eam
1384 4229 1640 4290 perpetuo
1670 4223 1936 4288 habeant,

349 4318 406 4362 et
448 4319 508 4361 ut
549 4318 818 4378 tamquam
863 4311 1096 4365 maximo
1135 4319 1350 4366 utantur
1389 4323 1723 4368 ornamento.
1768 4316 1834 4370 Et
1861 4327 1941 4371 cst

348 4410 478 4449 cum
515 4397 671 4452 laude
709 4401 923 4452 suasio:
957 4410 1084 4454 tunc
1109 4403 1251 4456 en’m
1285 4402 1390 4456 vim
1433 4403 1592 4458 habet
1635 4407 1940 4460 maximam.

347 4487 601 4542 Fuerunt
629 4489 768 4542 enim
797 4491 965 4545 sancti
990 4531 1006 4557 ,
1033 4491 1128 4545 sed
1157 4507 1261 4546 non
1289 4493 1446 4547 elei-ti
1475 4511 1488 4547 :
1520 4510 1661 4549 nunc
1687 4505 1862 4549 autem
1891 4505 1946 4550 et

345 4577 518 4631 electi
559 4587 614 4631 et
643 4579 812 4633 sancti
845 4588 898 4634 et
927 4580 1132 4638 dilecti.
1173 4580 1376 4636 Viscera
1405 4585 1783 4639 misericordiae.
1828 4585 1941 4639 Non

344 4669 533 4731 dicit,
564 4669 979 4727 Misericordiam
1001 4714 1017 4739 ,
1047 4673 1141 4728 sed
1183 4690 1306 4728 cum
1348 4676 1534 4744 majori
1578 4677 1818 4747 emphasi
1854 4695 1945 4748 per

345 4762 485 4813 duo.
513 4762 580 4816 Et
603 4780 705 4816 non
728 4763 879 4830 dixit,
899 4765 1188 4836 Tamquam
1212 4767 1483 4830 fratribus.
1508 4770 1622 4833 sed,
1649 4771 1941 4842 Tamquam

347 4852 483 4906 tiliis
527 4863 726 4920 patres.
769 4854 846 4910 Ne
886 4857 1016 4911 mihi
1060 4859 1202 4912 enim
1242 4859 1444 4915 dixeris
1477 4861 1616 4929 quod
1663 4866 1940 4930 peccavit:

348 4952 646 5014 propterea
674 4944 1060 5010 dixit,Viscera.
1092 4947 1157 5002 Et
1188 4964 1292 5003 non
1320 4949 1474 5017 dixit,
1501 4952 1941 5020 Misericordiam,

347 5049 421 5087 ne
450 5048 552 5088 eos
581 5034 950 5104 vilipenderet,
980 5037 1094 5102 sed,
1141 5037 1344 5093 Viscera
1375 5042 1752 5097 misericordite.
1787 5044 1943 5098 Beni-

345 5125 637 5196 gnitatem,
678 5127 1049 5198 humilitatem,
1095 5132 1427 5195 modestiam,
1480 5135 1809 5203 patientiam;
1856 5139 1941 5192 15.

346 5227 721 5285 supportantes
741 5219 972 5286 invicem,
995 5231 1042 5274 et
1063 5222 1307 5277 donantes
1350 5225 1733 5295 nobismetipsis,
1765 5228 1810 5281 si
1837 5229 1948 5296 quis

343 5309 606 5361 adversus
649 5309 868 5379 aliquem
913 5310 1094 5364 habeat
1127 5313 1388 5383 querelam
1421 5331 1439 5368 :
1465 5316 1590 5369 sicut
1635 5328 1681 5370 et
1719 5317 1949 5374 Christus

343 5398 573 5450 donata!
615 5400 770 5466 vobis,
803 5401 873 5453 ita
910 5411 956 5455 et
1001 5419 1105 5456 uos.
1155 5404 1358 5459 Rursos
1399 5405 1526 5462 dicit
1557 5424 1650 5477 per
1679 5412 1946 5478 speciem:

343 5503 488 5540 nam
515 5504 545 5539 a
568 5489 892 5560 benignitate
915 5494 1087 5549 oritur
1107 5495 1399 5563 humilitas,
1427 5500 1566 5555 etab
1590 5516 1649 5556 ca
1677 5503 1947 5571 patientia.

344 5580 761 5649 Suppartantes,
790 5585 980 5655 inquit,
1009 5588 1256 5654 invicem;
1284 5589 1388 5644 hoc
1411 5600 1493 5645 est
1518 5592 1867 5662 sustinentes,
1897 5607 1950 5651 et

346 5671 505 5727 alter
531 5671 684 5728 alteri
707 5675 1057 5736 dimittentcs.
1086 5683 1150 5738 Et
1176 5683 1297 5742 vide
1324 5689 1594 5756 quomodo
1623 5690 1797 5761 ipsum
1824 5695 1953 5750 nihil

1188 255 1252 311 ΙΝ
1295 254 1511 326 EPIST.
1555 253 1645 310 AD
1682 251 1954 309 COLOSS.
1996 253 2148 309 CAP.
2195 255 2278 311 ill.
2323 258 2552 315 HOMIL.
2598 260 2730 318 Vill.

3475 269 3578 325 531

1999 379 2118 420 esse
2145 369 2470 437 ostenderit,
2504 381 2560 426 ut
2595 373 2686 443 qui
2717 375 2918 429 vocarit
2947 377 3244 445 querelam.
3278 379 3343 433 Et
3366 379 3578 449 adjicit,

2000 456 2145 511 Sicut
2183 470 2229 512 et
2256 459 2487 521 Christus
2519 463 2726 517 donarit
2757 467 2914 519 vobis.
2959 467 3205 538 Magnum
3237 470 3536 540 exemplum
3566 490 3578 524 :

2001 550 2142 617 quod
2170 565 2384 622 semper
2409 553 2553 615 facit,
2582 572 2611 608 a
2637 554 2854 612 Christo
2883 558 3026 627 ipsos
3052 559 3368 615 adhortans.
3395 561 3580 627 Quere-

2002 637 2102 690 lam
2141 640 2288 695 dicit.
2323 642 2433 697 lllic
2466 645 2681 713 quidem
2717 662 2940 717 parvum
2980 648 3106 703 illud
3150 666 3272 706 esse
3312 651 3580 714 oswndit;

2001 730 2214 798 quando
2261 741 2436 785 autem
2481 735 2700 788 adduxit
2731 739 3031 806 exemplum
3060 780 3073 804 ,
3111 741 3373 805 persuasit
3400 741 3581 811 quod,

2001 823 2210 878 etiamsi
2254 824 2320 879 de
2361 828 2570 897 magnis
2600 829 2866 897 possimus
2891 847 3146 887 accusare
3172 875 3185 898 ,
3216 843 3426 902 oportet
3451 849 3584 887 con-

2003 914 2203 970 donare
2229 932 2245 974 :
2269 917 2396 971 illud
2420 919 2583 984 enim,
2609 921 2751 975 Sicut
2774 921 3020 988 Christus,
3042 923 3142 978 hoc
3162 925 3426 994 significat
3449 941 3461 977 :
3487 939 3586 978 nec

2004 1005 2105 1061 hoc
2131 1009 2326 1074 solum,
2356 1011 2446 1064 sed
2475 1011 2637 1066 etiam
2665 1013 2804 1082 quod
2835 1031 2898 1068 ex
2928 1023 3038 1068 toto
3063 1017 3260 1079 corde;
3291 1032 3462 1085 neque
3486 1016 3586 1070 hoc

2005 1107 2208 1153 tantum
2235 1141 2249 1165 ,
2278 1100 2370 1153 sed
2400 1101 2560 1154 etiam
2598 1103 2739 1171 quod
2780 1112 3025 1171 oporteat
3063 1105 3304 1175 diligere.
3343 1107 3584 1161 Christus

2003 1191 2145 1245 enim
2192 1192 2242 1244 in
2292 1191 2524 1252 medium
2569 1194 2830 1248 adductus
2876 1194 2989 1249 Ita-c
3033 1197 3208 1250 omnia
3247 1197 3504 1251 adducit:
3534 1207 3588 1251 ct

2003 1284 2142 1353 quod
2183 1285 2390 1339 etiamsi
2437 1287 2546 1340 sint
2583 1302 2773 1356 magna
2800 1329 2815 1354 ,
2858 1289 3066 1342 etiamsi
3113 1290 3258 1358 prius
3300 1305 3395 1343 eos
3441 1290 3587 1344 nulla

2004 1374 2341 1429 aliecerimus
2371 1375 2561 1445 injuria
2587 1417 2602 1442 ,
2646 1378 2853 1432 etiamsi
2891 1392 2990 1433 nos
3017 1378 3228 1448 quidem
3268 1381 3480 1449 magni;
3513 1380 3591 1434 illi

2005 1480 2132 1519 vero
2165 1465 2372 1534 pusilli;
2405 1467 2614 1520 etiamsi
2648 1469 2755 1521 sint
2784 1482 2881 1522 nos
2911 1479 3094 1538 postea
3128 1469 3368 1523 atfecturi
3397 1481 3589 1524 contu.

2007 1555 2162 1609 melia
2193 1571 2206 1606 :
2235 1563 2290 1609 et
2327 1555 2468 1625 quod
2508 1559 2682 1609 anima
2729 1573 2824 1626 pro
2868 1559 2997 1626 ipsis
3042 1561 3110 1612 sit
3151 1561 3427 1628 ponenda;
3459 1561 3590 1616 illud

2007 1649 2147 1701 enim
2174 1688 2186 1712 ,
2223 1647 2403 1713 Sicut,
2433 1647 2548 1702 ha'c
2581 1649 2814 1717 postulat
2841 1667 2854 1702 :
2880 1659 2934 1703 et
2964 1652 3104 1720 quod
3136 1668 3234 1706 nec
3264 1653 3330 1707 ad
3363 1664 3591 1708 mortem

2008 1757 2176 1812 usque
2202 1742 2373 1796 solum
2405 1751 2548 1797 stare
2578 1750 2843 1812 oporteat,
2873 1742 2966 1797 sed
2997 1745 3039 1798 si
3072 1743 3186 1798 ﬁeri
3223 1747 3410 1814 possit,
3435 1750 3592 1802 etiam

2011 1843 2215 1902 postea.

2083 1924 2208 1978 Sine
2228 1925 2437 1977 caritate
2460 1924 2816 1979 nihilbonum.
2840 1955 2910 1965 ——
2937 1926 2954 1978 1
2967 1925 3020 1979 4.
3047 1924 3218 1995 Super
3237 1926 3407 1980 omnia
3427 1937 3595 1982 autem

2011 2017 2118 2070 lucc
2147 2016 2408 2069 caritatem
2438 2016 2614 2070 habete
2635 2058 2649 2084 ,
2681 2017 2819 2086 quod
2861 2028 2932 2070 est
2960 2018 3213 2070 uinculum
3251 2019 3595 2089 perfcctionis.

2019 2107 2176 2162 Vides
2215 2107 2356 2178 quod
2399 2108 2500 2163 hoc
2533 2109 2695 2164 dicat.
2735 2108 2866 2162 Nam
2895 2110 3145 2176 quoniam
3185 2110 3299 2164 ﬁeri
3337 2121 3509 2180 potest
3541 2123 3597 2167 ut

2012 2199 2099 2268 qui
2131 2199 2398 2254 condonet
2426 2215 2529 2252 non
2558 2198 2761 2268 diligat,
2787 2198 2961 2263 Certe,
2991 2199 3182 2269 inquit,
3203 2211 3413 2269 oportet
3434 2203 3597 2256 etiam

2013 2291 2267 2361 diligere;
2299 2300 2352 2346 et
2389 2292 2624 2346 ostendit
2664 2290 2800 2345 viam
2847 2307 2941 2359 per
2983 2307 3142 2361 quam
3192 2292 3306 2346 fieri
3340 2305 3513 2362 potest
3545 2304 3600 2348 ut

2015 2383 2369 2453 condpnetur.
2401 2383 2540 2437 Fieri
2569 2384 2710 2437 enim
2739 2393 2912 2453 potest
2943 2393 2992 2436 ut
3025 2384 3094 2436 sit
3123 2383 3316 2453 aliquis
3341 2385 3602 2456 benignus

2015 2485 2070 2531 et
2095 2477 2240 2530 mitis
2261 2487 2314 2531 et
2340 2477 2555 2532 humilis
2585 2486 2638 2532 et
2663 2477 2819 2542 lenis,
2846 2486 2898 2531 et
2921 2477 3124 2546 diligat.
3153 2477 3514 2544 Quamobrem
3548 2480 3603 2533 in

2021 2568 2280 2638 principio
2307 2567 2458 2628 dixit,
2503 2566 2707 2621 Viscera
2736 2568 3128 2634 misericordite,
3161 2577 3215 2622 ct
3242 2569 3518 2625 caritatem
3550 2581 3604 2624 et

2021 2660 2464 2714 misericordiam.
2516 2660 2688 2730 Super
2735 2662 2905 2716 omnia
2951 2671 3118 2715 autem
3164 2661 3272 2716 hac
3318 2663 3602 2731 caritatem,

2019 2767 2131 2814 qua:
2169 2761 2240 2804 est
2283 2751 2536 2804 vinculum
2585 2752 2926 2822 perfectionis.
2961 2751 3074 2808 Hoc
3114 2761 3197 2808 est
3241 2763 3420 2809 autent
3461 2756 3602 2826 quod

2022 2844 2131 2897 vult
2158 2841 2336 2898 dicere
2361 2862 2374 2898 :
2402 2843 2493 2897 Ilia
2520 2843 2652 2898 nihil
2681 2853 2934 2912 prosunt;
2960 2843 3326 2899 dissolvuntur
3347 2846 3488 2900 enim
3517 2847 3603 2902 illa

2022 2935 2236 2997 omnia;
2269 2935 2368 2987 nisi
2415 2933 2538 2988 ﬁant
2565 2949 2685 2988 cum
2711 2934 2936 2988 caritate
2965 2950 2978 2986 :
3005 2933 3120 2989 hare
3153 2935 3330 2990 omnia
3359 2936 3448 2990 illa
3474 2951 3606 2992 con-

2024 3025 2256 3094 stringit.
2299 3025 2684 3095 Quodcumque
2731 3026 2928 3080 bonum
2969 3025 3191 3094 dixeris,
3239 3027 3284 3081 si
3328 3043 3390 3082 ea
3433 3029 3606 3094 absit,

2027 3115 2158 3169 nihil
2185 3126 2285 3180 est,
2315 3116 2407 3170 sed
2438 3116 2650 3171 diffluit.
2684 3117 2745 3171 Et
2771 3117 2909 3172 sicut
2935 3116 2985 3171 in
3016 3117 3158 3186 navi,
3183 3119 3390 3173 etiamsi
3420 3135 3607 3190 magna

2027 3209 2134 3261 sint
2178 3208 2527 3262 instrumenta
2554 3248 2568 3273 ,
2605 3217 2662 3262 et
2707 3224 2810 3262 non
2857 3209 2965 3261 sint
2997 3223 3116 3278 quae
3155 3223 3270 3263 eam
3302 3211 3612 3279 succingant

2029 3299 2282 3362 tabulata,
2318 3299 2446 3352 nihil
2475 3299 2723 3369 prodest;
2750 3309 2803 3353 ct
2826 3298 2878 3352 in
2906 3297 3070 3354 domo
3096 3299 3140 3354 si
3169 3316 3274 3354 non
3303 3301 3408 3355 sint
3441 3303 3615 3356 conti-

2029 3391 2340 3460 gnationes;
2372 3399 2425 3444 et
2462 3391 2512 3444 iu
2554 3405 2814 3460 corpore,
2847 3390 3055 3446 etiamsi
3099 3407 3287 3461 magna
3317 3394 3425 3448 sint
3455 3408 3573 3447 ossa
3596 3433 3612 3458 ,

2031 3500 2136 3538 non
2175 3483 2282 3536 sint
2321 3490 2498 3535 autetn
2541 3481 2821 3550 ligamenta
2846 3522 2862 3546 ,
2896 3481 3030 3536 nihil
3071 3483 3240 3552 juvat.
3283 3483 3616 3553 Cujnsmodi-

2032 3588 2260 3641 cnnnjue
2287 3572 2429 3625 enim
2460 3571 2722 3641 quispiam
2760 3571 2898 3625 bona
2947 3571 3139 3626 habeat
3178 3587 3338 3642 Opera
3376 3584 3429 3627 et
3472 3586 3617 3630 recte

2033 3663 2193 3727 facta,
2227 3671 2552 3716 evanescunt
2580 3662 2756 3715 omnia
2780 3701 2795 3726 ,
2827 3662 2927 3716 nisi
2962 3663 3031 3716 sit
3055 3663 3267 3716 caritas.
3297 3661 3413 3718 Non
3443 3663 3616 3732 dixit,

2037 3757 2132 3810 Esl
2177 3755 2442 3825 fastigium
2469 3797 2484 3820 ,
2536 3754 2628 3809 sed
2661 3754 2800 3824 quod
2830 3764 2914 3809 est
2945 3755 3136 3825 majus,
3178 3753 3444 3809 Vinculum
3472 3772 3492 3812 :
3520 3757 3622 3811 hoc

2038 3852 2178 3905 enim
2211 3859 2294 3905 est
2319 3849 2488 3919 magis
2517 3849 2878 3903 necessarium
2902 3888 2919 3914 ,
2951 3863 3110 3918 quam
3141 3847 3287 3902 illud.
3315 3848 3446 3902 Nam
3479 3849 3624 3903 faSti-

2037 3943 2180 4012 gium
2209 3940 2422 4011 quidem
2451 3951 2533 3995 est
2563 3939 2785 3994 intentio
2826 3938 3167 4009 perfectionis
3191 3955 3206 4005 ;
3237 3940 3498 3995 vinculum
3525 3955 3624 3994 au-

2041 4043 2144 4087 tem
2177 4042 2258 4087 est
2287 4031 2599 4102 complexus
2625 4040 2680 4086 et
2705 4031 3115 4100 comprehensio
3139 4046 3326 4086 eorum
3358 4047 3478 4102 qua:
3503 4047 3625 4102 per-

2045 4124 2326 4180 fectionem
2356 4124 2615 4189 efficiunt,
2647 4134 2916 4194 tamquam
2958 4124 3107 4178 radix
3130 4165 3144 4188 ,
3176 4125 3263 4180 i5.
3308 4125 3371 4179 Et
3401 4141 3504 4196 pax
3534 4124 3629 4179 Dei

2043 4215 2253 4270 exsultet
2284 4217 2335 4268 in
2363 4216 2596 4269 cordibus
2622 4215 2818 4281 uestris,
2851 4215 2903 4268 in
2929 4229 3028 4283 qua
3057 4223 3104 4267 et
3130 4219 3290 4268 vocati
3320 4215 3437 4270 estis
3455 4217 3507 4268 in
3529 4232 3630 4269 uno

2043 4325 2274 4379 corpore,
2309 4318 2356 4362 et
2383 4310 2517 4377 grati
2546 4317 2720 4361 estote.
2950 4353 2970 4358 ,ν
3524 4314 3530 4322 ’

2115 4402 2166 4454 5.
2199 4400 2303 4454 Pax
2325 4399 2418 4452 Dei
2435 4406 2592 4452 estea
2611 4413 2729 4468 quae
2744 4405 2827 4453 est
2845 4397 2993 4452 lii-ma
3017 4405 3070 4452 et
3091 4396 3318 4453 stabilis.
3337 4397 3390 4453 Si
3414 4407 3631 4469 propter

2047 4493 2314 4547 hominem
2341 4489 2552 4560 quidem
2585 4504 2768 4559 pacem
2799 4490 2996 4543 habeas
3019 4531 3034 4556 ,
3063 4505 3123 4545 ea
3153 4491 3260 4544 cito
3289 4489 3631 4556 dissolvitur;

2047 4587 2127 4640 sin
2146 4592 2321 4639 autem
2343 4592 2560 4652 propter
2579 4582 2767 4648 Deum,
2788 4596 2892 4635 non
2921 4581 3128 4635 itidem.
3151 4580 3482 4650 Quamquam
3501 4578 3635 4634 dixit

2049 4677 2292 4733 universe
2313 4716 2326 4737 ,
2358 4671 2635 4730 Caritatem
2656 4713 2671 4738 ,
2703 4687 2889 4726 rursus
2931 4681 3106 4726 tamen
3135 4673 3280 4726 venit
3309 4672 3374 4726 ad
3407 4670 3460 4726 id
3489 4671 3633 4742 quod

2048 4779 2130 4824 cst
2153 4769 2420 4838 singulare
2443 4785 2455 4819 :
2480 4775 2562 4821 est
2586 4766 2727 4820 enim
2752 4766 2910 4819 etiam
2938 4765 3283 4818 immoderata
3306 4766 3534 4819 caritas:
3556 4774 3634 4830 ut,

2049 4863 2262 4932 quando
2277 4860 2540 4931 quispiam
2565 4876 2629 4914 ex
2649 4859 2811 4912 multa
2835 4858 3054 4914 caritate
3073 4866 3274 4913 temere
3293 4867 3525 4920 accusat,
3545 4857 3636 4909 tle-

2052 4965 2352 5024 puguatque
2374 4963 2426 5008 et
2443 4961 2738 5006 aversatur.
2761 4949 2873 5004 Non
2896 4948 3044 5009 dicit.
3068 4948 3180 5003 Hoc
3205 4948 3326 5002 nolo
3347 4965 3362 5014 ;
3386 4947 3479 5001 sed
3501 4948 3636 5002 sicut

2053 5043 2196 5098 Deus
2222 5043 2497 5097 vobiscum
2542 5041 2666 5096 fecit
2710 5056 2891 5110 pacem
2920 5081 2934 5105 ,
2970 5040 3040 5093 ita
3075 5054 3168 5093 vos
3209 5053 3421 5108 quoque
3458 5037 3634 5090 facite.

2051 5133 2332 5201 Quomodo
2356 5132 2524 5188 fecit?
2549 5131 2680 5187 Cum
2713 5133 2824 5202 ipse
2857 5133 3140 5196 voluisset,
3170 5130 3308 5186 nulla
3340 5146 3398 5184 re
3426 5143 3454 5182 a
3485 5129 3638 5183 nobis

2053 5237 2290 5297 accepta.
2321 5226 2457 5294 Quid
2477 5235 2588 5290 est,
2612 5225 2728 5279 Pax
2747 5224 2844 5278 Dei
2866 5223 3076 5278 exsultet
3096 5224 3148 5276 in
3169 5221 3402 5276 cordibus
3422 5221 3597 5276 vestris
3614 5221 3641 5276 1

2054 5321 2110 5376 Si
2131 5329 2363 5391 pugnent
2381 5319 2498 5372 dine
2517 5319 2882 5388 cogitationes,
2906 5333 2971 5370 ne,
2989 5325 3190 5369 statuas
3207 5315 3335 5368 iram
3359 5329 3457 5367 nec
3474 5313 3640 5368 insul-

2058 5415 2312 5468 tationem
2344 5419 2611 5465 tenentem
2634 5409 2876 5464 bravium
2899 5419 2949 5461 et
2979 5407 3277 5477 prauuinm,
3299 5406 3392 5460 scd
3423 5420 3637 5474 pacem:

2056 5508 2284 5575 exempli
2309 5521 2488 5565 causa,
2517 5505 2586 5557 sit
2612 5501 2872 5571 quiSpiam
2902 5499 3095 5568 injuste
3120 5498 3339 5552 all'ectus
3360 5507 3643 5552 contume-

2059 5600 2128 5656 lia
2146 5614 2204 5655 :a
2225 5593 2542 5653 contumelia
2562 5601 2731 5647 enata:
2749 5600 2872 5646 sunt
2888 5590 3004 5646 dum
3021 5590 3390 5660 cogitationes,
3411 5605 3510 5643 una
3528 5591 3644 5660 qui-

2062 5693 2181 5748 dem
2222 5689 2417 5760 jubt-ns
2447 5684 2665 5754 ulcisci,
2698 5683 2862 5740 altera
2891 5697 3017 5738 vero
3046 5682 3270 5738 tolerare
3295 5698 3309 5750 ;
3340 5691 3392 5737 et
3422 5681 3558 5738 inter
3585 5698 3643 5738 se
