4064 6210
432 242 540 300 355

433 355 722 412 luctantur.
750 353 806 411 Si
832 353 1041 412 steterit
1072 369 1173 425 pax
1217 354 1312 411 Dei
1357 353 1632 424 przemium
1657 351 2008 422 distribuens,

435 447 528 502 dat
555 447 833 519 praemium
861 448 908 502 ei
940 463 1057 517 qua:
1079 445 1234 516 jubet
1259 445 1511 512 tolerare,
1539 453 1596 500 et
1618 444 1766 498 illum
1796 443 2008 514 pudore

433 538 620 592 afficit.
651 537 969 604 Quomodo?
999 537 1338 593 Persuadens
1365 536 1531 590 Deum
1562 550 1684 591 esse
1715 549 1922 605 pacem,
1951 543 2008 590 et

434 643 618 700 pacem
662 629 940 684 nobiscum
988 627 1199 683 fecisse.
1251 626 1366 682 Non
1409 627 1507 682 abs
1552 642 1612 682 re
1655 642 1756 682 nec
1810 636 2014 682 temere

436 720 669 774 ostendit
706 721 784 775 rei
813 735 1063 789 magnum
1095 734 1214 773 esse
1239 729 1535 774 certamen.
1565 717 1641 773 Ne
1671 718 1749 773 ira
1770 759 1785 784 ,
1820 718 2009 787 inquit,

435 811 710 879 prtemium
763 810 1068 875 distribuat,
1120 825 1227 864 non
1275 809 1567 875 contentio,
1613 824 1721 864 non
1771 821 1869 877 pax
1910 807 2012 862 hu-

435 918 591 958 mana
621 922 634 958 :
667 919 764 972 pax
797 904 936 958 enim
967 903 1195 957 humana
1229 902 1286 956 lit
1308 918 1374 956 ex
1399 917 1468 957 eo
1495 901 1636 972 quod
1664 917 1769 956 non
1791 901 2014 956 ulcisca-

437 1011 575 1062 ntur,
605 1011 670 1049 ex
699 1009 765 1050 eo
794 996 936 1066 quod
959 995 1091 1049 nihil
1116 1009 1281 1064 grave
1308 995 1590 1063 initiantur.
1619 993 1688 1047 At
1713 1007 1820 1047 non
1851 991 2011 1058 hanc,

433 1089 622 1160 inquit,
653 1089 776 1142 volo
796 1129 812 1156 ,
845 1088 938 1144 sed
972 1089 1116 1142 illam
1141 1101 1304 1157 quam
1350 1086 1596 1140 Christus
1623 1085 1860 1154 reliquit.
1886 1084 2014 1138 Sta-

430 1182 576 1240 dium
611 1183 752 1236 intus
779 1181 904 1238 fecit
937 1223 950 1245 ,
982 1182 1037 1236 in
1067 1180 1479 1250 cogitationibus
1503 1215 1518 1241 ,
1545 1186 1928 1246 certamenque
1956 1182 2012 1230 et

432 1274 638 1342 priemii
663 1272 1091 1326 distributorem.
1123 1270 1325 1325 Deinde
1351 1283 1536 1324 rursus
1555 1266 1868 1322 adhortatio
1898 1283 1911 1319 :
1941 1264 2010 1320 in

429 1379 528 1432 qua
549 1375 593 1416 ct
622 1364 783 1416 vocati
801 1363 961 1426 estis;
989 1363 1091 1415 hoc
1113 1370 1214 1425 est,
1243 1361 1468 1429 Propter
1483 1372 1642 1428 quam
1665 1357 1836 1412 vocati
1859 1355 2009 1411 estis.

431 1453 720 1507 Revocavit
747 1453 798 1506 in
845 1451 1156 1506 memoriam
1205 1465 1364 1520 quam
1413 1450 1698 1503 multorum
1747 1447 2009 1501 bonorqu

380 1575 387 1584 ι
429 1558 586 1598 causa
612 1543 681 1597 sit
711 1559 832 1612 pax.
862 1543 1088 1612 Propter
1112 1557 1230 1596 eam
1263 1550 1311 1596 te
1339 1541 1566 1605 vocavit,
1591 1540 1708 1609 ejus
1733 1552 1890 1593 causa
1913 1552 2011 1592 vo-

429 1638 604 1700 cavit,
635 1644 691 1690 ut
732 1634 836 1690 fide
864 1634 1086 1705 dignum
1113 1634 1395 1703 acciperes
1415 1632 1711 1702 praemium.
1740 1629 1872 1684 Nam
1913 1643 2012 1684 cur

429 1741 588 1779 unum
613 1724 736 1779 fecit
757 1723 993 1793 corpus?
1021 1738 1197 1776 nonne
1228 1732 1282 1775 ut
1307 1721 1419 1790 ipsa
1441 1721 1770 1775 dominatum
1797 1719 2010 1773 obtine-

426 1817 550 1870 ret?
599 1831 776 1869 nonne
804 1824 858 1868 ut
889 1814 941 1866 in
973 1828 1101 1883 pace
1145 1812 1372 1882 degeudi
1415 1812 1734 1867 haberemus
1771 1809 2010 1864 occasio-

425 1906 592 1961 nem?
639 1903 745 1959 Cur
793 1919 984 1959 omnes
1023 1917 1208 1958 sumus
1250 1918 1414 1958 unum
1461 1901 1698 1972 corpus?
1740 1899 2008 1971 quomodo

424 2008 601 2053 autem
645 2012 830 2052 smnus
873 2012 1034 2051 unum
1063 1994 1301 2064 corpus?
1349 1995 1573 2064 Propter
1620 2009 1802 2064 pacem
1845 2007 2007 2047 unum

423 2105 618 2160 corpus
644 2104 847 2155 sumus,
877 2099 932 2144 et
966 2097 1250 2159 promerea
1300 2086 1442 2157 quod
1467 2101 1649 2141 sumus
1689 2100 1851 2140 unum
1890 2099 2010 2139 cor—

423 2199 527 2253 pus
554 2223 570 2250 ,
601 2183 653 2238 iu
682 2197 811 2252 pace
837 2182 1063 2250 agimus.
1093 2181 1204 2235 Cur
1226 2189 1404 2234 autem
1437 2196 1542 2234 non
1567 2179 1701 2234 dixit
1725 2221 1740 2247 ,
1773 2179 1882 2235 Pax
1911 2178 2007 2234 Dei

425 2277 622 2340 vincat,
655 2273 770 2339 sed,
803 2273 1054 2338 Exsultat,
1084 2278 1195 2327 sive
1223 2273 1501 2342 praemium
1526 2272 1850 2327 distribuat?
1877 2272 2005 2326 Eam

423 2365 600 2422 effecit
644 2365 747 2419 fide
775 2365 1072 2434 digniorem
1103 2383 1118 2418 :
1147 2378 1254 2418 non
1300 2364 1425 2418 sivit
1454 2372 1512 2417 ut
1537 2377 1655 2418 cum
1685 2377 1750 2418 ea
1779 2363 2007 2418 luctare-

425 2467 510 2512 tur
533 2457 670 2510 mala
690 2457 961 2527 cogitatio,
985 2454 1079 2511 sed
1101 2465 1270 2510 staret
1292 2455 1536 2511 inferius.
1564 2457 1628 2511 Et
1645 2471 1840 2512 nomen
1870 2471 2006 2526 pra:-

424 2549 515 2604 mii
546 2549 798 2604 excitavit
825 2548 1145 2603 auditorem.
1189 2547 1324 2602 Nam
1373 2548 1418 2602 si
1461 2547 1673 2604 dederit
1720 2548 2002 2618 prauuium

422 2639 580 2695 bona:
609 2639 935 2710 cogitationi,
963 2649 1452 2710 quantumcumque
1479 2639 1591 2706 illa,
1620 2653 1813 2708 nempe
1841 2639 2000 2702 mala,

421 2737 492 2789 sit
509 2734 811 2804 impudens,
841 2732 980 2787 cide
1000 2741 1197 2788 cetero
1226 2732 1358 2786 nihil
1386 2731 1639 2801 proderit.
1665 2731 1877 2802 Alioqui
1903 2746 2004 2786 au-

425 2833 528 2878 tem
566 2823 742 2878 sciens
767 2823 876 2889 illa,
903 2822 1046 2894 quod
1071 2821 1326 2893 quidquid
1359 2822 1566 2888 fecerit,
1595 2822 1869 2891 praunitun
1897 2837 2003 2877 non

426 2917 496 2970 sit
543 2927 826 2984 acceptura
853 2955 869 2980 ,
899 2914 1152 2984 quidquid
1193 2915 1411 2982 Spirarit
1456 2924 1508 2968 et
1536 2914 1904 2969 vehementius
1931 2914 2006 2968 ir-

420 3022 580 3062 ruere
608 3020 856 3077 aggressa
878 3004 1059 3072 fuerit,
1090 3015 1150 3060 ut
1173 3021 1295 3076 quin
1323 3006 1583 3062 inutiliter
1604 3007 1827 3072 laboret,
1857 3006 2004 3062 desi-

422 3108 548 3155 stet.
584 3099 747 3155 liecte
788 3108 966 3154 autem
1007 3098 1250 3165 addidit,
1301 3097 1368 3154 Et
1394 3100 1532 3170 grati
1564 3108 1739 3154 estote.
1780 3099 1898 3156 Hoc
1921 3110 2006 3156 est

421 3193 565 3248 enim
595 3206 716 3247 esse
739 3202 972 3262 gratum,
999 3199 1054 3246 et
1078 3190 1146 3245 ad
1177 3190 1543 3246 incutiendum
1561 3190 1821 3262 pudorem
1847 3191 2004 3246 valde

420 3283 745 3353 appositum,
790 3293 848 3336 ut
888 3281 1162 3337 conservis
1191 3281 1442 3336 similiter
1479 3291 1692 3347 utatur,
1725 3282 1865 3336 sicut
1887 3283 2004 3351 ipso

423 3375 587 3439 Deus,
635 3373 854 3428 domino
893 3373 1071 3440 cedat,
1126 3382 1343 3442 pareat,
1376 3387 1474 3444 pro
1517 3372 1768 3428 omnibus
1803 3375 2004 3444 gratias

420 3473 562 3534 agat,
591 3478 686 3518 seu
723 3463 1050 3519 contumelia
1079 3463 1322 3518 alfeecrit
1352 3463 1638 3533 quispiam,
1670 3479 1765 3518 seu
1787 3479 2003 3534 percus-

421 3556 574 3611 serit.
621 3555 722 3622 Qui
750 3556 892 3610 enim
927 3556 1036 3610 Deo
1066 3554 1175 3625 agit
1213 3556 1411 3625 gratias
1440 3571 1535 3625 pro
1563 3556 1629 3610 iis
1655 3571 1776 3625 quae
1817 3569 2003 3624 passus

421 3660 524 3715 est,
557 3665 664 3704 non
682 3664 805 3704 eum
824 3648 913 3718 qui
943 3647 1066 3703 fecit
1093 3647 1379 3701 olciscctur
1403 3664 1419 3700 :
1451 3661 1573 3701 nam
1602 3645 1648 3700 is
1673 3646 1888 3716 quidem
1911 3647 2000 3715 qui

423 3740 718 3806 ulciscitur,
770 3755 875 3793 non
919 3739 1024 3806 agit
1055 3738 1272 3807 gratias.
1304 3737 1410 3792 Sed
1439 3753 1507 3792 ne
1542 3737 1710 3792 simus
1733 3738 1870 3792 sicut
1911 3736 2002 3792 ille

419 3830 511 3900 qui
557 3839 772 3884 centum
802 3829 1044 3898 exigebat
1081 3828 1351 3891 denarios,
1401 3842 1468 3882 ne
1495 3827 1774 3882 audiamus
1797 3865 1814 3893 ,
1847 3826 2002 3882 Serve

421 3937 634 3990 nequam
661 3919 874 3989 (Matth.
907 3920 993 3972 18.
1017 3918 1142 3988 52):
1174 3919 1274 3972 hoc
1294 3918 1436 3972 enim
1458 3918 1647 3988 ingrati
1672 3917 1837 3972 animi
1869 3919 2000 3971 vitio

424 4013 553 4068 nihil
581 4022 664 4068 est
709 4011 880 4083 pejus.
927 4011 1110 4081 Itaque
1155 4011 1344 4080 ingrati
1375 4020 1497 4066 sunt
1527 4011 1616 4080 qui
1650 4012 1997 4067 ulciscuntur.

422 4104 528 4158 Cur
553 4113 734 4158 autem
759 4102 903 4157 venit
928 4101 994 4156 ad
1013 4101 1414 4156 fornicationem
1446 4102 1670 4170 primam
1691 4104 1714 4155 ‘!
1734 4117 1857 4155 nam
1877 4116 2000 4156 cum

421 4193 678 4256 dixisset,
713 4191 1020 4262 Mortiﬁcate
1057 4192 1282 4246 membra
1335 4201 1497 4246 uestra
1532 4207 1648 4262 qua:
1687 4202 1801 4246 sunt
1844 4209 2002 4261 supra

423 4293 630 4348 terram,
663 4283 840 4338 statim
869 4282 1020 4349 dicit,
1046 4282 1460 4338 Foruicationem
1481 4299 1500 4339 .'
1525 4295 1580 4339 et
1608 4283 1709 4339 hoc
1733 4283 1847 4340 fere
1875 4283 2001 4340 facit

423 4374 636 4445 ubiqtte.
666 4374 928 4442 Quoniam
976 4374 1079 4430 hoc
1130 4375 1314 4430 vitium
1366 4377 1597 4431 maxime
1635 4377 1938 4433 dominatur
1983 4395 1997 4432 :

422 4466 664 4520 scribens
693 4467 836 4520 enim
881 4467 934 4520 in
965 4464 1198 4536 Epistola
1222 4466 1290 4520 ad
1317 4466 1824 4523 'l'hessalouieenscs
1849 4508 1868 4534 ,
1899 4467 2001 4522 hoc

423 4555 564 4610 fecit.
600 4555 666 4609 Et
709 4555 832 4625 quid
882 4555 1097 4622 mirum,
1129 4569 1250 4610 cum
1304 4557 1463 4611 etiam
1506 4556 1649 4611 dicat
1693 4557 1996 4626 Timotheo,

425 4644 660 4716 Teipsum
697 4657 892 4700 castum
941 4647 1136 4703 custodi
1185 4647 1261 4716 (l.
1308 4645 1443 4702 Tim.
1472 4647 1528 4703 5.
1559 4646 1684 4718 2'2);
1725 4659 1782 4704 et
1815 4664 1999 4704 rursus

419 4738 543 4792 alibi
573 4753 588 4793 :
618 4735 804 4790 Pacem
828 4738 1082 4792 sectamini
1123 4754 1242 4792 cum
1282 4739 1514 4793 omnibus
1553 4747 1600 4794 et
1639 4740 1999 4806 sanctiﬁcatio-

420 4846 556 4896 nem,
587 4831 695 4884 sine
720 4845 818 4898 qua
843 4831 1014 4885 nullus
1035 4830 1216 4884 uidebit
1246 4828 1522 4884 Dominum
1545 4829 1730 4903 (Hebr.
1762 4833 1848 4887 Η.
1880 4833 1994 4904 li).

422 4922 752 4991 Mortiﬁcate,
777 4922 968 4991 inquit,
996 4922 1216 4976 membra
1241 4931 1421 4977 uestra.
1446 4923 1597 4991 Quod
1624 4931 1708 4978 est
1727 4936 1995 4980 mortuum

418 5014 576 5083 quale
595 5013 666 5067 sit
696 5027 800 5066 non
831 5011 1107 5080 ignoratis,
1140 5027 1386 5078 exosum,
1415 5013 1854 5077 abominandum.
1885 5015 1992 5070 dif-

419 5107 616 5160 tluens.
656 5103 714 5160 Si
747 5101 1152 5158 mortificaveris
1178 5143 1193 5169 ,
1225 5119 1331 5160 non
1357 5115 1539 5161 manet
1576 5115 1862 5172 mortuum,
1897 5108 1990 5163 sed

419 5196 598 5251 statim
627 5194 991 5264 corrumpitur
1013 5202 1067 5249 et
1091 5194 1273 5251 interit
1300 5196 1440 5252 sicut
1463 5212 1676 5270 corpus.
1701 5198 1994 5270 Exstingue

419 5304 548 5359 ergo
599 5289 862 5352 calorem,
896 5296 950 5343 et
999 5287 1133 5343 nihil
1184 5299 1362 5344 manet
1406 5299 1694 5346 mortuum.
1749 5291 1995 5348 Ostendit

419 5382 591 5450 ipsum
621 5382 722 5434 hoc
748 5380 943 5444 facere,
964 5381 1105 5450 quod
1129 5379 1375 5437 Christus
1391 5383 1442 5438 in
1470 5383 1681 5440 lavacro
1707 5402 1720 5439 :
1743 5397 1992 5457 propter-

416 5488 480 5526 ea
523 5471 682 5526 etiam
720 5472 958 5526 membra
1003 5481 1155 5528 vocat
1187 5491 1200 5527 :
1233 5481 1500 5546 tamquam
1537 5475 1770 5547 aliquem
1823 5478 1993 5533 virum

419 5565 610 5618 fortem
639 5562 1004 5628 introducons,
1036 5573 1089 5619 et
1110 5564 1176 5619 ad
1195 5565 1448 5636 majorem
1480 5567 1751 5625 deducens
1768 5569 1994 5640 empha-

421 5655 546 5709 sim.
577 5653 644 5709 Et
672 5664 815 5710 recte
845 5655 997 5722 dixit,
1028 5655 1154 5723 Quae
1181 5668 1297 5712 sunt
1321 5676 1473 5730 super
1497 5669 1680 5714 terram
1701 5675 1722 5714 :
1743 5658 1827 5715 hic
1846 5661 1987 5716 enim

1207 242 1263 300 S.
1300 240 1576 299 JOANNIS
1607 240 2080 299 CIIRYSOSTOMI
2119 242 2434 302 ARCHIEP.
2474 243 2985 308 CONSTANTINOP

3243 167 3279 176 ..μ

3597 259 3700 318 336

2121 366 2358 422 manent,
2387 365 2439 411 et
2467 355 2554 412 hic
2591 357 2761 413 multo
2783 361 2950 431 magis
2984 374 3399 436 corrumpuntur
3445 376 3499 424 et
3529 367 3697 426 inter-

2118 455 2246 501 eunt
2270 487 2285 513 ,
2315 461 2472 516 quam
2520 447 2637 504 hinc
2674 452 2932 508 membra.
2976 453 3332 522 Quamobrem
3361 473 3466 514 non
3496 470 3578 516 est
3607 461 3686 518 sic

2117 551 2309 607 corpus
2335 553 2364 592 a
2409 548 2546 594 terra
2571 573 2587 608 ,
2614 542 2751 597 sicut
2775 555 3052 614 peccatum
3082 559 3165 602 est
3209 558 3463 607 terrestre
3515 569 3528 605 :
3572 567 3694 608 nam

2117 641 2312 706 corpus
2358 629 2644 701 aliquando
2684 634 2900 704 quidem
2944 636 3222 706 pulchrum
3275 643 3514 697 cernitur
3556 644 3692 699 :illa

2116 727 2293 774 autem
2335 735 2645 792 numquam.
2678 723 2744 778 Et
2770 726 2947 780 omnia
2991 742 3110 798 qua:
3137 739 3261 785 sunt
3305 746 3468 802 super
3495 741 3693 789 terram

2117 808 2502 879 concupiscunt
2533 809 2646 866 haec
2672 816 2934 870 membra.
2965 817 3019 872 Si
3054 818 3177 874 talis
3219 821 3287 875 sit
3326 823 3536 890 oculus,
3588 841 3692 881 non

2121 897 2266 954 videt
2291 916 2410 970 qum
2430 911 2556 957 sunt
2581 903 2634 958 in
2656 905 2820 970 caelis,
2842 908 2886 960 si
2899 909 3061 973 auris,
3092 910 3138 964 si
3168 926 3356 968 annos
3372 954 3386 979 ,
3408 915 3452 968 si
3469 917 3695 986 quodvis

2118 991 2418 1047 metabmm
2469 994 2689 1051 dixeris.
2739 995 2940 1054 Oculus
2985 999 3132 1057 videt
3183 1016 3429 1074 corpora,
3469 1016 3524 1060 et
3573 1009 3693 1076 pul-

2114 1083 2467 1156 chritudines,
2495 1098 2552 1144 et
2599 1089 2794 1160 liga-as
2821 1090 2920 1146 has
2963 1107 3086 1163 qua:
3133 1108 3262 1152 sunt
3298 1111 3364 1152 ex
3398 1107 3574 1163 terra;
3611 1100 3695 1157 his

2115 1173 2410 1230 delectatur
2439 1194 2454 1244 ;
2488 1180 2634 1235 auris
2669 1182 2816 1236 molli
2855 1192 3038 1249 metu,
3064 1185 3272 1241 cithara
3317 1197 3373 1242 et
3410 1189 3606 1246 ﬁstuia.
3637 1201 3696 1246 et

2118 1266 2252 1334 turpi
2282 1281 2530 1323 sermone
2565 1291 2577 1325 :
2611 1269 2727 1326 lnec
2752 1266 2929 1327 autem
2954 1282 3086 1329 sunt
3118 1276 3258 1332 circa
3285 1287 3502 1333 terram.
3535 1280 3695 1336 Post-

2114 1372 2273 1426 quam
2325 1375 2452 1430 ergo
2504 1364 2750 1431 superius
2777 1379 2874 1420 eos
2915 1367 3192 1423 collocarit
3217 1370 3367 1439 juxta
3396 1371 3644 1428 throumn
3672 1418 3690 1442 ,

2117 1454 2239 1502 tunc
2261 1447 2412 1517 dicit,
2446 1450 2754 1522 Mortiﬁcate
2789 1459 3014 1523 membra
3046 1470 3209 1514 uestra
3237 1477 3349 1532 quat:
3381 1473 3498 1517 sunt
3541 1482 3697 1537 super

2115 1547 2319 1593 terram.
2351 1539 2468 1596 Non
2499 1543 2622 1598 licet
2645 1554 2789 1600 stare
2817 1549 3060 1617 superius
3105 1567 3231 1606 cum
3270 1552 3354 1608 his
3392 1556 3648 1612 membris
3675 1575 3689 1612 :

2114 1641 2219 1683 non
2249 1639 2330 1684 est
2358 1632 2501 1686 enim
2529 1633 2637 1689 illic
2662 1636 2716 1690 in
2744 1638 2882 1707 quod
2912 1653 2975 1694 ea
3001 1645 3208 1712 operari
3237 1655 3466 1714 oportet.
3497 1647 3561 1702 Et
3588 1649 3693 1705 hoc

2114 1720 2282 1776 lutum
2309 1732 2393 1778 est
2421 1725 2514 1780 illo
2545 1727 2694 1796 pejus
2721 1747 2734 1782 :
2765 1746 2887 1786 nam
2920 1733 3048 1788 illud
3071 1736 3281 1803 quidem
3313 1738 3479 1793 lutqu
3510 1740 3563 1794 fit
3598 1757 3694 1796 au-

2112 1829 2270 1881 rum;
2307 1813 2516 1884 Oportet
2559 1820 2692 1873 enim
2716 1861 2730 1885 ,
2760 1822 2968 1893 inquit,
3003 1827 3325 1894 corruptibile
3365 1830 3460 1884 hoc
3486 1832 3695 1888 induere

2113 1905 2542 1979 incorruptionem
2569 1913 2647 1981 (1.
2675 1916 2798 1968 Cor.
2842 1915 2930 1971 15.
2963 1917 3054 1989 55)
3097 1933 3110 1971 :
3155 1919 3259 1976 hoc
3303 1933 3480 1978 autem
3521 1924 3689 1980 lutum

2112 2012 2218 2052 non
2246 2009 2421 2069 potest
2449 2018 2633 2058 rursus
2656 2003 2800 2060 fundi
2823 2017 2876 2062 et
2901 2009 3141 2064 conflari.
3175 2013 3530 2079 Quamobrem
3572 2019 3688 2073 haec

2111 2091 2281 2161 magis
2325 2103 2452 2147 sunt
2481 2109 2640 2164 supra
2671 2105 2864 2150 terram
2887 2139 2902 2164 ,
2930 2115 3088 2168 quam
3118 2101 3224 2155 illa.
3262 2103 3550 2174 Propterea
3584 2124 3692 2162 non

2111 2179 2241 2234 dixit
2267 2220 2284 2248 ,
2311 2181 2440 2249 Quae
2471 2193 2596 2239 sunt
2623 2201 2653 2241 e
2684 2196 2846 2253 terra,
2897 2189 2991 2244 sed
3011 2231 3026 2257 ,
3083 2191 3212 2258 Qui:
3255 2210 3412 2264 supra
3456 2205 3642 2252 terram
3674 2215 3692 2252 :

2111 2270 2224 2326 fieri
2268 2274 2411 2328 enim
2440 2283 2614 2344 potest
2643 2286 2702 2331 ut
2740 2278 2856 2333 hrec
2883 2295 2986 2334 non
3032 2283 3139 2337 sint
3166 2293 3382 2340 eterra.
3415 2285 3545 2342 Nam
3577 2288 3694 2344 lucc

2109 2361 2324 2430 quidem
2344 2378 2566 2420 necesse
2585 2377 2665 2420 cst
2692 2382 2814 2424 esse
2837 2384 2997 2440 super
3015 2385 3246 2437 terram;
3279 2376 3361 2430 illa
3385 2387 3561 2433 autem
3591 2396 3690 2434 ne-

2109 2468 2371 2524 quaquam
2402 2465 2486 2511 est
2513 2473 2754 2515 necesse.
2795 2461 2926 2516 Nam
2958 2466 3104 2520 auris
3145 2468 3359 2536 quidem
3389 2486 3511 2524 cum
3559 2472 3690 2527 nihil

2109 2545 2256 2599 audit
2282 2561 2348 2602 ex
2378 2547 2444 2602 iis
2469 2565 2586 2618 quae
2619 2552 2703 2606 hic
2724 2551 2995 2621 dicuntur,
3027 2557 3121 2611 sed
3152 2573 3219 2613 ex
3248 2561 3311 2615 iis
3335 2577 3456 2632 qua:
3485 2575 3608 2618 sunt
3639 2568 3691 2620 in

2108 2637 2289 2705 aulis;
2317 2641 2530 2709 quando
2549 2643 2736 2700 oculus
2765 2646 2896 2704 nihil
2927 2648 3068 2702 videt
3093 2663 3160 2704 ex
3192 2652 3256 2705 iis
3283 2667 3400 2721 qua:
3427 2666 3550 2708 sunt
3579 2655 3690 2722 hic,

2108 2728 2202 2783 sed
2232 2746 2350 2800 qua:
2379 2749 2562 2804 supra,
2586 2752 2691 2791 non
2709 2747 2792 2792 est
2815 2753 2977 2808 super
2999 2751 3224 2808 terram;
3245 2746 3455 2814 quando
3478 2761 3538 2802 os
3555 2749 3693 2803 nihil

2109 2819 2345 2890 loquitur
2368 2840 2434 2879 ex
2465 2827 2533 2882 iis
2575 2843 2694 2897 qua:
2722 2830 2810 2886 hic
2836 2841 2983 2898 sunt,
3018 2849 3122 2888 non
3149 2846 3230 2889 est
3261 2851 3422 2906 super
3455 2849 3687 2894 terram:

2107 2916 2322 2984 quando
2348 2933 2536 2975 manus
2561 2921 2691 2975 nihil
2718 2923 2902 2978 fecerit
2927 2941 2992 2979 ex
3024 2926 3087 2980 iis
3107 2942 3225 2998 quae
3241 2937 3366 2983 sunt
3390 2931 3548 2997 mala,
3579 2947 3688 2986 non

2107 3017 2278 3062 estex
2311 3008 2376 3063 iis
2401 3023 2520 3078 qua:
2547 3021 2672 3068 sunt
2691 3027 2851 3084 supra
2880 3023 3099 3084 terram,
3131 3017 3225 3073 sed
3251 3033 3317 3074 ex
3343 3019 3405 3075 iis
3425 3036 3544 3092 qute
3563 3031 3692 3078 sunt

2105 3095 2158 3150 iu
2189 3098 2354 3153 caelis.
3427 3104 3430 3108 ’

2178 3191 2233 3244 4.
2262 3191 2375 3246 Hoc
2400 3192 2560 3247 etiam
2586 3193 2717 3251 dicit
2759 3194 3004 3252 Christus
3034 3215 3050 3253 ί
3084 3199 3146 3255 Si
3166 3203 3343 3256 oculus
3375 3213 3488 3259 tuus
3516 3204 3692 3261 dexter

2107 3290 2156 3334 te
2189 3284 2519 3351 scandalizet,
2563 3287 2616 3341 id
2654 3297 2758 3355 est,
2803 3289 2851 3344 si
2893 3292 3088 3361 aSpicis
3135 3293 3422 3364 impudice,
3453 3300 3691 3354 exscinde

2104 3391 2220 3428 eum
2254 3375 2464 3445 (Matth.
2518 3379 2573 3434 5.
2603 3380 2735 3450 29);
2770 3381 2874 3436 hoc
2913 3397 3013 3450 εει,
3046 3387 3242 3441 malam
3282 3390 3684 3459 cogitationem.

2107 3464 2234 3518 Mihi
2260 3475 2438 3522 autem
2469 3469 2681 3524 videtur
2715 3472 3142 3541 fornicationem,
3174 3479 3585 3545 immunditiam,
3624 3483 3689 3536 li-

2107 3555 2378 3625 bidinem,
2439 3563 2952 3631 concupiscentiam,
3010 3567 3314 3637 significare
3368 3570 3685 3628 fornicatio-

2107 3661 2252 3714 nem,
2285 3665 2378 3718 per
2425 3649 2539 3705 haec
2588 3654 2763 3707 omnia
2806 3670 2904 3710 nos
2951 3657 3019 3710 ab
3065 3672 3125 3712 ea
3173 3674 3232 3714 re
3282 3660 3574 3718 abducens.
3630 3665 3686 3720 ltl

2105 3741 2248 3795 enim
2277 3751 2359 3796 est
2389 3757 2572 3799 revera
2617 3746 2776 3799 animi
2823 3749 3072 3814 morbus;
3115 3761 3169 3803 et
3198 3751 3334 3806 sicut
3363 3768 3557 3824 corpus
3588 3771 3684 3826 pa-

2109 3830 2273 3898 titur,
2329 3843 2422 3887 aut
2476 3834 2606 3889 febri
2659 3835 2902 3901 laborat,
2932 3849 3025 3893 aut
3080 3841 3390 3898 vulneratur
3431 3863 3446 3899 :
3481 3847 3552 3901 ita
3601 3847 3688 3902 hic

2106 3936 2319 3992 quoque
2339 3923 2579 3979 allectus.
2606 3926 2673 3981 Et
2695 3944 2800 3982 non
2823 3928 2975 3995 dixit,
3006 3931 3320 4001 lteprimite,
3349 3935 3465 4000 sed,
3499 3935 3685 3990 Morti-

2107 4013 2274 4080 ficate,
2301 4026 2356 4068 ιιι
2381 4016 2448 4070 de
2473 4025 2670 4071 czetero
2697 4033 2800 4072 non
2828 4022 2994 4089 possit
3035 4037 3314 4094 resurgere
3336 4066 3350 4091 ,
3375 4036 3429 4080 et
3455 4025 3684 4084 auferte.

2106 4102 2368 4158 Mortttmn
2390 4105 2716 4162 auferimus:
2748 4110 2911 4174 velut,
2954 4113 3002 4167 si
3027 4115 3147 4168 calli
3189 4115 3297 4170 sint
3337 4118 3645 4190 incorpore
3668 4163 3684 4185 ,

2107 4209 2301 4266 corpus
2326 4206 2412 4252 est
2439 4209 2725 4266 mortuum,
2754 4213 2808 4257 et
2831 4203 2880 4258 id
2905 4205 3222 4262 auferimus.
3267 4209 3374 4264 Sed
3418 4211 3462 4265 si
3508 4214 3684 4267 vivum

2107 4290 2342 4343 secueris
2364 4329 2380 4353 ,
2404 4289 2558 4345 affert
2581 4292 2819 4347 dolorem
2847 4311 2863 4359 ;
2895 4296 2976 4350 sin
3003 4306 3180 4352 autem
3209 4311 3382 4356 morte
3407 4301 3680 4371 allectum,

2109 4392 2175 4432 ne
2194 4380 2455 4434 sentimus
2483 4382 2716 4450 quidem.
2747 4384 2822 4438 lta
2865 4387 3026 4441 etiam
3055 4390 3107 4442 in
3135 4390 3297 4444 animi
3319 4390 3598 4450 affectibus
3630 4405 3688 4450 et

2108 4469 2309 4546 morbis
2334 4485 2349 4534 ;
2377 4485 2437 4524 ea
2467 4472 2697 4526 animam
2725 4473 2964 4530 efficiunt
3004 4480 3297 4548 patibilem.
3323 4497 3442 4553 qua“:
3473 4493 3558 4539 est
3583 4485 3681 4539 im-

2106 4559 2369 4613 mortalis.
2401 4560 2682 4626 Quomodo
2726 4564 3027 4621 idololatria
3056 4570 3195 4623 dicta
3225 4573 3296 4626 sit
3324 4575 3547 4629 avaritia
3577 4589 3683 4629 sa:-

2108 4652 2226 4722 pius
2249 4651 2500 4708 diximus.
2528 4653 2657 4721 Quae
2686 4657 2828 4711 enim
2852 4659 2902 4712 in
2933 4659 3221 4716 humanum
3249 4679 3414 4735 genus
3445 4669 3687 4736 tyranni-

2105 4741 2228 4797 dem
2257 4742 2495 4798 maxime
2519 4755 2770 4801 exercent
2795 4787 2809 4812 ,
2839 4748 2950 4803 hac
2976 4763 3120 4819 sunt,
3153 4757 3373 4810 avaritia
3409 4770 3463 4812 et
3488 4758 3690 4815 intem-

2107 4836 2343 4903 perantia
2365 4845 2418 4890 et
2441 4839 2866 4908 concupiscentia
2896 4843 3056 4898 ntala.
3085 4843 3304 4916 Propter
3318 4863 3432 4916 qua
3454 4853 3580 4904 venit
3608 4853 3690 4904 ira

2107 4923 2202 4979 Dei
2218 4941 2370 4996 super
2383 4929 2518 4996 ﬁlios
2539 4930 3095 4990 inobcdiwtic.‘Filios
3121 4937 3254 4994 dicit
3283 4941 3684 5008 inobedientiic,

2104 5033 2199 5073 eos
2226 5022 2443 5089 privans
2468 5023 2642 5085 venia,
2669 5034 2724 5078 et
2749 5027 3036 5082 ostendens
3063 5043 3157 5084 eos
3184 5031 3234 5085 in
3263 5031 3346 5088 his
3366 5049 3506 5101 esse,
3539 5038 3687 5106 quod

2106 5126 2211 5168 non
2243 5114 2534 5182 paruerint.
2564 5111 2631 5167 lu
2651 5117 2848 5182 quibus,
2874 5118 3062 5189 inquit,
3087 5131 3133 5175 et
3155 5138 3238 5177 eos
3258 5124 3553 5180 ambulastis
3580 5129 3688 5180 ali.

2103 5203 2327 5272 quando,
2355 5213 2404 5257 et
2429 5207 2659 5273 persuasi
2685 5210 2824 5260 estis.
2855 5209 3102 5266 Ostendit
3142 5229 3234 5268 eos
3261 5215 3436 5270 adhuc
3462 5230 3584 5271 esse
3631 5219 3686 5272 in

2103 5295 2168 5350 iis
2191 5333 2209 5360 ,
2234 5304 2289 5351 et
2314 5295 2530 5359 laudat,
2560 5296 2744 5352 dicens
2775 5315 2788 5352 :
2822 5297 2975 5354 Nunc
3019 5316 3187 5356 autem
3221 5305 3475 5374 deponitis
3499 5318 3546 5361 et
3593 5323 3684 5362 eos

2103 5387 2294 5454 omnia,
2323 5389 2475 5454 iratn,
2501 5389 2900 5460 indignationem
2922 5434 2937 5455 ,
2970 5396 3239 5462 malitiam,
3270 5396 3637 5470 blasphemiam
3663 5441 3678 5466 ,

2101 5487 2298 5547 turpem
2324 5494 2620 5533 sermonem.
2649 5479 2764 5535 Non
2790 5488 2854 5536 ad
2882 5484 3026 5554 illos,
3055 5487 3152 5541 sed
3181 5488 3480 5545 orationem
3507 5489 3680 5546 dedu-

2101 5569 2177 5625 cit
2201 5567 2269 5622 ad
2310 5568 2445 5622 alios
2467 5609 2484 5636 ,
2516 5585 2582 5624 nc
2613 5569 2788 5627 feriat.
2823 5573 3190 5647 lﬂasphemias
3219 5578 3351 5635 dicit
3391 5580 3680 5637 maledicta

2104 5672 2157 5718 et
2182 5663 2458 5730 courtcia;
2488 5663 2624 5719 sicut
2667 5665 2797 5722 iram
2841 5669 2967 5724 dicit
3013 5673 3286 5728 malitiam.
3332 5674 3472 5731 Alibi
3501 5686 3686 5733 autem
