4072 6206
389 194 492 249 357

394 305 770 376 βλασφημίαν,
819 301 945 366 τοὺς
992 301 1340 372 ὀφθαλμοὺς,
1393 298 1489 369 τὴν
1549 298 1823 369 πορνείαν,
1860 298 1961 369 τὴν

391 393 724 457 πλεονεξίαν,
753 393 938 462 χεῖρας
987 390 1080 442 καὶ
1131 387 1315 449 πόδας,
1344 385 1559 454 ψεῦδος,
1597 385 1694 455 τὴν
1727 385 1963 438 διάνοιαν

391 482 582 550 αὐτὴν,
615 482 710 533 καὶ
736 479 826 531 τὸν
855 477 978 531 νοῦν
1007 477 1098 528 τὸν
1130 475 1376 528 παλαιόν.
1416 473 1562 525 Μίαν
1599 471 1712 542 ἔχει
1754 470 1965 542 μορφὴν

394 567 674 638 βασιλικὴν
717 565 815 636 τὴν
865 563 957 616 τοῦ
1005 557 1540 634 Χριστοῦ.--Δοκοῦσί
1576 575 1664 628 μοι
1699 558 1756 624 ἐξ
1797 557 1965 610 ἐθνῶν

392 651 528 707 εἶναι
559 653 758 722 μᾶλλον
785 647 948 712 οῦτοι,
968 651 1103 720 πρὸς
1119 648 1213 710 οὒς
1245 647 1337 700 καὶ
1367 645 1731 706 ἀποτείνεται,
1753 645 1968 708 δεικνὺς

392 742 474 792 ὅτι
512 739 640 808 μίαν
672 738 783 807 ἔχει
820 736 1029 806 μορφὴν
1067 735 1350 804 βασιλικὴν
1381 732 1448 784 τά
1489 732 1644 802 μέλη,
1673 733 1773 784 κάν
1797 734 1826 784 ό
1870 731 1968 803 μὲν

397 821 676 898 μείζων
708 827 735 877 6
763 825 818 876 δέ
861 824 1114 875 ἐλάττων.
1147 821 1410 891 Καθάπερ
1435 819 1544 893 γὰρ
1577 822 1609 890 ἡ
1643 820 1712 889 γῆ
1743 819 1968 890 ψάμμος

388 909 450 964 οὗ
461 931 525 964 σα
557 913 652 982 τὴν
675 911 880 964 οἰκείαν
904 910 1177 962 ἀπολλῦσα
1199 909 1461 978 πρότερον
1484 907 1716 978 μορφὴν,
1746 906 1869 958 ύστε
1879 922 1968 977 ρον

391 1002 567 1070 χρυσῆ
612 1000 851 1066 γίνεταιο
915 999 1008 1051 καὶ
1065 997 1314 1065 καθάπερ
1357 997 1426 1048 τά
1482 995 1622 1065 ἔρια,
1674 988 1760 1046 οἷα
1809 993 1874 1046 ἂν
1907 988 1962 1066 ᾖν

391 1088 580 1156 ὲτέραν
601 1087 807 1156 δέχεται
833 1083 973 1152 ὀψιν,
995 1081 1146 1154 [5861
1175 1083 1268 1134 καί.
1287 1081 1382 1150 τὴν
1405 1081 1676 1151 προτέραν
1701 1079 1963 1149 ἔκρυψεν·

390 1173 532 1225 οὓτω
553 1173 616 1242 δὴ
640 1171 732 1223 καὶ
753 1173 781 1222 6
800 1171 1006 1232 πιστός.
1044 1170 1431 1237 Ἀνεχόμενοι,
1457 1169 1640 1238 φησὶν,
1657 1167 1964 1234 ἀλλήλων.

397 1259 603 1324 Ἐδειξε
654 1259 713 1309 τὸ
755 1256 993 1310 δίκαιον·
1022 1256 1212 1324 ἀνέχου
1253 1256 1316 1308 σὺ
1356 1255 1583 1318 ἐκείνου,
1619 1254 1713 1306 καὶ
1764 1253 1968 1316 ἐκεῖνός

395 1363 516 1398 σου-
551 1346 685 1414 ὅπερ
717 1344 774 1395 ἐν
801 1345 866 1413 τῇ
901 1342 1037 1412 πρὸς
1059 1341 1303 1404 Γαλάτας
1332 1341 1516 1410 φησὶν,
1561 1340 1866 1405 Ἀλλήλων
1898 1339 1970 1392 τὰ

386 1431 547 1500 βάρη
575 1429 922 1496 βαστάζετε.
963 1429 1070 1482 Καὶ
1109 1427 1476 1495 εὐχάριστοι,
1517 1427 1666 1496 φησὶ,
1707 1428 1964 1499 γίνεσθε.

395 1519 642 1571 Μάλιστα
684 1516 780 1586 μὲν
827 1515 1103 1584 πανταχοῦ
1139 1515 1297 1567 τοῦτο
1342 1513 1528 1583 ζητεῖο
1571 1512 1633 1565 τὸ
1677 1512 1969 1581 κεφάλαιον

393 1605 500 1658 τῶν
530 1603 746 1672 ἀγαθῶν
779 1603 888 1674 γὰρ
915 1603 1070 1656 τοῦτό
1098 1605 1265 1655 ἐστιν.

469 1783 528 1829 ε’.
553 1775 975 1846 Εὑχαριστῶμεν
1003 1775 1179 1827 τοίνυν
1195 1776 1250 1827 ἐν
1277 1777 1460 1838 πᾶσιν,
1480 1775 1611 1846 ὅπερ
1639 1774 1703 1826 ἂν
1724 1760 1965 1843 γένηταὶ⁶

394 1865 551 1918 τοῦτο
572 1865 679 1934 γὰρ
727 1863 1066 1934 εὐχαριστία.
1101 1863 1172 1915 Τὸ
1206 1863 1303 1932 μὲν
1355 1861 1463 1932 γάρ
1497 1863 1554 1913 ἐν
1589 1864 1658 1930 τῇ
1695 1862 1971 1932 εὐπραγίᾳ

396 1951 553 2005 τοῦτο
581 1954 772 2016 ποιεῖν,
805 1952 864 2002 ού
903 1951 1075 2020 μέγα·
1120 1949 1256 2018 αύτὴ
1295 1948 1402 2018 γάρ
1431 1947 1536 2000 τῶν
1569 1949 1908 2017 πραγμάτων
1935 1951 1966 2020 ἡ

400 2040 558 2110 φύσις
590 2037 860 2090 ἐπὶτοῦτο
887 2036 1044 2088 ὠθεῖ·
1073 2037 1202 2088 ὅταν
1231 2035 1286 2087 δὲ
1326 2037 1382 2086 ἐν
1418 2038 1525 2094 τοῖς
1550 2035 1796 2103 ἐσχάτοις
1822 2036 1971 2098 ὅντες

398 2125 829 2197 εὐχαριστῶμεν,
863 2123 982 2174 τότε
1023 2123 1138 2173 ἐστὶ
1173 2121 1504 2189 θαυμαστόν.
1543 2123 1710 2173 Ὅταν
1746 2123 1853 2191 γάρ
1887 2121 1969 2188 ἐφ’

397 2210 479 2276 οἷς
509 2213 684 2281 ἕτεροι
737 2208 1116 2279 βλασφημοῦσι
1153 2209 1244 2260 καὶ
1296 2208 1780 2272 ἀποδυσπετοῦσιν,
1812 2212 1971 2280 ἡμεῖς

399 2296 828 2367 εὖχαριστῶμεν,
853 2295 956 2365 ὅρα
1009 2295 1150 2364 πόση
1203 2296 1235 2364 η
1265 2294 1572 2362 φιλοσοφία.
1603 2295 1845 2363 Πρῶτον,
1880 2295 1972 2349 τὸν

397 2385 529 2437 Θεὸν
554 2382 862 2454 ηύφρανας’
889 2380 1164 2452 δεύτερον,
1194 2381 1283 2434 τὸν
1311 2381 1554 2434 διάϐολον
1592 2382 1933 2453 κατῄσχυνας
1953 2399 1968 2414 ο

397 2471 599 2540 τρίτον,
623 2469 718 2521 καὶ
756 2468 817 2521 τὸ
844 2469 1133 2537 γενόμενον
1169 2467 1319 2520 οὐδὲν
1343 2469 1628 2538 ἀπέφηνας
1647 2487 1658 2497 ·
1687 2469 1821 2539 ὁμοῦ
1861 2470 1969 2540 γὰρ

401 2560 464 2612 σύ
492 2576 549 2612 τε
575 2560 935 2628 εὐχαριστεῖς,
978 2559 1070 2610 καὶ
1100 2559 1128 2610 6
1159 2557 1290 2618 Θεὸς
1322 2557 1418 2628 τὴν
1448 2557 1642 2627 ὀδύνην
1675 2559 1974 2629 ὑποτέμνε-

397 2666 508 2711 ται,
559 2648 653 2699 καὶ
681 2647 710 2697 ὁ
758 2645 1001 2707 διάὀολος
1031 2645 1344 2714 ἀφίσταται.
1394 2648 1490 2699 Ἂν
1525 2647 1625 2718 μὲν
1667 2647 1775 2718 γὰρ
1835 2649 1970 2700 ἀπο-

397 2734 761 2802 δυσπετήσῃς,
788 2732 881 2784 ἀτε
905 2731 1108 2794 ἀνύσας
1129 2733 1264 2802 ὅπερ
1280 2733 1490 2803 ἢθελεν,
1515 2735 1805 2805 ἐφέστηκε,
1832 2736 1923 2787 καὶ
1945 2737 1972 2788 6

398 2821 527 2883 Θεὸς
569 2820 664 2873 ἆτε
699 2819 1130 2889 βλασφημηθεὶς,
1166 2821 1657 2890 ἐγκαταλιμπάνει,
1709 2822 1801 2873 καὶ
1850 2823 1972 2874 ἐπι-

396 2910 630 2962 τείνεται
676 2909 738 2962 τὸ
769 2909 972 2962 δεινόν·
1003 2908 1098 2960 ἐὰν
1123 2909 1180 2961 δὲ
1219 2910 1637 2981 εύχαριστήσῃς,
1674 2910 1769 2962 ἅτε
1808 2911 1971 2980 μηδὲν

396 2996 638 3065 ὠφελῶν,
659 2995 972 3064 ἀφίσταται,
1004 2996 1098 3048 καὶ
1114 2997 1141 3048 6
1157 2994 1288 3057 Θεὸς
1309 2997 1401 3048 ἀτε
1427 2997 1700 3066 τιμηθεὶς,
1717 2999 1970 3067 ἀντιτιμᾷ

401 3083 689 3154 μειζόνως·
733 3084 827 3135 καὶ
871 3084 971 3136 οὑκ
1014 3084 1159 3134 ἔστιν
1207 3082 1492 3149 ἄνθρωπον
1545 3085 1971 3155 εὐχαριστοῦντα

397 3173 489 3222 ἐπὶ
516 3172 626 3231 τοῖς
672 3171 859 3231 κακοῖς
906 3169 1184 3222 αἰσθέσθαι
1238 3169 1344 3221 τῶν
1398 3169 1602 3223 κακῶν.
1634 3171 1825 3241 Χαίρει
1865 3172 1972 3240 γάρ

396 3259 429 3328 ὴ
475 3255 620 3325 ψυχὴ
666 3257 760 3308 ἀτε
809 3254 1188 3326 κατορθοῦσα,
1229 3255 1430 3318 εὐθέως
1483 3257 1703 3327 φαιδρὸν
1757 3257 1870 3327 ἔχει
1913 3259 1973 3311 τὸ

400 3342 655 3405 συνειδὸς,
682 3341 938 3410 γάννυται
969 3344 1077 3405 τοῖς
1100 3342 1394 3411 ἐγκωμίοις
1417 3345 1530 3404 τοῖς
1555 3344 1778 3413 ἑαυτῆς·
1798 3343 1894 3414 τὴν
1916 3343 1971 3396 δὲ

400 3429 628 3499 φαιδρὰν
656 3429 753 3481 ούκ
787 3428 865 3481 ἔνι
896 3429 1224 3500 σκυθρωπὴν
1255 3425 1413 3484 εἶναι.
1457 3431 1606 3485 Ἐκεῖ
1635 3431 1690 3484 δὲ
1715 3431 1852 3500 μετά
1876 3433 1971 3502 τῆς

401 3518 684 3588 συμφορᾶς
740 3517 833 3569 καὶ
867 3516 927 3568 τὸ
973 3516 1210 3580 συνειδὸς
1259 3518 1532 3571 ἐπίκειται
1570 3520 1856 3588 μαστίζον·
1890 3521 1975 3572 ἐν·

398 3603 573 3656 ταῦθα
599 3604 655 3656 δὲ
683 3607 939 3672 στεφανοῖ
963 3605 1054 3656 καὶ
1087 3604 1471 3674 ἀνακηρύττει.
1490 3605 1652 3658 Ούδέν
1677 3607 1773 3676 τῆς
1799 3605 1970 3674 γλώτ-

397 3707 497 3760 της
519 3691 729 3758 ἐκείνης
757 3689 1050 3760 ἀγιώτερον
1078 3690 1175 3758 τῆς
1203 3692 1258 3744 ἐν
1282 3695 1388 3754 τοῖς
1413 3695 1598 3754 κακοῖς
1627 3694 1974 3763 εὐχαριστού-

402 3793 501 3844 σης
521 3775 598 3843 τῷ
627 3775 772 3843 Θεῷ·
797 3776 961 3837 όντως
992 3777 1089 3844 τῆς
1109 3775 1216 3826 τῶν
1249 3777 1540 3846 μαρτύρων
1575 3779 1724 3830 οὐδὲν
1749 3778 1935 3831 ἀποδεῖ
1955 3797 1968 3810 ·

397 3859 597 3929 ὁμοίως
647 3861 738 3912 καὶ
766 3859 926 3928 αῦτη,
977 3861 1228 3922 κάκεῖνος
1259 3873 1284 3899 ι
1318 3863 1694 3930 στεφανοῦται.
1721 3866 1829 3916 Καὶ
1866 3869 1973 3936 γάρ

401 3946 695 4017 καὶταύτῃ
734 3945 1000 4014 ἐφέστηκε
1033 3944 1226 4014 δήμιος
1270 3947 1591 4014 ἀναγκάζων
1637 3950 1972 4019 ἀρνήσασθαι

399 4034 490 4086 τὸν
519 4033 647 4086 Θεὸν
675 4032 765 4084 διὰ
811 4031 908 4102 τῆς
955 4031 1318 4100 βλασφημίας,
1352 4034 1650 4103 ἐφέστηκεν
1676 4039 1703 4088 6
1732 4037 1972 4102 διάϐολος

399 4120 609 4190 δημίοις
641 4120 915 4189 λογισμοῖς
947 4118 1306 4183 καταξαίνων,
1335 4121 1592 4191 ἀθυμίαις
1626 4124 1847 4178 σκοτῶν.
1877 4127 1971 4177 Ἂν

397 4208 576 4262 τοίνυν
607 4209 805 4280 ἐνέγκῃ
839 4208 935 4271 τὰς
976 4208 1273 4276 ἀλγηδόνας
1315 4226 1418 4273 τις,
1450 4211 1545 4261 καὶ
1581 4211 1969 4286 εὐχαριστήσῃ,

404 4295 703 4365 μαρτυρίου
750 4295 1010 4362 στέφανον
1061 4295 1270 4365 ἔλαχεν.
1301 4291 1447 4357 Οίον,
1479 4298 1537 4350 τὸ
1569 4299 1781 4352 παιδίον
1807 4303 1968 4364 νοσεῖ,

402 4383 495 4436 καὶ
539 4383 848 4452 εὐχαριστεί
901 4381 980 4450 τῷ
1014 4381 1159 4451 Θεῷ’
1193 4384 1351 4436 τοῦτο
1381 4385 1514 4456 αὐτῇ
1554 4388 1833 4455 στέφανος.
1868 4389 1971 4440 [16-

403 4486 502 4538 σης
538 4468 770 4538 βασάνου
809 4468 870 4521 ού
899 4468 1100 4539 χείρων
1133 4469 1164 4538 ή
1192 4469 1434 4538 ἀθυμίας
1461 4471 1576 4524 ἀλλ’
1603 4473 1702 4525 ούκ
1734 4475 1973 4541 ἀναγκά-

400 4555 482 4618 ζει
507 4557 658 4626 ῥῆμα
687 4554 933 4609 ἐκϐαλεῖν
958 4557 1173 4627 πικρόν.
1206 4557 1589 4628 Ἀποθνήσκει⁹
1611 4560 1772 4612 πάλιν
1802 4562 1968 4632 ηὐχα-

401 4642 655 4714 ρίστησε;
693 4643 886 4710 Γέγονε
921 4643 1168 4714 θυγάτηρ
1223 4645 1318 4698 τοῦ
1356 4646 1623 4717 Ἀϐραάμ.
1657 4647 1718 4700 Εἰ
1755 4648 1862 4718 γὰρ
1897 4651 1971 4720 μὴ

397 4734 464 4798 τῇ
497 4730 602 4800 ίδίᾳ
635 4729 834 4798 ἔσφαξε
886 4731 1050 4802 χειρὶ,
1083 4732 1193 4784 ἀλλ’
1223 4734 1313 4785 ἐπὶ
1343 4737 1406 4803 τῇ
1454 4734 1613 4804 θυσίᾳ
1641 4735 1802 4806 ἥσθη.
1835 4737 1970 4807 ὅπερ

403 4818 514 4869 ἴσον
559 4817 739 4869 ἐστίν’
775 4817 836 4869 ού
885 4819 993 4887 γάρ
1037 4820 1384 4889 ἠγανάκτησε
1434 4821 1842 4893 λαμϐανομένου
1877 4825 1969 4876 τοῦ

397 4907 590 4976 δώρου.
658 4906 822 4958 Πάλιν
879 4908 1164 4976 ἐνόσησενο
1226 4911 1326 4962 οὐκ
1377 4911 1600 4979 ἐποίησε
1661 4913 1966 4982 περίαπτα;

398 4991 717 5063 Μλρτύριον
773 4993 909 5063 αύτῇ
940 4993 1244 5060 λογίζεται·
1279 4996 1540 5049 κατέθυσε
1574 4997 1683 5067 γάρ
1731 4998 1819 5050 τὸν
1859 4999 1970 5052 υἱὸν

396 5081 463 5149 τῇ
490 5079 702 5150 γνώμῃ.
735 5079 799 5133 Τί
832 5079 960 5151 γὰρ.
995 5081 1043 5131 εί
1075 5082 1167 5133 καὶ
1200 5083 1364 5152 μηδὲν
1400 5085 1596 5153 ὠφελεῖ
1633 5088 1833 5150 ἐκεῖνα,
1856 5087 1968 5140 ἀλλ’

397 5167 608 5237 ἀπάτης
641 5168 758 5221 ἐστὶ
782 5168 876 5222 καὶ
902 5167 1124 5239 χλεύης;
1149 5168 1264 5222 ἀλλ’
1289 5171 1434 5240 ὅμως
1457 5167 1595 5242 ἦσαν
1625 5175 1672 5225 οί
1697 5173 1969 5238 πείθοντες

397 5253 480 5304 ὅτι
525 5253 756 5317 ὠφελεῖ·
797 5255 895 5307 καὶ
949 5255 1123 5308 εἵλετο
1179 5257 1380 5326 μᾶλλον
1417 5259 1608 5329 νεκρὸν
1659 5260 1718 5313 τὸ
1765 5263 1970 5316 παιδίον

403 5339 550 5401 ἰδεῖν,
579 5339 611 5411 ἢ
641 5341 1080 5412 εἰδωλολατρείας
1103 5343 1451 5414 ἀνασχέσθαι.
1481 5346 1689 5417 ’Ὠσπερ
1713 5343 1802 5401 οῦν
1832 5349 1968 5419 αὕτη

403 5427 632 5498 μάρτυς,
652 5427 714 5480 ἀν
741 5446 799 5481 τε
830 5431 912 5498 ἐφ’
940 5431 1158 5500 ἑαυτῆς,
1177 5432 1242 5486 ἄν
1265 5449 1322 5485 τε
1353 5434 1444 5486 ἐπὶ
1471 5432 1562 5487 τοῦ
1596 5435 1781 5500 παιδὸς
1807 5438 1969 5506 ἐργά-

461 5603 480 5626 ⁸
510 5606 792 5669 Legendum
820 5615 1027 5672 videtur.
1051 5617 1131 5665 καὶ
1155 5618 1274 5675 αῦτη
1302 5619 1510 5677 κάκείνη.

1073 183 1129 240 S.
1171 181 1454 238 JOANNIS
1491 179 1988 240 CHRYSOSTOMI
2023 181 2342 239 ARCHIEP.
2383 182 2932 241 CONSTANTINOP.

3535 185 3643 244 558

2071 300 2226 370 ζηται
2259 300 2434 363 τοῦτο,
2459 300 2524 353 ἄν
2551 316 2610 353 τε
2627 299 2718 352 ἐπὶ
2743 299 2834 352 τοῦ
2867 296 3076 369 ἀνδρὸς,
3103 297 3138 368 ἢ
3163 296 3349 368 ἐτέρου
3368 297 3512 361 τινὸς
3535 300 3644 351 τῶν

2069 388 2339 456 φιλτάτων
2362 403 2376 417 ·
2411 387 2582 450 οὕτως
2617 389 2650 456 ἡ
2679 388 2838 456 ἑτέρα
2881 384 3272 453 είδωλολάτρις.
3330 383 3499 454 Δῆλον
3535 386 3645 456 γάρ

2069 476 2149 527 ὅτι
2176 475 2366 528 ἔθυσεν
2394 473 2481 537 ἂν,
2543 476 2590 526 εἰ
2620 470 2687 545 ἦν
2708 473 2866 527 θῦσαι
2887 489 2902 505 ο
2934 473 3131 544 μᾶλλον
3164 471 3223 524 δὲ
3269 471 3368 542 ήδη
3420 472 3644 541 ἐποίησε

2074 559 2221 632 1587]
2261 562 2322 614 τὸ
2355 560 2454 630 τῆς
2489 560 2698 623 θυσίας.
2742 561 2823 613 Τά
2862 559 2970 630 γὰρ
3002 561 3300 630 περίαπτα,
3333 557 3441 611 κᾶν
3477 558 3646 628 μυρία

2074 649 2435 717 φιλοσοφῶσιν
2458 650 2507 702 οἱ
2541 651 2603 702 ὲκ
2627 649 2829 702 τούτων
2873 646 3354 720 χρηματιζόμενοι,
3396 646 3642 714 λέγοντες

2071 738 2155 791 ὃτι
2194 735 2284 789 τὸν
2317 737 2447 788 Θεὸν
2483 735 2775 806 καλοῦμεν,
2827 736 2920 788 καὶ
2959 735 3113 788 οὐδὲν
3155 734 3317 788 πλέον
3359 732 3644 802 ποιοῦμεν,

2074 824 2166 876 καὶ
2194 823 2293 875 ὅσα
2319 822 2564 889 τοιαῦτα,
2615 825 2709 876 καὶ
2758 824 3055 893 Χριστιανή
3106 824 3252 875 ἐστιν
3281 823 3315 891 ὴ
3352 819 3524 891 γραῦς
3551 819 3646 872 καὶ

2073 909 2260 981 πιστὴ,
2304 909 2712 981 είδωλολατρεία
2750 909 2808 962 τὸ
2855 910 3088 980 πρᾶγμά
3135 911 3274 964 ἐστι.
3341 909 3513 980 Πιστὴ
3561 904 3645 970 si;

2075 999 2394 1069 σφράγισον,
2428 999 2566 1051 εἰπέ.
2598 997 2767 1050 Τοῦτο
2793 997 2898 1067 ἔχω
2919 997 2979 1050 τὸ
3008 997 3170 1050 ὅπλον
3203 996 3379 1066 μόνον,
3411 995 3566 1048 τοῦτο
3585 995 3648 1048 τὸ

2076 1088 2365 1156 φάρμακον
2385 1104 2399 1117 ·
2429 1086 2557 1140 ἀλλο
2589 1087 2644 1138 δὲ
2668 1087 2767 1139 ούκ
2795 1081 2931 1140 οἶδα.
2967 1085 3102 1138 Είπέ
3145 1102 3255 1154 μοι,
3291 1084 3383 1136 ἐὰν
3418 1083 3647 1152 προσελ-

2075 1173 2182 1226 θὼν
2200 1175 2401 1244 ἰατρὸς,
2420 1175 2513 1227 καὶ
2524 1173 2593 1226 τὰ
2607 1175 2704 1243 τῆς
2719 1175 2965 1243 ἰατρικῆς
2981 1175 3246 1244 φάρμακα
3262 1171 3439 1240 ἀφεὶς,
3453 1170 3645 1242 ἐπᾴδῃ,

2074 1261 2261 1314 τοῦτον
2285 1263 2466 1332 ἰατρὸν
2492 1261 2761 1332 ἐροῦμενς
2795 1260 3060 1330 Ούδαμῶς
3086 1276 3100 1290 ο
3134 1261 3202 1312 τὰ
3217 1261 3326 1328 γάρ
3352 1259 3451 1328 τῆς
3476 1261 3647 1326 ἰατρι-

2075 1353 2178 1421 κῆς
2207 1350 2304 1418 οὐχ
2351 1349 2567 1419 δρῶμεν
2609 1349 2896 1418 φάρμακα.
2949 1347 3136 1410 Οὕτως
3171 1347 3292 1398 ούδέ
3318 1345 3550 1398 ἐνταῦθα
3578 1345 3646 1397 τά

2075 1437 2168 1491 τοῦ
2199 1435 2646 1509 Χριστιανισμοῦ.
2691 1436 2914 1506 Ἕτεραι
2941 1435 2998 1488 δὲ
3036 1434 3195 1486 πάλιν
3241 1433 3500 1502 ποταμῶν
3528 1433 3646 1484 ὀνό-

2080 1542 2225 1596 ματα
2274 1523 2664 1594 περιάπτουσι,
2703 1523 2798 1577 καὶ
2853 1523 3024 1593 μυρία
3069 1521 3296 1575 τοιαῦτα
3349 1521 3644 1590 τολμῶσιν.

2090 1615 2218 1668 Ἰδοὺ
2247 1615 2412 1682 λέγω,
2436 1616 2529 1668 καὶ
2556 1613 2808 1684 προλέγω
2833 1613 2996 1666 πᾶσιν
3020 1612 3168 1682 ὑμῖν,
3191 1613 3273 1665 ὅτι
3293 1611 3388 1664 ἐάν
3407 1628 3488 1673 τις
3512 1610 3644 1678 ἀλῶ,

2076 1703 2138 1755 οὐ
2160 1702 2414 1771 φείσομαι
2436 1700 2617 1765 πάλιν,
2642 1700 2705 1754 ἄν
2731 1718 2789 1752 τε
2810 1700 3132 1770 περίαπτον,
3165 1700 3229 1753 ἄν
3245 1715 3301 1751 τε
3325 1697 3557 1766 ἐπῳδὴν,
3582 1697 3647 1749 ἀν

2077 1807 2134 1843 τε
2156 1789 2281 1842 ἀλλο
2306 1807 2357 1840 τι
2380 1788 2480 1858 τῆς
2501 1789 2694 1858 τέχνης
2712 1787 2812 1856 τῆς
2839 1786 3090 1857 τοιαύτης
3115 1789 3261 1856 ποιῇ.
3291 1785 3354 1836 Τί
3374 1781 3485 1848 οὖν,
3511 1786 3649 1836 ἀπο-

2080 1879 2233 1948 θάνῃ,
2269 1878 2422 1946 φησὶ,
2455 1877 2514 1930 τὸ
2559 1877 2792 1942 παιδίον;
2822 1877 2918 1929 “Av
2947 1875 3089 1928 οὓτω
3113 1874 3273 1944 ζήσῃ,
3301 1875 3420 1928 τότε
3449 1871 3650 1926 ἀπέθα-

2079 1983 2198 2019 νενο
2239 1967 2304 2019 ἀν
2333 1965 2389 2018 δέ
2435 1965 2562 2018 ἀνευ
2605 1964 2825 2016 ἐκείνων
2860 1964 3127 2035 ἀποθάνῃ,
3171 1963 3289 2014 τότε
3320 1961 3502 2031 ἔζησε.
3534 1959 3646 2012 Νῦν

2077 2053 2132 2105 δέ
2153 2054 2217 2105 ἀν
2236 2053 2333 2123 μὲν
2352 2051 2573 2122 πόρναις
2598 2050 2712 2120 ἴδῃς
2729 2051 3080 2120 προσέχοντα,
3108 2047 3242 2119 εῦχῃ
3256 2049 3642 2118 κατορυγῆναι,

2079 2142 2173 2194 καὶ
2191 2140 2387 2210 λέγεις.
2418 2140 2482 2192 Τί
2503 2139 2610 2209 γάρ
2633 2138 2822 2207 ὄφελος
2848 2138 2941 2190 τοῦ
2965 2138 3096 2208 ζῇνς
3121 2137 3259 2205 ὑπὲρ
3284 2135 3340 2189 δὲ
3376 2134 3649 2206 σωτηρίας

2078 2224 2661 2296 ἀρῶσακινδυνεύοντα,
2693 2223 2871 2292 βούλει
2897 2223 3074 2288 ζῶντα
3105 2225 3238 2294 δρᾷν
3266 2241 3278 2287 ;
3333 2224 3444 2275 Ούκ
3479 2223 3646 2292 ἠκου-

2083 2331 2178 2377 σας
2204 2311 2297 2366 τοῦ
2314 2313 2546 2382 Χριστοῦ
2576 2313 2842 2380 λέγοντος,
2872 2313 2953 2365 ὅτι
2985 2313 3048 2364 '0
3068 2312 3375 2377 ἀπολέσας
3398 2310 3512 2376 τὴν
3530 2314 3649 2378 gm-
3744 2369 3752 2380 .

2081 2401 2201 2470 χὴν
2224 2401 2429 2466 αὐτοῦ,
2460 2398 2699 2467 εὑρήσει
2725 2400 2916 2468 αὑτήν
2933 2417 2945 2429 ’
2970 2402 3002 2452 ό
3031 2399 3099 2451 δὲ
3127 2398 3336 2466 εἰφὼν,
3359 2398 3648 2452 ἀπολέσει

2079 2487 2601 2552 αὐτήν;πιστεύεις
2631 2489 2742 2550 τοῖς
2789 2487 3119 2558 εἰρημένοις,
3177 2487 3210 2556 ἢ
3249 2486 3408 2556 μῦθοί
3457 2485 3648 2538 σοιδο-

2081 2575 2266 2627 κοῦσιν
2283 2569 2420 2627 εἶναι
2444 2590 2457 2637 ;
2482 2575 2614 2626 Εἰπέ
2643 2573 2704 2644 δή
2733 2591 2844 2642 μοι,
2869 2573 2962 2626 ἐὰν
2981 2573 3110 2643 εἴπῃ
3135 2591 3236 2638 τις,
3269 2573 3648 2640 ὄτιἊπάγαγε

2081 2664 2160 2725 εἰς
2191 2661 2474 2725 είδωλεῖον,
2501 2660 2593 2713 καὶ
2615 2661 2857 2730 ζήσεται,
2885 2659 3081 2732 avi-‘51];
3115 2657 3212 2721 Οὒ,
3255 2659 3406 2726 φησί.
3434 2659 3530 2710 Διά
3561 2658 3648 2726 τίς

2081 2751 2200 2802 Ὅτι
2231 2749 2629 2818 είδωλολατρεῖν
2651 2748 2948 2816 ἀναγκάζει
2973 2765 2984 2777 ·
3019 2747 3251 2801 ἐνταῦθα
3284 2748 3338 2800 δὲ
3368 2749 3468 2800 ούκ
3502 2746 3651 2800 ἔστιν

2081 2837 2507 2907 είδωλολατρεία,
2542 2837 2653 2889 ἀλλ’
2683 2837 2868 2900 ἁπλῶς
2900 2837 3101 2907 ἐπῳδὴ,
3139 2835 3322 2906 φησίν.
3361 2835 3508 2906 Αῦτη
3541 2835 3652 2906 γάρ

2080 2927 2113 2994 ἡ
2147 2924 2407 2994 σατανικὴ
2455 2924 2650 2988 ἔννοια,
2709 2924 2845 2995 αῦτη
2903 2926 2936 2994 ὴ
2977 2925 3223 2994 μεθοδεία
3267 2926 3300 2995 ἡ
3347 2923 3649 2993 διαδολικὴ,

2083 3010 2477 3079 συγκαλύπτειν
2503 3012 2601 3081 τὴν
2630 3011 2857 3080 πλάνην,
2899 3011 2991 3065 καὶ
3027 3013 3084 3063 ἐν
3117 3011 3292 3079 μέλιτι
3329 3011 3391 3064 τὸ
3419 3011 3652 3082 δηλητή-

2083 3115 2194 3170 ριον
2223 3097 2420 3149 διδόναι
2453 3099 2764 3166 φάρμακον.
2825 3097 3042 3168 Ἐπειδὴ
3069 3093 3209 3150 οἶδεν
3242 3098 3452 3151 ἐκεῖθέν
3501 3115 3558 3150 σε
3589 3099 3648 3150 ού

2080 3185 2302 3246 πείθων,
2326 3183 2526 3252 ταύτην
2564 3184 2775 3238 ἐϐάδισε
2801 3183 2898 3248 τὴν
2921 3184 3037 3237 ὁδὸν
3060 3187 3139 3247 είς
3171 3186 3528 3256 περιάμματα
3557 3185 3652 3238 καὶ

2081 3271 2342 3341 γραώδεις
2376 3270 2576 3339 μύθους
2599 3288 2612 3300 ο
2646 3271 2739 3323 καὶ
2787 3274 2814 3324 6
2856 3273 2954 3342 μέν
3000 3269 3229 3342 σταυρὸς
3260 3273 3551 3342 ἠτίμωται,
3585 3273 3653 3326 τὰ

2079 3359 2134 3412 δέ
2167 3359 2465 3427 γράμματα
2507 3359 2930 3430 προτετίμηταιο
2968 3361 2996 3413 6
3038 3362 3270 3432 Χριστὸς
3300 3361 3648 3432 ἐκϐέϐληται,

2081 3445 2173 3498 καὶ
2202 3445 2479 3512 εἰσάγεται
2509 3444 2780 3514 μεθύουσα
2812 3447 2984 3516 γραῦς
3027 3447 3120 3500 καὶ
3165 3447 3405 3516 ληροῦσα
3427 3464 3440 3477 ·
3468 3449 3528 3501 τὸ
3554 3467 3654 3518 μυ-

2083 3533 2298 3603 στήριον
2332 3532 2640 3601 πεπάτηται
2677 3533 2738 3585 τὸ
2771 3535 3055 3605 ἡμέτερον,
3089 3534 3181 3588 καὶ
3221 3535 3395 3604 πλάνη
3439 3536 3653 3606 χορεύει

2081 3619 2173 3671 τοῦ
2202 3618 2467 3673 διαϐόλου.
2509 3619 2661 3680 Τίνος
2677 3617 2769 3674 οῦν
2797 3621 2980 3674 ἕνεκεν
3022 3623 3122 3674 οὐκ
3149 3623 3379 3692 ἐλέγχει,
3413 3625 3596 3691 φησὶν,
3623 3626 3652 3677 6

2080 3705 2246 3769 Θεός;
2308 3706 2418 3776 Τὴν
2465 3707 2572 3760 ἀπὸ
2609 3707 2718 3760 τῶν
2774 3707 3027 3762 τοιούτων
3081 3709 3330 3780 βοήθειαν
3383 3711 3651 3780 πολλαχοῦ

2081 3792 2294 3863 ἤλεγξε,
2323 3795 2413 3846 καὶ⁸
2445 3793 2542 3845 οὐκ
2567 3793 2750 3846 ἔπεισέ
2783 3812 2839 3847 σε
2860 3813 2872 3826 ·
2905 3795 3086 3849 λοιπὸν
3115 3795 3304 3867 ἀφίησι
3327 3800 3391 3868 τῇ
3437 3798 3611 3868 πλάνῃ
3631 3813 3649 3829 ο

2080 3882 2386 3949 Παρέδωκε
2415 3883 2521 3953 γάρ
2546 3884 2785 3948 αὐτοὺς,
2817 3885 3000 3953 φησὶν,
3027 3889 3058 3938 o'
3086 3887 3229 3950 Θεὸς
3257 3889 3344 3952 εἰς
3365 3888 3653 3955 ἀδόκιμον

2079 3969 2250 4022 γοῦν.
2274 3969 2454 4022 Ταῦτα
2475 3969 2530 4020 δέ
2559 3969 2666 4021 οὐδ’
2701 3971 2764 4024 ἂν
2796 3971 2993 4042 Ἕλλην
3023 3972 3144 4026 νοῦν
3175 3972 3311 4042 ἔχων
3342 3975 3650 4043 ἀνάσχοιτο.

2079 4056 2309 4123 Δέγεταί
2336 4073 2418 4118 τις
2445 4055 2769 4125 δημαγωγός
2794 4074 2920 4110 ποτε
2944 4060 3000 4110 ἐν
3032 4059 3278 4128 Ἀθήναις
3303 4059 3471 4112 ταῦτα
3501 4077 3652 4130 περι-

2078 4143 2330 4214 τεθῆναι·
2363 4139 2479 4196 εἶτα
2497 4143 2780 4212 φιλόσοφός
2803 4160 2887 4206 τις
2932 4145 3138 4197 ἐκείνου
3160 4144 3469 4207 διδάσκαλος
3504 4145 3646 4210 ἰδὼν,

2081 4232 2428 4302 ἐπετίμησεν,
2465 4230 2766 4299 ἐμέμψατο,
2806 4230 3014 4296 ἔδακεν,
3063 4232 3422 4303 ἐκωμῲδησεν
3445 4249 3458 4261 ·
3491 4235 3650 4302 ἡμεῖς

2079 4318 2135 4372 δὲ
2206 4319 2377 4383 οὕτως
2445 4318 2643 4382 ἀθλίως
2710 4319 3062 4391 διακείμεθα,
3127 4321 3202 4384 ὡς
3273 4323 3366 4374 καὶ
3435 4320 3647 4386 τούτοις

2081 4409 2375 4463 πιστεύειν.

2149 4583 2256 4636 Καὶ
2291 4584 2377 4636 διὰ
2405 4584 2458 4636 τί
2503 4587 2576 4654 μή
2630 4586 2734 4637 είσι
2762 4584 2856 4637 νῦν
2899 4585 2947 4637 οἱ
2989 4584 3333 4650 ἀνιστῶντες,
3378 4589 3532 4656 φησὶ,
3572 4607 3651 4641 νε.

2079 4671 2241 4738 κροῦς
2271 4670 2362 4722 καὶ
2385 4670 2554 4733 ἰάσεις
2579 4669 2981 4739 ἐπιτελοῦντες;
3012 4672 3110 4726 Διά
3139 4674 3212 4739 τί,
3234 4675 3369 4735 τέως
3397 4676 3457 4728 ού
3479 4676 3646 4744 λέγω·

2076 4757 2162 4808 διὰ
2192 4756 2242 4808 τί
2274 4757 2330 4809 δὲ
2368 4758 2438 4827 μή
2469 4760 2574 4810 εἰσι
2599 4757 2691 4811 νῦν
2726 4759 2774 4810 οἱ
2799 4759 2896 4828 τῆς
2926 4759 3209 4829 παρούσης
3247 4765 3649 4832 καταφρονοῦν-

2077 4860 2164 4904 τες
2179 4843 2355 4910 ζωῆςς
2389 4845 2474 4897 διὰ
2493 4843 2542 4896 τί
2570 4845 2662 4897 ἐπὶ
2686 4845 2860 4913 μισθῷ
2882 4846 3202 4917 δουλεύομεν
3226 4850 3302 4920 τῷ
3325 4850 3476 4921 Θεῷ;
3519 4852 3647 4905 Ὅτε

2077 4925 2460 4997 ἀσθενέστερον
2487 4927 2715 4981 διέκειτο
2744 4929 2775 4999 ἡ
2822 4928 2978 4997 φύσις
3009 4932 3040 5000 ὴ
3073 4932 3406 5002 ἀνθρωπίνη,
3433 4935 3519 4986 ὅτε
3550 4955 3651 5002 φυ-

2076 5012 2333 5081 τευθῆναι
2383 5013 2530 5086 [388]
2578 5015 2676 5084 τὴν
2729 5016 2909 5070 πίστιν
2955 5018 3084 5078 ἔδει,
3127 5013 3265 5088 ἦσαν
3299 5022 3391 5073 καὶ
3418 5021 3652 5076 τοιοῦτοι

2079 5097 2259 5150 πολλοί
2279 5113 2291 5127 ο
2327 5098 2421 5151 νῦν
2437 5100 2492 5151 δὲ
2511 5102 2572 5153 ού
2591 5101 2834 5170 βούλεται
2855 5104 3002 5172 ἡμᾶς
3031 5103 3231 5159 τούτων
3251 5107 3520 5178 ἠρτῆσθαι
3543 5111 3652 5163 τῶν

2079 5187 2337 5254 σημείων,
2369 5186 2482 5238 ἀλλ’
2508 5188 2756 5258 ἑτοίμους
2773 5186 2910 5244 εἶναι
2935 5193 3067 5261 πρὸς
3095 5192 3342 5248 θάνατον.
3374 5195 3437 5248 Τί
3470 5197 3654 5250 τοίνυν

2076 5273 2172 5340 τῆς
2199 5272 2476 5343 παρούσης
2521 5275 2619 5346 ἔχῃ
2651 5277 2837 5347 ζωῆςς
2881 5279 2932 5331 τί
2972 5280 3038 5332 τά
3074 5281 3334 5349 μέλλοντα
3362 5283 3458 5351 οὐχ
3487 5287 3651 5355 ὁρᾷς

2077 5359 2327 5428 καὶὺπὲρ
2345 5361 2443 5428 μὲν
2466 5365 2666 5431 ταύτης
2709 5366 2804 5416 καὶ⁵
2837 5365 3240 5436 είδωλολατρεῖν
3278 5369 3463 5440 ἀνέχῃ,
3510 5371 3652 5442 ὑπὲρ

2077 5446 2132 5498 δὲ
2163 5445 2374 5515 ἐκείνης
2412 5449 2532 5501 ούδέ
2566 5450 2800 5519 ἀθυμίας
2848 5459 3176 5523 κατασχείνς
3207 5457 3303 5511 Διά
3337 5458 3504 5511 ταῦτα
3551 5458 3651 5510 οὐκ

2078 5533 2184 5584 εἰσί
2207 5531 2300 5586 νῦν
2325 5535 2573 5602 τοιοῦτοι,
2594 5539 2674 5590 ὅτι
2698 5539 2888 5609 ἄτιμος
2905 5543 3035 5611 ἡμῖν
3056 5543 3226 5613 ἐφάνη
3251 5545 3428 5612 εκείνη
3458 5546 3490 5613 η
3513 5544 3648 5612 ζωὴ,

2081 5621 2133 5671 εί
2166 5636 2226 5687 γε
2265 5620 2403 5691 ὑπὲρ
2440 5623 2540 5693 μὲν
2569 5625 2783 5696 ἐκείνης
2837 5626 2987 5681 οὐδὲν
3037 5630 3366 5700 πράττομεν,
3412 5630 3552 5701 ὑπὲρ
3596 5630 3650 5682 δὲ
