4064 6210
325 269 428 324 357

323 386 389 440 ad
419 378 785 437 mentiendum
817 375 1075 448 pudorem
1105 375 1255 442 dicit,
1284 377 1425 431 Alter
1452 377 1662 432 alterius
1689 375 1912 430 membra

324 492 497 532 sumus
518 472 736 544 (Ephes.
766 471 822 527 4.
850 471 964 542 Ξ5).
995 469 1121 526 Illos
1151 469 1275 524 facit
1301 469 1578 525 hominum
1601 468 1766 524 veluti
1793 469 1914 538 epi-

326 573 474 633 tices,
497 569 728 622 alterum
751 566 963 633 quidem
983 564 1380 635 repeilentium,
1400 565 1626 619 alterum
1649 577 1777 618 vero
1798 575 1916 618 sns-

325 659 656 732 cipientimn.
694 658 807 712 Illic
832 656 1060 710 Membra
1077 656 1236 720 dicit;
1257 655 1343 710 hic
1367 655 1712 720 0mnia:cor,
1744 655 1912 719 iram;

323 767 409 812 os,
441 747 834 817 blasphemiam
861 763 875 810 ;
901 746 1110 813 oculos,
1132 745 1562 806 fornicationem.
1593 745 1869 799 avaritiam
1896 759 1912 808 ;

326 855 518 896 manus
543 848 597 893 et
620 837 786 907 pedes
809 877 826 904 ,
855 836 1191 891 mendacium
1212 877 1230 903 ,
1261 836 1638 906 cogitationem
1667 835 1834 904 ipsam
1859 843 1915 888 et

329 941 564 988 mentem
588 938 846 986 veterem.
861 929 1032 985 Unam
1051 927 1208 984 habet
1230 927 1454 983 formam
1480 926 1701 996 regiam,
1723 940 1916 996 nempe

329 1020 544 1078 Christi.
574 1019 838 1077 Videntur
873 1019 961 1074 isti
1001 1018 1131 1072 mihi
1169 1020 1338 1086 magis
1367 1031 1488 1072 esse
1515 1033 1581 1072 ex
1625 1017 1874 1086 gentibus
1898 1057 1912 1079 ,

327 1130 466 1185 quos
493 1113 716 1184 respicit
740 1154 754 1179 ,
785 1111 1077 1167 ostendens
1120 1111 1360 1165 membra
1404 1112 1517 1166 sive
1553 1111 1754 1180 majora
1801 1110 1916 1165 sive

331 1207 539 1260 minora
585 1219 746 1259 unam
794 1203 994 1272 regiam
1034 1202 1261 1257 formam
1308 1202 1525 1257 habere.
1573 1203 1723 1257 Sicut
1770 1201 1914 1255 enim

334 1308 498 1357 terra.
527 1310 649 1350 cum
676 1297 748 1349 sit
771 1311 958 1364 arena,
986 1309 1080 1349 sua
1099 1296 1246 1364 prius
1277 1294 1486 1363 perdita
1506 1293 1697 1358 forma,
1732 1303 1914 1361 postea

333 1389 394 1442 ιιι
417 1404 604 1441 aurum
629 1403 647 1452 ;
681 1397 735 1442 et
772 1387 907 1441 lana:
927 1429 941 1452 ,
966 1388 1378 1457 qualescumque
1409 1388 1536 1452 sint,
1556 1387 1779 1442 alteram
1811 1385 1917 1438 for-

335 1496 475 1533 mam
498 1480 767 1548 accipiunt
786 1482 1089 1549 etpriorem
1112 1481 1379 1534 occultant
1405 1498 1418 1534 :
1447 1481 1516 1534 ita
1537 1482 1696 1534 etiam
1723 1479 1908 1538 ﬁdelis.

335 1570 736 1639 Supportantes,
771 1569 972 1638 inquit,
1002 1571 1230 1622 inuicem.
1261 1569 1508 1624 Ostendit
1547 1569 1686 1639 quod
1715 1569 1915 1639 justum

333 1667 419 1712 est
447 1675 461 1712 :
491 1669 545 1712 tu
580 1659 728 1711 illum
760 1666 942 1727 patere
963 1700 979 1724 ,
1013 1670 1066 1712 et
1098 1659 1186 1713 ille
1234 1669 1286 1714 te
1315 1677 1328 1711 :
1358 1659 1500 1729 quod
1548 1659 1760 1729 quidem
1792 1660 1919 1713 dicit

335 1751 389 1803 in
432 1751 664 1818 Epistula
694 1750 758 1803 ad
802 1749 1017 1804 Galatas
1051 1768 1064 1802 :
1107 1753 1248 1804 Alter
1289 1753 1496 1806 alterius
1535 1769 1688 1804 onera
1725 1763 1922 1821 portate

340 1839 487 1908 (Gal.
528 1841 582 1894 6.
625 1840 705 1911 ἓ).
764 1839 828 1893 Et
876 1843 1025 1911 grati,
1072 1842 1261 1910 inquit,
1321 1852 1476 1896 estote
1514 1841 1646 1913 (Col.
1693 1845 1745 1896 5.
1805 1843 1916 1911 15).

340 1931 574 1984 Maxime
598 1931 738 1984 enim
757 1931 948 2001 ubique
975 1935 1076 1985 hoc
1105 1935 1316 2002 quierit,
1354 1934 1573 2002 utquod
1606 1934 1676 1986 sit
1706 1949 1912 1987 summa

344 2023 626 2076 bonorum.

415 2115 470 2170 5.
503 2112 708 2168 Gratias
745 2131 894 2186 agere
929 2116 1132 2185 quando
1159 2126 1408 2186 oporteat.
1440 2115 1708 2188 Ligamina
1732 2135 1918 2188 super—

344 2207 560 2261 stitiosa.
589 2235 660 2246 -—-
683 2207 892 2261 Gratias
911 2223 1040 2278 ergo
1065 2223 1282 2277 agamus
1307 2210 1357 2262 in
1385 2209 1633 2263 omnibus
1661 2209 1920 2279 quidquid

342 2301 581 2354 evenerit
607 2317 618 2351 :
649 2299 751 2353 hoc
776 2301 918 2355 enim
945 2309 1028 2354 est
1075 2301 1362 2369 gratiarum
1390 2301 1547 2355 actio.
1577 2299 1709 2354 Nam
1755 2302 1807 2355 in
1839 2316 1924 2356 re-

343 2391 444 2445 bus
473 2391 721 2448 secundis
744 2391 846 2446 hoc
872 2407 1052 2462 agere,
1080 2408 1184 2446 non
1215 2401 1297 2447 est
1323 2408 1571 2463 magnum
1599 2410 1613 2457 ;
1644 2393 1756 2462 ipsa
1781 2393 1922 2447 enim

342 2499 523 2538 rerum
572 2493 757 2537 natura
806 2498 904 2537 nos
943 2483 1013 2537 ad
1061 2484 1160 2537 hoc
1191 2484 1414 2552 impellit
1447 2504 1461 2539 :
1490 2483 1703 2554 quando
1745 2493 1924 2539 autem

342 2589 464 2630 cum
496 2574 562 2628 ad
589 2585 827 2629 extr-cina
853 2585 1069 2629 ventum
1099 2584 1202 2642 est,
1225 2577 1423 2644 gratias
1445 2577 1667 2647 agimus,
1695 2585 1820 2630 tunc
1845 2586 1930 2632 est

344 2671 740 2726 admirandum.
783 2670 1010 2736 Quando
1038 2671 1184 2726 enim
1214 2680 1433 2740 propter
1461 2687 1522 2724 ea
1549 2687 1666 2740 quae
1693 2672 1783 2726 alii
1815 2687 1928 2726 ma.

345 2763 555 2819 ledictis
601 2763 930 2818 insectantur
955 2772 1009 2818 et
1035 2779 1174 2834 :egre
1198 2763 1376 2818 ferunt
1402 2806 1414 2826 .
1446 2766 1646 2833 gratias
1671 2765 1878 2834 agimus
1911 2807 1924 2830 ,

262 2894 268 2899 .
349 2854 469 2909 vide
507 2863 704 2924 quanta
732 2855 802 2908 sit
827 2854 1181 2924 philosomiia.
1212 2854 1392 2909 Primo
1427 2856 1589 2911 Deum
1618 2855 1926 2910 cxbilaras:

347 2945 585 2999 secundo
622 2945 894 3000 diabolum
924 2947 1127 3015 pudore
1167 2946 1373 3011 allicis;
1403 2948 1560 3002 tertio
1599 2958 1653 3002 et
1674 2947 1816 3018 quod
1847 2947 1926 3002 l‘a-

348 3050 490 3090 ctum
516 3045 600 3091 est
621 3036 750 3089 nihil
767 3051 887 3090 esse
912 3038 1259 3106 pronuntias:
1289 3037 1447 3092 simul
1482 3040 1710 3116 enimlu
1735 3041 1931 3108 gratias

351 3127 486 3193 agis,
515 3135 572 3181 et
604 3127 746 3181 Deus
783 3127 1024 3182 dolorem
1065 3138 1324 3198 amputat,
1358 3139 1412 3184 et
1437 3130 1638 3184 recedit
1658 3130 1928 3187 diabolus.

354 3215 486 3270 Nam
516 3217 562 3271 si
592 3232 734 3286 aegre
763 3219 970 3282 tuleris,
990 3219 1057 3283 is,
1083 3227 1141 3274 ut
1166 3222 1253 3288 qui
1282 3221 1424 3290 quod
1441 3221 1652 3276 volebat
1672 3220 1929 3290 eﬁ'eccrit,

355 3308 548 3372 adest;
577 3320 632 3364 et
677 3310 837 3377 Deus,
877 3320 936 3364 ut
977 3311 1067 3381 qui
1095 3313 1164 3367 sit
1190 3311 1522 3382 blasphemia
1549 3323 1604 3369 et
1650 3315 1935 3370 maledicto

354 3400 578 3455 allectus
598 3443 615 3467 ,
644 3402 928 3472 relinquit,
957 3412 1013 3458 et
1055 3404 1251 3459 malum
1282 3405 1511 3459 intendit
1536 3415 1586 3461 et
1615 3417 1775 3477 auget
1806 3425 1818 3460 :
1851 3407 1933 3461 sio

354 3501 536 3545 autem
563 3492 760 3560 gratias
788 3494 981 3563 egeris,
1028 3504 1088 3548 ut
1115 3495 1206 3562 qui
1233 3495 1363 3550 nihil
1394 3496 1659 3567 proliciat,
1693 3497 1934 3562 recedit;

357 3592 413 3635 et
443 3581 603 3644 Deus,
633 3592 689 3635 ut
717 3585 804 3654 qui
849 3586 920 3637 sit
960 3585 1169 3640 honore
1205 3587 1447 3653 aﬁ'ectus,
1481 3588 1738 3644 honorem
1769 3591 1938 3661 magis

355 3674 625 3742 rependit.
651 3661 760 3728 Nec
799 3675 916 3729 ﬁeri
960 3687 1134 3747 potest
1161 3688 1220 3733 ut
1247 3679 1408 3733 homo
1432 3681 1518 3750 qui
1551 3692 1770 3750 prepter
1799 3684 1937 3736 mala

358 3767 469 3833 agit
503 3765 720 3833 gratias,
752 3766 890 3819 mala
935 3768 1147 3822 sentiat.
1181 3769 1412 3824 Lmtatur
1447 3772 1591 3825 enim
1640 3773 1838 3838 anima,
1884 3784 1942 3827 ut

360 3870 480 3922 qum
507 3866 654 3909 recte
683 3869 739 3909 se
766 3866 918 3925 gerat
947 3875 961 3910 :
989 3859 1168 3913 statim
1211 3860 1329 3914 lucta
1375 3871 1459 3915 est
1491 3862 1815 3917 conscientia
1842 3905 1857 3928 ,
1888 3873 1943 3918 ct

360 3946 474 3998 suis
503 3948 661 4014 gestit
689 3958 742 4000 et
769 3947 1000 4002 exsultat
1041 3950 1286 4006 laudibus
1316 3968 1329 4005 :
1360 3967 1478 4022 qua:
1521 3969 1649 4008 vero
1675 3955 1791 4008 laeta
1821 3963 1902 4008 est
1923 3997 1938 4022 ,

362 4051 468 4088 non
523 4045 698 4104 potest
721 4052 842 4091 esse
883 4040 1070 4094 tristis.
1099 4040 1209 4095 Illic
1255 4051 1431 4097 autem
1477 4060 1598 4098 cum
1644 4045 1943 4101 calamitate

361 4139 518 4200 urget
546 4133 708 4185 etiam
760 4132 1038 4203 ﬂagellans
1075 4135 1444 4203 conscientia;
1496 4137 1584 4193 hic
1622 4151 1846 4194 coronat
1889 4150 1945 4194 et

362 4232 635 4292 tamquam
659 4243 664 4250 ·
690 4227 957 4294 praeconio
986 4227 1298 4296 proclamat.
1349 4229 1492 4284 Nihil
1539 4241 1622 4285 est
1651 4233 1824 4302 lingua
1854 4233 1943 4288 illa

361 4317 623 4378 sanctius,
673 4331 791 4385 qua:
844 4317 897 4370 in
941 4319 1096 4373 malis
1129 4320 1235 4374 Deo
1262 4321 1369 4391 agit
1398 4322 1593 4390 gratias
1624 4340 1637 4376 :
1669 4339 1854 4378 revera
1881 4340 1944 4378 ea

361 4405 497 4460 nihil
526 4407 688 4461 distat
711 4425 741 4462 a
784 4409 963 4479 lingua
992 4419 1282 4482 martyrum
1318 4430 1331 4467 :
1373 4414 1621 4469 similiter
1658 4425 1712 4468 et
1758 4415 1869 4484 ipsa
1894 4427 1950 4470 et

362 4499 459 4554 ille
503 4509 812 4556 coronatur.
862 4501 995 4557 Nam
1025 4521 1141 4558 eam
1168 4521 1381 4577 quoque
1428 4517 1579 4577 urget
1621 4508 1783 4563 lictor
1809 4551 1824 4575 ,
1856 4513 1946 4579 qui

361 4592 513 4660 cogit
546 4591 711 4646 Deum
753 4609 954 4664 negare
979 4610 1075 4666 per
1100 4597 1488 4666 blasphemiam
1521 4617 1535 4653 :
1569 4601 1729 4654 instat
1754 4609 1809 4655 et
1837 4603 1951 4656 dia-

363 4685 525 4738 bolus
565 4687 952 4755 cogitationum
1000 4705 1194 4759 urgens
1223 4689 1577 4757 carniﬁcinis,
1609 4705 1663 4748 et
1703 4695 1950 4750 tenebras

363 4775 653 4830 oﬂ’uudens
682 4778 862 4832 animo
890 4781 1316 4850 (egritudinibus.
1348 4782 1401 4838 Si
1435 4785 1554 4851 quis
1581 4800 1708 4855 ergo
1735 4787 1952 4842 dolores

366 4871 575 4935 tulerit,
604 4880 660 4926 et
686 4873 887 4943 gratias
911 4875 1120 4944 egerit,
1150 4890 1405 4930 coronam
1435 4879 1624 4948 accipit
1653 4880 1898 4951 martyrii
1929 4897 1946 4934 :

364 4965 603 5033 exempli
633 4967 818 5033 gratia,
863 4966 1037 5021 infans
1074 4978 1319 5038 aegrotat,
1346 4979 1400 5025 ct
1426 4970 1536 5025 Deo
1574 4973 1681 5043 agit
1715 4975 1950 5043 gratias;

367 5055 476 5110 hoc
539 5059 696 5111 matri
762 5072 960 5113 corona
1025 5068 1126 5113 est.
1191 5060 1310 5128 Quo
1382 5071 1650 5118 tormento
1713 5080 1818 5119 non
1870 5077 1954 5121 est

364 5149 610 5205 deterior
656 5151 819 5206 animi
865 5152 1160 5220 a‘gritudo?
1214 5153 1308 5208 sed
1358 5170 1419 5210 ea
1484 5170 1587 5210 non
1627 5159 1769 5227 cogit
1829 5174 1956 5214 ver-

365 5243 500 5298 bum
537 5243 784 5298 acerbum
837 5245 1099 5300 emittere.
1142 5245 1362 5301 Moritur
1396 5263 1408 5300 :
1457 5261 1642 5303 rursus
1680 5250 1789 5319 agit
1829 5265 1955 5320 gra-

367 5333 516 5386 tias?
569 5332 725 5388 Facta
773 5345 858 5389 est
902 5335 1006 5389 lilia
1055 5335 1365 5392 Abrabanii.
1414 5337 1546 5393 Nam
1600 5339 1700 5394 etsi
1746 5343 1954 5413 propria

361 5440 536 5481 manu
581 5443 688 5482 non
737 5429 950 5495 occidit,
1003 5431 1096 5485 sed
1150 5441 1331 5487 tamen
1379 5432 1552 5487 laitata
1604 5445 1686 5489 est
1739 5447 1958 5506 propter

363 5516 719 5583 sacriﬁcium,
753 5519 893 5589 quod
941 5536 1036 5590 par
1070 5530 1156 5577 cst
1188 5539 1201 5574 :
1236 5537 1342 5576 non
1377 5526 1682 5578 succensuit
1709 5541 1829 5580 cum
1857 5526 1955 5581 do-

365 5621 503 5661 num
552 5607 871 5664 auferretur.
919 5612 1123 5668 Rursus
1167 5617 1448 5684 mgrotavit
1480 5633 1492 5671 :
1526 5632 1631 5673 non
1680 5617 1802 5674 fecit
1827 5621 1963 5690 liga-

373 5695 874 5769 minailtcputatur
909 5701 958 5755 ei
986 5705 1297 5769 martyrium
1321 5723 1333 5766 ;
1377 5718 1554 5765 mente
1580 5709 1720 5765 enim
1752 5714 1956 5768 sacriﬁ-

707 5793 974 5857 ΡΑτιιοι..
1024 5794 1141 5854 (in.
1195 5792 1386 5856 LXII.

1179 262 1246 317 lN
1288 261 1501 319 EPIST.
1543 263 1634 318 Al)
1672 258 1949 324 COLUSS,
1989 259 2138 317 CAP.
2183 263 2267 318 ill.
2313 266 2543 324 HOMII..
2591 267 2724 328 Vill.

3491 283 3596 340 $8

2024 378 2170 431 cavit
2219 379 2406 436 ﬁlium.
2449 381 2584 450 Quid
2633 382 2797 450 enim,
2851 385 2896 440 si
2931 387 3016 442 illa
3054 390 3184 445 nihil
3218 401 3462 460 prosunt,
3505 399 3598 450 sed

2021 478 2147 523 sunt
2187 471 2410 526 fallacia:
2450 483 2504 528 et
2534 473 2804 530 ludibria?
2847 475 2985 532 Sunt
3037 489 3214 535 tamen
3257 483 3344 552 qui
3374 484 3605 540 suadent

2019 574 2081 615 ea
2129 562 2414 630 prodesse;
2441 573 2494 619 et
2533 566 2718 621 maluit
2764 567 3021 624 infantem
3067 571 3249 628 videre
3294 585 3599 639 mortuum,

2025 666 2182 720 quam
2211 654 2316 722 pati
2346 655 2724 713 idololatriam.
2755 657 2825 715 Ut
2848 675 2976 730 ergo
3006 662 3116 731 ipsa
3145 673 3228 718 est
3255 676 3475 738 martyr,
3494 668 3606 723 sive

2021 741 2074 797 in
2101 743 2298 813 seipsa,
2327 746 2441 801 sive
2469 762 2519 801 tn
2543 746 2654 802 ﬁlio
2681 748 2783 804 hoc
2811 748 2990 816 faciat,
3022 754 3135 808 sive
3163 755 3216 808 in
3252 759 3462 824 marito,
3490 758 3604 813 sive

2021 833 2072 888 in
2099 834 2277 904 aliquo
2306 835 2395 907 qui
2425 844 2508 892 est
2535 837 2584 891 ei
2612 839 2920 894 cariSsimus
2954 857 2967 893 :
3001 841 3068 895 ita
3102 842 3267 898 altera
3299 854 3381 899 est
3407 847 3603 904 cultrix

2021 923 2322 990 idolorum;
2352 935 2436 980 est
2464 927 2605 980 enim
2639 929 2976 998 perspicuum
3006 931 3145 1000 quod
3175 931 3276 988 diis
3307 937 3605 990 sacriﬁcas-

2023 1024 2133 1079 set,
2160 1015 2204 1069 si
2237 1015 2474 1071 licuisset
2498 1016 2802 1073 sacriﬁcare
2835 1037 2848 1071 :
2880 1019 2987 1074 imo
3013 1037 3141 1076 vero
3167 1025 3276 1092 jam
3307 1023 3435 1079 fecit
3459 1027 3601 1095 quod

2022 1117 2105 1160 est
2125 1105 2393 1162 sacriﬁcii.
2423 1105 2696 1176 Ligamina
2722 1109 2886 1173 enim,
2912 1111 3011 1164 etsi
3038 1110 3104 1166 de
3130 1112 3194 1168 iis
3219 1114 3409 1169 millies
3437 1115 3611 1185 philo-

2023 1197 2315 1266 sophentur
2335 1198 2424 1268 qui
2447 1198 2509 1252 iis
2530 1207 2766 1266 utuntur,
2793 1200 3052 1267 dicentes,
3077 1202 3240 1257 Deum
3265 1205 3572 1262 invocamus
3591 1251 3605 1273 ,

2023 1300 2078 1344 et
2101 1289 2230 1345 nihil
2257 1290 2482 1360 amplius
2513 1291 2734 1345 facimus
2759 1307 2774 1357 ;
2801 1300 2858 1346 et
2882 1308 2998 1361 quat
3025 1301 3149 1348 sunt
3171 1294 3472 1363 hujusmodi
3495 1314 3510 1363 ;
3534 1310 3607 1365 et,

2005 1382 2322 1437 Christiana
2347 1392 2428 1438 est
2453 1384 2628 1438 vetula
2659 1392 2713 1438 et
2741 1383 2912 1438 ﬁdelis
2939 1399 3035 1439 :ea
3063 1401 3150 1440 res
3179 1395 3260 1440 est
3288 1387 3606 1444 idololatria.

2027 1474 2096 1529 Es
2123 1473 2329 1528 ﬁdelis?
2371 1469 2516 1542 signa
2548 1482 2602 1529 te
2629 1492 2641 1528 :
2672 1474 2778 1539 die,
2818 1475 2943 1530 Haec
2970 1489 3116 1530 arma
3147 1476 3316 1532 habeo
3341 1479 3476 1547 sola,
3511 1480 3614 1537 hoc

2027 1565 2502 1631 medicamentum;
2527 1565 2670 1620 aliud
2695 1575 2871 1620 autem
2899 1568 3101 1621 nescio.
3128 1567 3222 1623 Dic
3244 1570 3396 1636 mihi,
3424 1573 3466 1626 si
3494 1574 3614 1642 quis

2025 1657 2312 1711 accesserit
2333 1656 2590 1723 medicus,
2611 1665 2666 1712 et
2691 1657 2974 1712 medicina:
2993 1658 3230 1714 dimissis
3253 1661 3614 1720 medicamen-

2030 1751 2096 1803 tis
2124 1751 2380 1815 incantet,
2410 1765 2604 1804 cnn'ine
2633 1749 2873 1804 dicemus
2903 1751 3206 1805 medicum?
3230 1751 3573 1826 Nequaquam
3598 1776 3610 1810 :

2029 1843 2308 1897 medicinae
2347 1843 2488 1895 enim
2529 1856 2635 1895 non
2677 1841 2918 1896 videmus
2950 1844 3256 1911 pharmaca.
3303 1845 3375 1898 Ita
3404 1863 3502 1902 nec
3531 1847 3616 1903 hic

2028 1933 2428 1987 christianismi.
2456 1931 2589 1986 Aliae
2615 1942 2793 1986 autem
2818 1948 3005 1987 rursus
3025 1934 3243 2004 alligant
3267 1938 3482 1992 nomina
3509 1933 3614 1993 an.

2027 2028 2258 2090 viarum,
2292 2032 2346 2078 et
2388 2023 2490 2078 alia
2535 2024 2734 2077 audcnt
2782 2023 3211 2080 innumerabilia.
3247 2027 3382 2083 Ecce
3411 2028 3532 2086 dico
3560 2041 3615 2086 et

2030 2118 2262 2188 praedico
2292 2115 2441 2170 vobis
2479 2115 2728 2170 omnibus
2754 2134 2766 2170 :
2791 2117 2936 2186 quod
2969 2118 3011 2172 si
3038 2118 3300 2188 quispiam
3334 2121 3490 2178 fuerit
3514 2123 3612 2179 de-

2032 2210 2327 2280 prehensus
2349 2252 2365 2276 ,
2397 2224 2501 2263 non
2546 2222 2761 2278 parcam
2809 2210 2998 2265 iterum
3019 2251 3034 2275 ,
3065 2211 3180 2266 sive
3210 2213 3436 2282 ligamcn
3456 2257 3470 2280 ,
3502 2217 3616 2274 sive

2031 2302 2442 2356 incantationem
2469 2342 2484 2367 ,
2513 2301 2624 2355 sive
2659 2299 2818 2369 hujus
2857 2301 2990 2357 artis
3037 2302 3236 2374 aliquid
3265 2305 3408 2361 aliud
3435 2307 3614 2363 faciat.

2029 2396 2168 2464 Quid
2209 2394 2376 2450 vero?
2404 2394 2662 2449 morietur
2686 2436 2700 2460 ,
2731 2395 2943 2464 inquit,
2983 2395 3178 2452 infans.
3210 2396 3265 2453 Si
3295 2399 3373 2456 sic
3400 2401 3614 2468 vixerit.

2035 2499 2160 2542 tunc
2183 2487 2472 2551 morietur;
2497 2485 2577 2539 siu
2603 2495 2780 2539 autem
2811 2485 3014 2556 absque
3039 2487 3141 2543 illis
3169 2501 3411 2546 mortuus
3439 2494 3614 2560 fuerit,

2035 2588 2163 2633 tunc
2193 2576 2338 2631 vivit.
2369 2575 2518 2630 Nunc
2549 2583 2726 2629 autem
2753 2575 2797 2628 si
2824 2576 3022 2630 videris
3049 2578 3259 2647 quidem
3299 2581 3463 2638 lilium
3499 2599 3618 2640 vcr-

2035 2678 2239 2724 santem
2267 2682 2390 2722 cum
2423 2665 2816 2728 meretricibus,
2852 2675 3005 2734 optas
3049 2681 3169 2722 eum
3203 2669 3252 2722 in
3281 2678 3422 2726 terra
3450 2673 3617 2728 infos-

2035 2778 2175 2826 sum,
2203 2770 2255 2813 et
2281 2758 2437 2818 dicis,
2476 2755 2612 2823 Quid
2639 2756 2685 2809 ei
2719 2755 2937 2824 prodest
2968 2756 3185 2813 \ivere?
3229 2759 3412 2816 videns
3437 2773 3614 2819 autem

2035 2867 2156 2906 cum
2183 2851 2235 2904 in
2265 2847 2502 2920 periculo
2531 2847 2718 2902 salutis
2743 2887 2757 2910 ,
2787 2848 2868 2901 vis
2892 2846 3075 2902 videre
3101 2865 3221 2903 eum
3251 2852 3470 2909 vivum?
3500 2843 3616 2913 Non

2035 2941 2282 2996 audivisti
2329 2937 2602 2994 Christum
2643 2936 2952 3004 dicentem,
3001 2937 3098 3002 Qui
3140 2942 3358 3009 perdidit
3397 2947 3627 3001 animam

2037 3049 2182 3087 suain
2207 3075 2221 3098 ,
2256 3031 2470 3085 inveniet
2513 3043 2664 3092 eam;
2704 3030 2789 3098 qui
2831 3038 2997 3082 autem
3039 3031 3253 3098 inuenit,
3296 3034 3467 3103 perdet
3509 3054 3622 3092 eam

2043 3109 2268 3198 (Matth.
2322 3124 2410 3177 ili.
2452 3121 2526 3176 25
2547 3119 2604 3189 )?
2644 3121 2818 3176 credis
2844 3121 2908 3174 iis
2934 3137 3052 3190 (jua:
3076 3123 3214 3178 dicta
3241 3137 3386 3193 sunt,
3416 3143 3480 3182 an
3529 3130 3618 3185 tibi

2041 3217 2288 3272 videntur
2327 3228 2448 3268 esse
2498 3211 2731 3266 l'abultc?
2760 3211 2853 3266 Dic
2881 3210 3031 3280 mihi,
3059 3213 3104 3267 si
3131 3214 3248 3284 quis
3277 3215 3488 3284 dixerit,
3513 3219 3622 3276 Duc

2040 3310 2092 3363 in
2122 3307 2378 3376 templum
2405 3303 2690 3368 idolorum,
2719 3312 2775 3358 et
2794 3303 2956 3370 vivet,
2986 3304 3240 3373 patieris?
3265 3306 3402 3376 Non,
3430 3309 3620 3383 inquit,

2038 3398 2253 3466 Quare?
2284 3398 2417 3464 Quia
2460 3395 2602 3464 cogit
2643 3393 2824 3450 colere
2868 3393 3007 3448 idola
3042 3413 3054 3449 :
3090 3395 3177 3450 hic
3203 3407 3378 3454 autem
3407 3419 3511 3458 non
3543 3415 3624 3460 est

2043 3488 2364 3550 idololatria,
2388 3484 2482 3540 sed
2507 3484 2702 3548 solum,
2729 3484 2918 3553 inquit,
2945 3484 3253 3541 incautatio.
3281 3489 3404 3544 llaec
3427 3503 3511 3547 est
3533 3510 3626 3549 co-

2041 3583 2227 3653 gitatio
2258 3580 2516 3647 satanica,
2544 3578 2628 3633 ha:
2674 3588 2798 3631 sunt
2841 3578 3123 3634 diabolica:
3169 3582 3376 3637 insidiae
3398 3626 3414 3650 ,
3447 3595 3625 3658 tegere

2043 3690 2304 3738 errorem,
2333 3683 2386 3727 et
2425 3674 2478 3727 in
2519 3673 2676 3726 melle
2699 3671 2832 3725 dare
2861 3687 3142 3727 venenum.
3176 3675 3437 3742 Quoniam
3480 3682 3630 3736 ιιογίι

2046 3784 2105 3823 se
2143 3767 2229 3820 illa
2272 3765 2371 3818 hac
2412 3765 2493 3816 via
2536 3777 2642 3817 non
2687 3776 3086 3832 persuasurum,
3114 3763 3384 3836 ingressus
3430 3779 3514 3824 est
3561 3774 3629 3826 ad

2047 3859 2277 3913 amuleta
2308 3867 2363 3911 et
2389 3857 2558 3910 aniles
2585 3853 2788 3908 fabulas
2818 3870 2831 3906 :
2860 3862 2915 3908 et
2937 3869 3068 3909 crux
3094 3857 3306 3926 quidem
3333 3859 3520 3916 aliecta
3547 3875 3632 3919 est

2049 3950 2362 4022 ignominia,
2411 3949 2579 4003 litera:
2619 3956 2799 4002 autem
2834 3945 2886 4001 in
2916 3947 3105 4018 majori
3149 3949 3354 4007 honore
3380 3965 3504 4010 sunt
3532 3955 3630 4011 lia-

2049 4045 2173 4100 biue
2202 4059 2214 4096 :
2244 4041 2488 4096 Christus
2513 4039 2610 4094 fuit
2635 4039 2858 4107 ejectus,
2879 4047 2934 4093 et
2957 4038 3311 4096 introducitur
3329 4061 3463 4101 anus
3485 4047 3631 4103 ebria

2051 4146 2104 4191 ct
2131 4133 2364 4191 delirans
2398 4149 2410 4184 :
2445 4131 2812 4184 conculcatum
2844 4138 2925 4183 est
2948 4139 3187 4184 nostrum
3215 4137 3549 4204 mysterium,
3578 4151 3634 4193 et

2052 4229 2246 4283 choros
2276 4223 2421 4278 ducit
2451 4221 2594 4275 fraus
2623 4218 2842 4274 diaboli.
2875 4219 2984 4273 Cur
3011 4235 3139 4288 ergo
3169 4237 3274 4276 non
3304 4228 3479 4295 arguit
3498 4269 3513 4291 ,
3546 4229 3631 4282 iti-

2052 4321 2186 4390 qnit,
2221 4314 2404 4370 Deus?
2433 4310 2586 4379 Quod
2614 4310 2681 4364 ab
2710 4310 2775 4364 iis
2799 4308 2958 4363 datur
2983 4311 3236 4367 auxilium
3267 4329 3410 4385 saepe
3440 4322 3630 4389 arguit,
3672 4389 3682 4398 .

2055 4419 2109 4465 et
2135 4406 2228 4461 tibi
2249 4420 2352 4458 non
2382 4401 2645 4472 persuasit
2673 4418 2687 4453 :
2711 4401 2820 4469 jam
2839 4399 3366 4460 dimittiteriantem.
3401 4405 3634 4466 Tradidit

2054 4501 2222 4562 enim,
2267 4495 2457 4564 inquit,
2503 4493 2640 4562 ipso;
2670 4490 2808 4545 Deus
2836 4491 2889 4544 in
2917 4492 3184 4561 reprobum
3212 4511 3412 4550 remum
3452 4498 3632 4569 (Rom.

2057 4587 2242 4659 1.28).
2261 4586 2388 4642 Hmc
2410 4599 2476 4639 ne
2494 4583 2741 4638 ethnicus
2761 4581 2996 4666 quidem,
3015 4583 3105 4652 qui
3123 4585 3279 4666 sapit,
3305 4587 3631 4648 toleraverit.

2059 4683 2261 4740 Dicitur
2287 4678 2501 4752 quidam
2529 4685 2711 4732 orator
2739 4664 2918 4746 p0puli
2947 4664 3480 4750 Athenis—aliquando
3520 4685 3633 4742 ιιωο

2059 4776 2160 4832 sibi
2182 4772 2480 4843 applicasse
2509 4787 2521 4823 :
2553 4768 2744 4822 deinde
2768 4782 2890 4824 cum
2917 4768 3132 4838 quidam
3176 4769 3539 4844 philosophus,
3571 4779 3634 4834 il-

2060 4866 2162 4921 lius
2178 4864 2429 4933 magister
2443 4875 2563 4916 eum
2581 4858 2820 4920 vidisset,
2837 4860 3266 4931 reprehendisse,
3282 4878 3634 4935 conquestum

2059 4971 2201 5020 esse,
2225 4949 2597 5013 momordisse.
2622 4947 2940 5003 traduxisse.
2959 4947 3069 5006 Nos
3087 4961 3266 5009 autem
3287 4953 3423 5011 adeo
3443 4957 3639 5016 misere

2060 5044 2234 5102 allecti
2260 5057 2481 5108 sumus,
2509 5049 2568 5095 ut
2597 5039 2678 5102 his
2705 5039 3004 5095 credamus.

2133 5139 2236 5195 Cur
2259 5137 2505 5192 miracula
2534 5152 2633 5189 non
2659 5134 2806 5203 ﬁant.
2844 5133 3194 5202 Quarundam
3226 5143 3635 5210 superstitionum

2062 5231 2353 5300 descriptio.
2395 5257 2466 5270 —
2481 5227 2588 5284 Cor
2609 5241 2714 5282 non
2737 5235 2882 5292 sunt,
2912 5227 3139 5298 inquies,
3157 5229 3248 5300 qui
3262 5243 3503 5291 mertuos
3515 5253 3634 5294 sus-

2062 5327 2248 5390 citent,
2279 5331 2334 5377 et
2372 5320 2673 5375 curationes
2705 5316 2992 5387 peragant?
3019 5316 3147 5384 Cur,
3192 5331 3298 5374 neu
3324 5323 3445 5377 dico
3475 5341 3488 5376 :
3540 5341 3638 5383 cur

2063 5429 2204 5472 nunc
2229 5428 2335 5468 non
2362 5419 2486 5465 sunt
2515 5407 2603 5479 qui
2635 5407 2799 5462 vitam
2822 5407 3119 5475 despiciant
3150 5420 3468 5479 prtesentem
3488 5413 3513 5467 ?
3537 5431 3635 5473 cur

2065 5504 2312 5562 mercede
2357 5502 2465 5556 Deo
2506 5499 2806 5556 servimus?
2838 5498 3062 5565 Quando
3101 5500 3418 5562 imbecillius
3445 5507 3633 5564 auecta

2065 5607 2183 5654 erat
2221 5595 2449 5650 humana
2493 5604 2712 5656 natura;
2741 5591 2954 5661 quando
2995 5595 3272 5661 oportebat
3320 5597 3542 5667 plautari
3571 5603 3632 5656 ti-

2067 5691 2212 5752 dem,
2245 5696 2395 5744 erant
2423 5686 2572 5744 multi
2602 5683 2940 5757 liujusmodi;
2984 5700 3120 5742 nunc
3149 5697 3325 5740 autem
3368 5703 3474 5745 non
3523 5694 3638 5750 vult

3250 5782 3330 5842 28
