4064 6210
429 258 536 315 559

427 384 528 424 nos
561 368 793 442 pendere
820 367 888 422 ab
918 363 1002 420 his
1031 363 1215 434 signis,
1245 359 1340 415 sed
1382 367 1594 429 paratos
1619 371 1738 412 esse
1769 354 1834 409 ad
1866 368 2007 408 mor—

423 472 562 518 tem.
579 461 689 514 Cur
716 473 842 529 ergo
867 457 990 511 vitae
1017 453 1264 526 praisenti
1290 449 1560 505 inlueres?
1587 463 1681 502 cur
1705 446 1875 500 futura
1902 461 2007 500 non

429 552 663 624 aSpicis?
701 561 756 606 et
783 566 878 620 pro
906 549 1006 603 hac
1033 545 1247 616 quidem
1277 543 1439 596 etiam
1477 539 1614 595 idola
1644 539 1820 594 colere
1847 539 2009 591 susti-

431 661 551 712 nes,
585 660 680 716 pro
709 642 799 698 illa
825 648 1002 694 autem
1033 653 1100 690 nc
1131 634 1310 688 subire
1338 631 1553 701 quidem
1580 631 1814 700 aliquam
1846 627 2010 682 animi

432 729 841 806 n‘gritudinem?
873 729 1161 795 Propterea
1203 739 1307 776 non
1347 732 1470 776 sunt
1513 735 1652 775 nunc
1696 719 1850 783 tales,
1873 733 2006 787 quo-

432 827 571 881 niam
603 822 769 893 turpis
797 818 951 874 nobis
979 818 1089 870 visa
1116 823 1199 868 est
1226 813 1313 866 illa
1343 812 1478 874 vita;
1508 809 1769 880 siquidem
1799 824 1893 878 pro
1922 807 2008 860 illa

431 917 560 970 nihil
584 915 810 984 agimus,
841 923 935 978 pro
963 907 1062 961 hac
1087 915 1263 959 autem
1296 903 1426 958 nihil
1445 914 1751 954 recusamus
1780 896 2006 966 perpeti.

429 1007 564 1075 Quid
592 1019 720 1060 vero
748 1001 888 1056 aliud
917 1013 1129 1069 quouue
1156 994 1436 1049 ridiculum
1463 1032 1477 1056 ,
1522 991 1658 1044 cinis
1683 999 1736 1042 ct
1763 987 1925 1057 fuligo
1954 995 2010 1040 et

429 1098 612 1153 sales?
634 1103 688 1150 et
713 1106 897 1148 rursus
921 1092 976 1145 in
1005 1086 1237 1142 medium
1271 1082 1445 1154 prodit
1468 1080 1696 1135 anicula.
1723 1078 1826 1133 Res
1856 1079 2009 1146 plane

431 1185 652 1243 ridicula
680 1192 736 1240 et
763 1180 1026 1254 pudenda.
1055 1177 1122 1232 Et
1149 1175 1358 1242 oculus,
1391 1174 1560 1243 inquit
1587 1211 1602 1238 ,
1630 1171 1804 1240 rapuit
1833 1167 2006 1224 infan-

405 1275 408 1280 ’
429 1290 561 1334 tem.

500 1369 556 1424 6.
587 1367 875 1434 Quousque
906 1363 1020 1417 haec
1039 1359 1272 1415 satanica
1295 1359 1319 1413 ?
1339 1355 1606 1428 quomodo
1633 1370 1737 1409 non
1765 1351 2013 1408 ridebunt

433 1457 653 1515 Grmci?
679 1454 948 1526 quomodo
977 1467 1084 1507 non
1116 1448 1519 1506 subsannabunt
1542 1486 1558 1512 ,
1586 1445 1796 1516 quando
1821 1443 1900 1498 eis
1925 1442 2009 1496 di-

430 1565 613 1606 cemus
638 1561 883 1617 magnam
910 1558 1030 1599 esse
1053 1543 1302 1596 virtutem
1324 1537 1536 1593 crucis?
1558 1535 1826 1606 quomodo
1855 1534 1905 1588 id
1932 1534 2010 1588 eis

429 1640 834 1712 persuadebitur
855 1679 870 1702 ,
897 1651 1018 1692 cum
1048 1633 1262 1688 videant
1289 1646 1387 1685 nos
1415 1644 1550 1701 opus
1576 1629 1773 1682 habere
1799 1627 1863 1682 iis
1893 1641 2010 1696 quae

429 1735 531 1805 ipsi
563 1730 825 1789 irrident?
868 1738 1151 1799 propterea
1184 1726 1326 1780 Deus
1371 1723 1517 1779 dedit
1551 1722 1787 1776 medicos
1813 1728 1867 1774 et
1894 1733 2008 1771 me-

430 1822 774 1878 dicamenta?
818 1819 955 1886 Quid
988 1832 1116 1872 vero
1139 1857 1156 1879 ,
1182 1816 1227 1870 si
1259 1815 1333 1869 illi
1366 1829 1468 1868 non
1496 1821 1722 1876 curent,
1755 1808 1849 1864 sed
1881 1822 2012 1878 puer

430 1913 684 1971 excedat?
701 1912 817 1978 Quo
837 1911 967 1978 abit,
981 1910 1294 1978 dic,qua:so,
1319 1903 1502 1960 infelix
1527 1911 1581 1958 et
1601 1902 1799 1957 miser?
1815 1901 1881 1955 ad
1903 1901 2013 1955 daa-

429 2021 688 2063 monesne
715 2005 825 2061 abit
844 2012 898 2057 et
918 2001 983 2055 ad
1007 1998 1329 2072 tyrannum?
1353 2010 1530 2052 annon
1559 1996 1671 2050 abit
1697 1996 1747 2049 in
1777 1993 2010 2050 caelum?

430 2114 609 2156 annon
654 2095 721 2151 ad
765 2109 918 2151 suum
965 2090 1291 2146 Dominum?
1325 2087 1449 2159 quid
1496 2103 1623 2158 ergo
1664 2086 1857 2142 doles?
1883 2085 2010 2156 quid

431 2189 570 2247 fles?
596 2187 720 2258 quid
751 2184 937 2256 luges?
983 2182 1108 2252 quid
1157 2179 1414 2235 infantem
1443 2180 1610 2250 magis
1634 2177 1811 2248 diligis
1849 2193 2007 2247 quam

429 2279 757 2342 Dominum?
801 2289 980 2332 nonne
1024 2281 1241 2346 prepter
1293 2272 1441 2327 illum
1487 2285 1610 2326 eum
1663 2269 1871 2324 habes?
1910 2284 2008 2323 cur

437 2383 523 2431 est
568 2374 846 2442 ingratus,
894 2368 983 2437 qui
1036 2366 1232 2420 donum
1283 2364 1404 2436 plus
1451 2379 1599 2418 ames
1649 2379 1807 2433 quam
1859 2362 2007 2416 illum

430 2467 520 2537 qui
545 2458 736 2520 dedit?
784 2465 850 2515 At
875 2474 991 2513 sum
1020 2501 1032 2524 ,
1065 2459 1256 2528 inquit,
1289 2457 1610 2524 imbecillus,
1642 2465 1697 2511 et
1738 2470 1842 2510 non
1893 2454 2008 2510 fero

431 2558 527 2614 Dei
568 2555 836 2610 timorem.
867 2551 999 2605 Nam
1042 2550 1086 2603 si
1131 2549 1187 2602 in
1227 2548 1384 2602 malis
1425 2546 1794 2617 corporalibus
1836 2546 2010 2615 majus

433 2647 563 2718 tegit
606 2643 780 2699 minus
805 2682 822 2709 ,
848 2639 1018 2695 multo
1059 2638 1228 2708 magis
1269 2638 1322 2692 in
1361 2637 1536 2690 anima
1569 2637 1726 2692 timor
1749 2636 1912 2691 solvit
1939 2637 2009 2690 ti-

430 2753 658 2803 morem,
685 2744 742 2792 et
765 2735 919 2790 dolor
947 2733 1212 2788 dolorem.
1254 2729 1382 2784 Erat
1427 2745 1560 2802 puer
1608 2727 1869 2800 pulcher?
1898 2727 2007 2783 Sed

430 2827 955 2901 cujusmodicumque
983 2831 1150 2887 esset,
1185 2836 1290 2875 non
1318 2830 1435 2876 erat
1465 2820 1647 2874 lsaaco
1672 2817 1956 2888 pulchrior
1989 2835 2004 2872 :

430 2933 544 2978 erat
567 2920 655 2975 ille
681 2930 892 2988 quoque
919 2914 1129 2968 unicus.
1170 2909 1228 2966 in
1254 2919 1532 2966 senectute
1562 2909 1656 2963 tibi
1689 2917 1846 2963 natus
1876 2905 2008 2962 est?

431 3014 502 3069 Et
529 3011 640 3066 ille.
673 3008 778 3064 Sed
819 3017 902 3062 est
945 3013 1204 3059 venustus
1231 3011 1286 3056 et
1309 2999 1564 3069 elegans?
1609 2998 1805 3055 Verum
1831 2997 2009 3068 cujus-

429 3104 804 3172 modicumque
829 3100 918 3162 sit,
943 3112 1048 3152 non
1070 3105 1153 3151 est
1178 3094 1359 3165 Moyse
1399 3091 1673 3149 venustior
1701 3100 1755 3147 et
1782 3091 1999 3162 elegan-

428 3198 555 3261 tior,
589 3194 676 3263 qui
707 3193 864 3246 etiam
895 3187 1203 3244 barbaricos
1227 3184 1412 3239 oculos
1442 3183 1612 3237 illexit
1637 3181 1703 3237 ad
1736 3182 1820 3237 sui
1850 3196 2007 3236 amo-

429 3303 569 3353 rem,
595 3286 760 3354 idque
783 3298 846 3336 eo
876 3292 1116 3350 tempore
1143 3278 1335 3338 rotatis,
1371 3277 1420 3330 in
1449 3290 1554 3345 quo
1581 3274 1816 3330 nondum
1847 3289 2011 3343 appao

431 3387 517 3432 ret
545 3384 796 3431 venustas
822 3380 876 3428 ct
900 3369 1164 3441 elegantia
1188 3383 1204 3433 ;
1231 3366 1326 3422 sed
1375 3376 1550 3422 tamen
1592 3381 1716 3420 eum
1755 3365 2007 3420 dilectum

431 3470 487 3524 in
516 3466 734 3522 fluvium
759 3464 1010 3535 iecerunt
1035 3469 1306 3532 parentes.
1329 3457 1407 3512 Tu
1438 3457 1653 3528 quidem
1678 3465 1732 3511 et
1757 3455 1904 3510 vides
1929 3454 2010 3526 ja-

429 3569 639 3616 centem
661 3600 677 3626 ,
701 3567 749 3612 et
783 3555 1000 3612 mandas
1032 3552 1323 3623 sepulturae
1342 3593 1358 3618 ,
1388 3559 1444 3604 et
1468 3551 1584 3605 abis
1612 3549 1679 3604 ad
1708 3549 1976 3604 munimen
1996 3578 2008 3588 -

430 3665 543 3708 tum
578 3671 590 3706 :
622 3651 697 3706 illi
742 3660 922 3704 autem
948 3646 1268 3701 nesciebant
1294 3657 1419 3697 num
1451 3642 1686 3712 piscibus
1715 3654 1839 3696 esca
1869 3647 2012 3694 esset

425 3745 659 3804 futurus,
683 3756 748 3793 an
779 3739 999 3794 canibus
1026 3777 1041 3802 ,
1071 3750 1138 3789 an
1169 3733 1326 3788 alicui
1357 3731 1449 3784 alii
1479 3732 1666 3787 bestia:
1693 3746 1760 3785 ex
1793 3730 1858 3786 iis
1887 3745 2008 3799 qua:

423 3839 720 3902 pascuntur
740 3829 792 3882 in
818 3827 950 3880 mari
974 3841 990 3880 :
1015 3833 1069 3879 et
1088 3824 1204 3878 haec
1227 3821 1513 3887 faciebant,
1537 3834 1658 3874 cum
1681 3819 1812 3872 nihil
1832 3819 2006 3874 adhuc

427 3925 628 3979 scirent
651 3919 718 3974 de
745 3931 929 3986 regno,
961 3930 1130 3984 neque
1157 3913 1225 3967 de
1249 3910 1660 3966 resurrectione.
1692 3909 1762 3962 At
1787 3923 1890 3962 non
1922 3918 2005 3963 est

425 4012 640 4076 unicus,
668 4006 762 4062 sed
803 4007 918 4076 ipse
944 4019 1156 4074 quoque
1183 4010 1305 4071 post
1333 4002 1530 4054 multos
1582 3999 1855 4054 excessit?
1901 4000 2007 4055 Sed

429 4115 538 4158 non
580 4109 685 4154 tam
732 4094 1008 4167 repentina
1034 4103 1088 4148 et
1116 4102 1222 4146 tam
1248 4091 1581 4146 accumulata
1613 4090 1884 4159 tristisque
1913 4087 2012 4144 fuit

429 4193 726 4257 calamitas,
749 4204 905 4260 quam
929 4201 1049 4256 quas
1069 4184 1203 4241 Jobo
1224 4183 1417 4238 accidit
1441 4201 1454 4237 :
1484 4199 1588 4238 non
1615 4191 1754 4238 tecto
1775 4182 2008 4253 dejecto,

427 4301 536 4340 non
568 4283 707 4337 inter
734 4277 1120 4351 prandendum,
1155 4291 1258 4330 non
1289 4274 1681 4331 calamitatibus
1726 4276 1871 4345 prius
1915 4277 2012 4330 an-

366 4411 375 4419 -
424 4375 706 4431 nuntiatis.
745 4375 813 4426 At
842 4387 871 4425 a
904 4380 953 4425 te
983 4370 1344 4440 diligebatur?
1387 4367 1492 4424 Sed
1520 4385 1626 4423 non
1658 4370 1825 4439 magis
1849 4385 2007 4440 quam

427 4468 626 4538 Ioseph
653 4465 940 4521 devoratus
965 4478 996 4516 a
1027 4462 1232 4525 bestia;
1263 4460 1357 4514 sed
1384 4470 1561 4516 tamen
1588 4461 1707 4515 tulit
1730 4461 2008 4516 calamita-

422 4569 560 4623 tem,
583 4566 636 4611 ct
656 4570 776 4625 qua:
804 4563 922 4623 post
943 4553 1085 4606 illam
1109 4550 1334 4617 exstitit,
1357 4561 1410 4606 et
1438 4567 1556 4622 quae
1583 4561 1704 4621 post
1730 4552 1884 4607 hanc.
1906 4553 2009 4606 Pa-

1147 253 1206 307 S.
1245 245 1523 304 JOANle
1561 238 2031 300 CHRYSOSTOMI
2068 239 2380 295 AliClllEi‘.
2421 241 2953 298 CONSTANT‘XNOP.

3598 241 3700 298 5ΰο

2120 361 2199 407 ter
2226 352 2390 420 flevit,
2419 353 2514 409 sed
2542 369 2647 408 non
2677 355 2836 424 impie
2863 369 2922 409 se
2951 355 3154 425 gessit;
3185 355 3337 419 luxit,
3361 355 3455 411 sed
3483 371 3588 410 non
3618 359 3698 410 in-

2118 443 2465 498 tolerabiliter
2488 445 2633 511 tulit,
2673 445 2767 500 sed
2800 460 2966 514 usque
2991 445 3056 498 ad
3091 445 3206 499 haec
3236 445 3396 501 verba
3424 448 3691 511 constitit,

2116 534 2333 598 dicens,
2364 534 2557 604 Joseph
2587 553 2688 591 non
2715 547 2806 601 est,
2837 537 3059 608 Symeon
3085 555 3184 592 non
3215 549 3288 592 est
3307 581 3321 604 ,
3355 550 3400 592 et
3431 537 3700 609 Benjamin

2116 625 2398 694 auferetis?
2425 628 2478 684 in
2510 643 2590 681 me
2613 631 2750 698 facta
2781 639 2899 682 sunt
2930 630 3099 682 omnia
3127 627 3295 701 (Gen.
3317 627 3407 684 42.
3431 630 3501 684 56
3524 629 3566 700 ).
3600 629 3696 684 Vi-

2117 717 2212 772 des
2237 718 2502 787 quomodo
2530 719 2602 774 illi
2632 720 2957 789 persuaserit
3000 719 3157 774 famis
3194 721 3435 791 tyrannis
3467 730 3525 775 ut
3548 721 3692 776 filios

2117 807 2453 878 despiceret;
2484 809 2624 879 apud
2669 819 2722 864 te
2764 819 2942 864 autem
2992 825 3098 865 non
3147 819 3350 864 tantum
3396 819 3572 879 potest
3604 810 3696 865 Dei

2117 911 2292 956 metus
2314 943 2329 966 ,
2357 912 2613 972 quantum
2653 900 2858 956 fames?
2887 901 3209 972 Lacrymare
3231 941 3247 964 ,
3276 916 3382 956 non
3411 913 3575 967 veto;
3602 902 3699 957 sed

2118 993 2246 1048 nihil
2272 994 2638 1064 blasphemum
2659 993 2861 1049 dixeris
2882 1009 2980 1049 nec
3000 993 3209 1048 feceris.
3235 992 3700 1062 Cujusmodicum-

2117 1100 2220 1155 que
2269 1085 2339 1138 sit
2384 1084 2542 1150 filius,
2571 1100 2676 1139 non
2710 1095 2794 1138 est
2818 1099 2941 1139 cum
2969 1084 3139 1139 Abele
3167 1083 3523 1140 conferendas
3554 1101 3569 1136 :
3600 1081 3700 1138 sed

2119 1176 2249 1230 nihil
2282 1175 2384 1228 tale
2414 1175 2549 1230 dixit
2580 1175 2772 1230 Adam.
2827 1175 2986 1245 Atqui
3017 1176 3194 1244 gravis
3218 1185 3334 1229 erat
3363 1175 3449 1228 illa
3475 1174 3698 1228 calami-

2119 1275 2200 1322 tas
2229 1284 2242 1322 :
2275 1267 2400 1336 quid
2431 1267 2574 1321 enim
2616 1268 2828 1336 gravius
2851 1309 2866 1333 ,
2897 1282 3055 1336 quam
3087 1266 3229 1336 quod
3273 1269 3436 1320 frater
3480 1266 3698 1320 fratrem

2117 1355 2485 1412 interfecerit?
2513 1357 2616 1412 Sed
2642 1357 2785 1412 enim
2813 1356 3039 1411 aliorum
3067 1373 3280 1426 quoque
3305 1356 3698 1411 fratricidarum

2117 1457 2413 1518 Opportune
2457 1448 2600 1502 subit
2641 1448 2898 1502 memoria
2948 1464 2961 1500 :
3013 1447 3158 1500 velut
3203 1447 3418 1516 quando
3463 1446 3698 1500 Absalon

2117 1542 2343 1593 Ammon
2390 1536 2656 1592 interfecit
2701 1538 3109 1607 primogenitum
3139 1537 3231 1606 (2.
3283 1538 3405 1607 Reg.
3455 1537 3562 1608 13)
3592 1554 3608 1590 :
3640 1548 3701 1590 et

2117 1629 2282 1684 David
2306 1645 2402 1684 rex
2433 1629 2644 1683 amabat
2685 1644 2932 1698 puerum,
2963 1639 3014 1682 et
3047 1629 3097 1682 in
3128 1643 3286 1682 sat-co
3307 1627 3519 1697 quidem
3539 1628 3695 1697 jace-

2118 1722 2209 1777 bat
2235 1733 2288 1778 et
2314 1724 2514 1778 cinere.
2559 1721 2673 1777 Non
2708 1737 2838 1776 vero
2866 1721 3088 1775 adduxit
3122 1721 3449 1774 divinatores
3473 1760 3488 1782 ,
3523 1734 3699 1785 neque

2119 1814 2499 1877 incantatores,
2529 1813 2627 1866 etsi
2659 1823 2782 1866 tunc
2811 1822 3000 1877 erant;
3051 1811 3208 1880 idque
3253 1810 3484 1864 ostendit
3519 1809 3645 1864 Sam
3680 1825 3696 1861 :

2117 1915 2172 1959 at
2198 1905 2309 1960 Deo
2334 1904 2682 1974 supplicabat.
2733 1903 2813 1958 Tu
2849 1919 3062 1974 quoque
3096 1904 3148 1958 id
3195 1903 3276 1957 fac
3307 1903 3488 1973 :quod
3520 1901 3698 1972 justus

2117 1996 2261 2060 facit,
2285 1995 2368 2050 fac
2399 2004 2452 2048 tu
2481 2009 2691 2065 quoque
2721 2013 2735 2049 :
2770 1994 2955 2050 eadem
2987 1994 3073 2049 dic
3099 1994 3279 2057 verba,
3304 1992 3518 2065 quando
3548 2008 3698 2047 mor-

2123 2096 2244 2141 tuus
2272 2085 2430 2141 fuerit
2469 2084 2684 2141 infans:
2715 2086 2826 2156 Ego
2869 2086 2936 2140 ad
2980 2088 3150 2156 ipsum
3190 2085 3375 2151 abibo,
3406 2089 3522 2157 ipse
3571 2104 3701 2144 vero

2119 2195 2224 2233 non
2248 2179 2426 2232 veniet
2455 2181 2520 2232 ad
2551 2194 2655 2232 me.
2687 2177 2800 2232 Hoc
2821 2186 2906 2233 est
2933 2177 3287 2249 philosophia:
3309 2221 3324 2244 ,
3349 2179 3452 2234 hoc
3479 2191 3566 2234 est
3599 2181 3697 2235 be-

2117 2269 2452 2326 nevolentiae.
2483 2268 2554 2325 Ut
2597 2284 2747 2325 ames
2790 2268 3083 2336 infantem,
3115 2284 3221 2324 non
3273 2279 3475 2325 tantum
3522 2287 3697 2336 amas,

2116 2374 2371 2432 quantum
2400 2363 2491 2419 ille
2516 2372 2641 2418 tunc
2664 2404 2680 2430 ,
2707 2363 2916 2417 etiamsi
2944 2372 3087 2416 esset
3115 2371 3270 2416 natus
3295 2377 3359 2416 ex
3388 2363 3649 2417 adulterio
3683 2381 3699 2416 :

2118 2454 2399 2508 tenebatur
2442 2463 2620 2508 autem
2650 2461 2778 2507 tunc
2808 2453 2898 2507 ille
2923 2452 3111 2506 beatus
3137 2467 3352 2506 summo
3383 2453 3570 2506 matris
3601 2452 3700 2507 dc-

2116 2544 2332 2599 siderio.
2380 2544 2538 2599 Scitis
2587 2553 2764 2599 autem
2813 2542 2973 2599 fastus
3019 2543 3216 2597 amoris
3265 2554 3540 2612 parentum
3573 2559 3702 2612 μαι·-

2118 2637 2305 2706 ticipes
2331 2651 2472 2692 esse.
2523 2637 2587 2690 Et
2619 2645 2796 2691 tantus
2837 2647 2955 2691 erat
2998 2651 3168 2700 amor,
3195 2645 3252 2689 ut
3297 2644 3352 2689 cl
3392 2636 3434 2690 si
3481 2645 3704 2705 propter

2115 2743 2236 2784 eum
2268 2729 2408 2785 male
2431 2729 2670 2795 audiret,
2701 2729 2858 2785 vellet
2887 2739 3063 2782 tamen
3093 2743 3212 2782 eum
3244 2729 3427 2782 vivere
3453 2744 3468 2782 :
3498 2727 3592 2782 sed
3623 2738 3705 2780 ta-

2116 2838 2238 2877 men
2268 2822 2377 2877 Deo
2406 2822 2512 2892 egit
2539 2822 2759 2891 gratias.
2808 2820 3091 2888 Quomodo
3135 2818 3379 2874 affectam
3421 2820 3702 2874 existimas

2117 2911 2278 2968 fuisse
2307 2912 2627 2974 Rebeccam,
2654 2911 2864 2982 quando
2890 2911 3090 2966 Jacobo
3122 2912 3352 2966 minatus
3380 2921 3462 2966 est
3488 2910 3654 2966 frater
3676 2912 3702 2963 ἲ

2116 3004 2365 3059 maritum
2398 3021 2502 3058 non
2532 3001 2711 3057 affecit
2743 3003 2988 3058 molestia
3013 3043 3028 3064 .
3059 3003 3153 3058 sed
3181 3003 3340 3072 jussit
3364 3017 3488 3056 eum
3514 3018 3702 3057 antan-

2116 3095 2266 3149 dare.
2289 3096 2474 3165 Cogita
2507 3109 2626 3164 quae
2653 3103 2778 3148 sunt
2803 3094 2884 3147 his
2915 3093 3094 3163 pejora
3121 3134 3136 3159 ,
3167 3109 3286 3148 cum
3310 3108 3472 3163 grave
3500 3093 3701 3163 aliquid

2118 3187 2333 3256 pateris,
2348 3197 2400 3241 et
2422 3185 2772 3240 sufficientem
2792 3185 3012 3239 habebis
3025 3184 3440 3240 consolationem
3458 3200 3473 3243 ;
3491 3194 3547 3238 et
3560 3184 3702 3254 apud

2119 3284 2170 3332 te
2195 3285 2401 3346 reputa,
2430 3277 2556 3346 quid
2587 3276 2632 3330 si
2660 3277 2712 3330 in
2742 3275 2882 3330 bello
2914 3284 3059 3329 esset
3084 3284 3326 3330 mortuus
3351 3275 3375 3327 τ
3417 3275 3544 3343 quid
3571 3276 3617 3329 si
3643 3275 3703 3330 in

2118 3366 2356 3436 igne?et
2381 3365 2638 3437 quidquid
2685 3365 2826 3435 passi
2878 3363 3156 3433 fuerimus,
3205 3365 3452 3434 graviora
3495 3369 3700 3434 cogite-

2117 3473 2237 3514 mus
2256 3500 2270 3523 ,
2297 3467 2353 3514 et
2378 3459 2455 3513 sic
2485 3457 2842 3513 sufficientem
2888 3457 3201 3513 habebimus
3229 3457 3650 3512 consolationem
3679 3474 3697 3520 ;

2115 3561 2170 3607 ct
2194 3565 2287 3606 eos
2309 3550 2399 3622 qui
2423 3551 2666 3620 graviora
2691 3550 2831 3620 passi
2852 3559 2997 3614 sunt,
3021 3564 3233 3620 semper
3251 3547 3656 3605 consideremus
3681 3564 3697 3610 ;

2118 3655 2327 3696 necnon
2358 3641 2532 3711 si_ipsi
2563 3641 2806 3711 graviora
2854 3638 3144 3709 aliquando
3187 3639 3328 3708 passi
3372 3651 3576 3692 sumus.
3608 3635 3702 3692 Sic

2116 3732 2275 3786 etiam
2305 3731 2548 3787 hortatur
2571 3731 2788 3797 Paulus,
2819 3742 2877 3785 ut
2915 3729 3130 3800 quando
3155 3729 3305 3795 dicit,
3336 3727 3584 3784 Nondum
3609 3743 3700 3780 us-

2116 3838 2214 3892 que
2232 3822 2300 3875 ad
2317 3824 2609 3893 sanguinem
2629 3821 2877 3876 restitistis
2893 3819 3134 3874 adversus
3156 3831 3415 3886 peccatum
3435 3819 3702 3871 decertan-

2117 3924 2189 3968 tes
2205 3913 2388 3988 (Hebr.
2414 3914 2499 3969 12.
2525 3915 2611 3982 4);
2633 3923 2686 3968 et
2705 3929 2910 3978 rursus,
2932 3912 3165 3968 Tentatio
3186 3928 3270 3967 nos
3293 3929 3393 3966 non
3409 3911 3699 3981 apprehen-

2118 4007 2212 4072 dit,
2239 4007 2335 4060 nisi
2362 4007 2586 4060 humana
2611 4006 2697 4078 (1.
2723 4003 2841 4062 Cor.
2873 4005 2960 4060 10.
2991 4005 3058 4060 l3
3083 4005 3122 4076 ).
3155 4004 3225 4058 Iis
3253 4019 3380 4073 ergo
3404 4019 3524 4073 qua:
3552 4003 3694 4072 passi

2116 4098 2377 4154 fuerimus
2401 4099 2643 4170 graviora
2671 4098 3105 4158 consideremus;
3138 4097 3469 4152 inveniemus
3513 4097 3693 4161 enim;

2119 4200 2171 4245 et
2191 4191 2267 4246 sic
2284 4191 2486 4245 erimus
2506 4189 2660 4260 grati.
2689 4191 2827 4244 Ante
2847 4189 3024 4244 omnia
3048 4197 3248 4253 autem,
3278 4195 3494 4256 propter
3515 4187 3696 4241 omnia

2113 4280 2329 4336 assidue
2357 4281 2556 4350 gratias
2584 4293 2802 4350 agamus
2832 4297 2846 4332 :
2879 4278 2956 4332 sic
2987 4279 3128 4334 enim
3156 4289 3211 4333 et
3241 4278 3356 4331 bmc
3382 4277 3692 4340 cessabunt,

2116 4381 2175 4428 et
2198 4387 2296 4427 nos
2323 4372 2390 4426 ad
2420 4371 2511 4425 Dei
2537 4371 2761 4441 gloriam
2791 4370 3053 4435 vivemus,
3075 4379 3131 4424 et
3153 4369 3291 4424 bona
3316 4367 3582 4438 promissa
3608 4380 3699 4419 as-

2119 4477 2407 4532 sequemur
2435 4477 2449 4514 :
2479 4477 2598 4531 quae
2643 4459 2800 4515 detur
2837 4459 2992 4514 nobis
3021 4461 3233 4530 assequi
3261 4460 3430 4530 gratia
3458 4467 3516 4512 et
3541 4456 3699 4512 beni-

2119 4556 2338 4625 gnitate,
2367 4562 2474 4610 etc.

432 4661 3629 4688 Μ’*

1809 4736 2151 4799 HOMILIA
2193 4736 2313 4799 IX.

434 4881 562 4934 Car.
593 4881 647 4936 '5.
673 4897 729 4934 ν.
760 4880 849 4935 16.
893 4878 1110 4932 Verbum
1152 4877 1334 4931 Christi
1363 4877 1546 4931 habitet
1589 4877 1641 4931 in
1679 4879 1816 4931 vobis
1851 4879 2012 4933 abun-

506 4971 708 5033 danter,
745 4972 799 5024 in
836 4971 972 5023 omni
1009 4971 1255 5039 sapientia
1293 4969 1525 5023 docentes
1564 4980 1612 5023 et
1641 4982 2012 5024 commonentes

511 5079 596 5116 stos
625 5065 760 5131 ipsos
790 5064 841 5114 in
869 5061 1078 5130 psalmis
1105 5072 1150 5113 et
1181 5060 1380 5131 hymnis
1420 5070 1467 5115 et
1491 5061 1699 5114 canticis
1724 5062 2012 5130 spirituali-

510 5153 625 5218 bus,
650 5155 701 5205 in
730 5153 896 5222 gratia
921 5161 1177 5204 cantantes
1204 5155 1257 5204 in
1280 5152 1514 5204 cordibus
1542 5152 1716 5204 vestris
1746 5151 1964 5205 Domino
1994 5167 2014 5206 .'

508 5247 598 5299 i7.
643 5256 700 5299 et.
755 5260 899 5298 omne
944 5244 1289 5312 quodcumque
1318 5243 1486 5312 facitis
1529 5243 1582 5295 in
1618 5243 1770 5295 uerbo
1825 5253 1914 5295 aut
1958 5243 2012 5296 in

506 5353 678 5406 Opere,
705 5339 875 5392 omnia
915 5339 966 5391 in
993 5337 1195 5390 nomine
1221 5334 1433 5388 Domini
1463 5336 1619 5388 nostri
1651 5334 1776 5388 Jesu
1802 5333 2008 5401 Christi,

507 5428 698 5498 gratius
717 5438 918 5497 agentes
948 5427 1051 5481 Deo
1080 5437 1124 5482 et
1149 5426 1296 5479 Patri
1322 5442 1410 5495 per
1439 5427 1624 5494 ipsum.

507 5518 558 5572 1.
591 5518 852 5582 Quomodo
873 5520 1001 5588 grati
1028 5519 1079 5570 in
1103 5517 1264 5570 Deum
1294 5516 1404 5583 ﬁeri
1433 5517 1702 5584 possimus.
1729 5514 2014 5584 Scriptura:

426 5607 856 5673 sacrwfegeudw.
889 5638 961 5651 --
989 5609 1121 5664 Cum
1159 5608 1416 5664 suasisset
1459 5621 1578 5662 esse
1618 5615 1821 5676 gratos,
1870 5605 2007 5660 viam

2118 4877 2371 4934 ostendit.
2415 4878 2584 4945 Quam
2613 4878 2793 4933 illam?
2842 4878 2922 4935 De
2964 4895 3067 4949 qua
3105 4893 3204 4933 nos
3231 4876 3508 4932 vobiscum
3552 4877 3702 4946 prius

2120 4968 2491 5024 disseruimus.
2536 4968 2673 5037 Quid
2693 4969 2925 5025 dicens?
2960 4968 3174 5024 Verbum
3207 4969 3393 5024 Christi
3419 4967 3615 5021 habitet
3644 4968 3697 5020 in

2118 5060 2255 5112 vobis
2297 5059 2632 5113 abundanter.
2688 5060 2796 5114 lmo
2834 5075 2966 5115 vero
3016 5077 3120 5114 non
3167 5059 3304 5115 hanc
3350 5059 3548 5122 solum,
3606 5058 3707 5111 sed

2121 5149 2284 5203 etiam
2307 5149 2484 5202 aliam.
2514 5147 2646 5202 Nam
2671 5165 2770 5220 ego
2790 5152 3004 5220 quidem
3035 5151 3166 5218 disi,
3195 5149 3337 5220 quod
3361 5157 3580 5218 oportet
3602 5161 3704 5202 eos

2118 5243 2285 5294 etiam
2332 5255 2617 5296 recensere
2645 5243 2734 5311 qui
2775 5258 3021 5313 graviora
3059 5244 3199 5313 passi
3230 5253 3372 5305 stmt,
3423 5252 3481 5296 et
3521 5243 3706 5296 animo

2120 5345 2334 5384 versare
2362 5345 2456 5384 eos
2489 5334 2576 5401 qui
2615 5335 2983 5389 sustinuerunt
3019 5349 3081 5390 ac
3107 5335 3408 5388 tolerarunt
3452 5333 3705 5402 graviora

2119 5441 2277 5494 quam
2303 5439 2419 5487 nos,
2452 5436 2505 5479 et.
2531 5429 2729 5496 gratias
2761 5443 2921 5496 agere
2947 5430 3085 5499 quod
3121 5428 3207 5481 illa
3239 5443 3343 5481 non
3371 5425 3650 5482 evenerint
3684 5441 3700 5475 :

2121 5514 2235 5584 ipse
2262 5531 2387 5569 vero
2413 5516 2536 5586 quid
2569 5517 2735 5572 dicit?
2787 5517 3000 5572 Verbum
3043 5518 3227 5576 Christi
3257 5518 3440 5572 habitet
3480 5519 3535 5570 in
3562 5516 3710 5570 vobis

2123 5607 2470 5675 abundanter;
2513 5608 2615 5666 hoc
2637 5619 2742 5681 est,
2769 5611 3034 5689 doctrina,
3065 5619 3334 5686 dogmata,
3377 5608 3705 5676 admonitio,
