4072 6206
431 309 531 368 3M

429 430 616 500 φησὶν,
671 427 741 481 ἐν
786 427 929 496 ὑμῖν
962 428 1292 492 πλουσίως,
1342 427 1415 498 μὴ
1473 425 1682 491 ἁπλῶς,
1717 427 1852 480 ἀλλα
1885 427 2024 497 μετά

431 515 633 585 πολλῆς
650 515 747 584 τῆς
769 516 1107 586 περιουσίας.
1140 513 1436 568 Ἀκούσατε
1463 515 1580 568 ὅσοι
1601 514 1725 568 ἐστὲ
1741 512 2022 581 κωμικοὶ,

432 604 524 657 καὶ
561 602 816 670 γυναικὸς
852 603 938 656 καί
972 602 1178 656 παίδων
1206 602 1558 674 προΐστασθε,
1600 603 1717 663 πῶς
1769 602 1866 654 καὶ
1896 601 2024 670 ὑμῖν

435 691 720 759 ἐπιτρέπει
747 690 979 758 μάλιστα
996 690 1094 752 τὰς
1111 690 1334 760 Γραφάς
1355 688 1748 757 ἀναγινώσκειν
1769 705 1782 718 ·
1809 688 1906 740 καὶ
1927 688 2027 757 οὑχ

437 778 626 840 ἁπλῶς
649 777 770 829 οὑδὲ
803 776 880 840 ὡς
914 777 1126 848 ἔτυχεν,
1165 779 1300 831 ἀλλά
1327 777 1467 846 μετὰ
1502 777 1700 846 πολλῆς
1722 775 1821 845 τῆς
1856 792 2026 827 σπου-

436 867 550 936 δῆς.
581 865 790 935 ’Ὥσπερ
823 866 931 935 γάρ
965 868 992 916 0
1018 864 1272 928 πλούσιος
1305 867 1362 918 ἐν
1409 866 1655 936 χρήμασι
1683 863 1888 934 ζημίαν
1931 861 2029 915 καὶ

438 955 736 1023 καταδίκην
766 957 1012 1022 ἐνεγκεῖν
1035 955 1278 1018 δύναται,
1311 955 1484 1017 οὕτως
1506 956 1533 1006 0
1550 954 1796 1006 πλουτῶν
1827 954 1885 1006 ἐν
1905 951 2028 1020 δόγ-

442 1059 576 1112 μασι
609 1042 948 1110 φιλοσοφίας,
981 1043 1102 1112 ούχὶ
1136 1042 1326 1095 πενίαν
1369 1043 1550 1110 μόνον,
1601 1041 1735 1094 ἀλλά
1799 1041 1893 1093 καὶ
1924 1040 2030 1093 πά-

437 1148 536 1194 σας
587 1131 682 1192 τὰς
713 1131 997 1200 συμφορὰς
1020 1131 1257 1192 εὐκόλως
1303 1129 1463 1192 οἴσει,
1505 1132 1601 1182 καὶ
1627 1129 1839 1183 ἐκείνου
1870 1129 2026 1180 εὑκοο

437 1218 692 1290 λώτερον.
736 1219 882 1270 Ἐκεῖ
926 1220 1026 1288 μὲν
1064 1219 1173 1288 γάρ
1213 1219 1270 1269 ἐν
1298 1222 1366 1288 τῇ
1416 1217 1662 1271 διαλύσει
1692 1219 1792 1287 τῆς
1820 1217 2027 1286 ζημίας

436 1308 654 1375 ἀνάγκη
689 1307 780 1358 τὸν
819 1305 946 1357 ὄντα
990 1305 1244 1357 πλούσιον
1293 1305 1648 1358 ἐλαττοῦσθαι
1676 1305 1770 1357 καὶ
1803 1305 2026 1372 ἐλέγχε-

440 1395 567 1447 σθαι
593 1411 606 1424 ο
648 1393 750 1444 κᾶν
812 1392 1072 1454 πολλάκις
1108 1393 1266 1444 τοῦτο
1302 1394 1485 1465 πάθῃ,
1515 1393 1700 1444 οὑκέτι
1739 1391 2028 1462 δυνήσεται

445 1485 688 1551 ἐνεγκεῖν
705 1501 717 1512 ·
743 1481 976 1534 ἐνταῦθα
998 1481 1053 1534 δὲ
1077 1483 1175 1550 οὑχ
1195 1482 1369 1544 οὑτως
1388 1497 1403 1511 ο
1424 1482 1547 1535 οὐδὲ
1568 1482 1676 1553 γὰρ
1696 1480 2028 1548 δαπανῶμεν

443 1575 570 1634 τοὺς
596 1573 771 1639 ὑγιεῖς
792 1571 1108 1640 λογισμοὺς,
1128 1572 1260 1624 ὃταν
1281 1574 1526 1640 ἐνεγκεῖν
1546 1589 1602 1624 τι
1618 1571 1712 1644 δέῃ
1734 1570 1842 1624 τῶν
1869 1568 2032 1622 ἀδου-

445 1660 644 1730 λήτων,
665 1659 801 1712 ἀλλὰ
825 1660 1048 1730 μένουσι
1075 1659 1392 1722 διαπαντός.
1418 1661 1529 1712 Καὶ
1559 1661 1663 1729 ὅρα
1691 1659 1792 1729 τὴν
1811 1659 2029 1710 σύνεσιν

446 1744 542 1797 106
588 1743 863 1814 μακαρίου
896 1745 1114 1796 τούτου·
1154 1745 1269 1797 Οὑκ
1295 1739 1470 1797 εἶπεν·
1509 1745 1566 1796 Ὀ
1587 1743 1743 1812 λόγος
1772 1742 1867 1796 τοῦ
1892 1744 2030 1811 Χρι-

451 1831 576 1886 στοῦ
605 1834 663 1884 ὲν
685 1833 813 1902 ὑμῖν
841 1830 1002 1897 ἔστω,
1021 1831 1234 1895 ἀπλῶς,
1264 1832 1501 1896 άλλάτίς
1533 1833 1791 1886 Ἑνοικεί
1798 1848 1891 1894 τω,
1911 1832 2027 1894 καὶ,

447 1923 789 1985 Πλουσίως.
823 1921 919 1972 Ἐν
948 1919 1115 1987 πάσῃ
1133 1921 1318 1988 σοφίᾳ
1348 1919 1744 1984 διδάσκοντες
1765 1919 1864 1972 καὶ
1890 1935 2030 1970 νου-

445 2009 762 2085 θετοῦντες
799 2007 1073 2071 ἑαυτούς.
1103 2007 1213 2076 Την
1241 2008 1445 2077 ἀρετήν
1464 2024 1598 2076 φησι
1633 2005 1826 2074 σοφίαν
1850 2021 1862 2034 °
1886 2005 2031 2057 είκόο

446 2114 556 2162 τως
575 2113 589 2128 ο
619 2097 716 2149 καὶ
755 2096 787 2164 ή
815 2093 1291 2164 ταπεινοφροσύνη
1321 2094 1464 2164 γάρ,-
1483 2093 1578 2146 καὶ
1604 2096 1637 2163 ἡ
1666 2093 2032 2162 ἐλεημοσύνη,

451 2185 545 2238 καὶ
576 2185 679 2237 ὅσα
723 2180 972 2238 τοιαῦτα.
1010 2181 1170 2247 σοφία
1211 2181 1359 2233 ἐστίν
1380 2198 1393 2212 ο
1424 2181 1615 2253 ῶσπερ
1632 2177 1725 2234 οὑν
1746 2182 2028 2242 τάναντία,

448 2275 604 2326 ἄνοια
625 2287 638 2300 ο
669 2270 766 2321 καὶ
818 2267 925 2338 γὰρ
970 2267 1192 2338 ὠμότης
1225 2271 1283 2334 ἐξ
1313 2269 1522 2330 ἀνοίας.
1558 2270 1724 2322 Ὅθεν
1764 2267 2032 2338 πολλαχοῦ

448 2361 548 2430 τὴν
578 2358 760 2410 πᾶσαν
787 2356 1062 2426 ἁμαρτίαν
1093 2355 1406 2427 ἀφροσύνην
1438 2357 1617 2411 καλεῖ.
1638 2353 1808 2420 Ehe,
1843 2360 2030 2430 φησὶν,

448 2445 656 2513 ἄφρων
699 2443 769 2496 ἐν
809 2443 1024 2510 καρδίᾳ
1055 2443 1261 2497 αὐτοῦ·
1285 2447 1406 2497 Οὺκ
1443 2445 1575 2498 ἐστι
1602 2447 1767 2512 Θεόςο
1805 2447 1900 2500 καὶ
1934 2447 2036 2498 πά-

449 2534 554 2593 λιν,
597 2529 990 2600 Προσώζεσαι·
1023 2533 1120 2583 καὶ
1161 2529 1486 2598 ἐσὰπησαν
1516 2538 1570 2587 οί
1603 2534 1894 2602 μώλωπές
1915 2551 2034 2602 μου

451 2621 571 2676 ἀπὸ
605 2618 931 2688 προσώπου
961 2617 1072 2685 τῆς
1093 2619 1446 2688 ἀφροσύνης
1474 2639 1614 2689 μου.
1642 2622 1706 2674 Τί
1744 2620 1853 2691 γάρ
1884 2624 2036 2692 ἀνοη-

451 2709 690 2779 τότερον,
743 2707 865 2760 εἰπέ
909 2723 1021 2776 μοι,
1049 2705 1142 2758 τοῦ
1175 2708 1370 2760 ἑαυτὸν
1403 2709 1503 2779 μὲν
1537 2709 1728 2779 ἱμάτια
1774 2709 2036 2780 περιϐάλ-

452 2797 657 2858 λοντος,
682 2796 806 2858 106;
822 2794 878 2846 δὲ
897 2794 1161 2864 ἀδελφοὺς
1179 2794 1327 2866 [391]
1345 2798 1467 2860 τοὺς
1488 2797 1653 2850 αὑτοῦ
1671 2799 1911 2865 γυμνοὺς
1931 2815 2035 2850 πα-

457 2883 850 2953 ραδλέποντος;
877 2882 970 2935 τοῦ
990 2881 1158 2945 κύνας
1179 2884 1276 2952 μὲν
1303 2883 1618 2954 τρέφοντος,
1645 2884 1744 2955 τὴν
1773 2885 1828 2936 δὲ
1852 2886 2038 2938 είκόνα

451 2972 549 3027 τοῦ
595 2971 732 3025 Θεοῦ
779 2970 1145 3042 περιορῶντος
1189 2971 1248 3022 ὲν
1288 2970 1478 3042 λιμῷς
1521 2972 1618 3025 τοῦ
1662 2975 2035 3042 πεπεισμένου

455 3062 662 3126 ἁπλῶς,
698 3063 782 3114 ὅτι
808 3059 962 3114 οὐδὲν
995 3058 1065 3112 τὰ
1092 3059 1407 3130 ἀνθρώπινα
1437 3062 1761 3132 πράγματα,
1802 3065 1896 3117 καὶ
1926 3065 2037 3117 ῶσ-

455 3167 564 3220 περ
627 3147 918 3209 ἀθανάτοις
953 3148 1136 3209 αὑτοῖς
1183 3148 1657 3218 προστετηκότος;
1701 3150 1913 3223 Ὥσπερ
1943 3148 2036 3205 οὖν

456 3239 612 3293 οὐδὲν
650 3235 743 3290 τοῦ
787 3234 1030 3288 τοιούτου
1078 3235 1455 3304 ἀνοητότερον,
1482 3233 1656 3298 οὕτως
1685 3237 1838 3290 οὐδὲν
1871 3239 2042 3306 σοφώ-

456 3343 615 3397 τερον
638 3323 732 3376 106
758 3322 858 3392 τὴν
887 3321 1087 3392 ἀρετὴν
1133 3320 1548 3391 κατορθοῦντος.
1593 3323 1735 3392 Ὅρα
1768 3325 1894 3392 γὰρ,
1922 3324 2041 3387 πῶς

459 3412 622 3482 σοφός
677 3412 814 3474 ἐστι,
861 3408 1026 3478 φησί’
1067 3409 1388 3477 μεταδίδωσι
1431 3409 1540 3462 τῶν
1564 3409 1755 3475 όντων,
1789 3410 2040 3480 ἐλεήμων

459 3497 1021 3567 ὲστὶ,φιλάνθρωπος·
1049 3496 1264 3564 ἐπέγνω
1287 3497 1386 3566 τὴν
1419 3494 1582 3564 φύσιν
1618 3498 1700 3550 ὅτι
1735 3497 1912 3568 κοινή·
1945 3499 2043 3550 έπ-

463 3590 607 3657 έγνω
631 3585 730 3658 τήν
757 3585 866 3638 τῶν
894 3585 1195 3655 χρημάτων
1211 3585 1433 3655 χρῆσιν,
1451 3585 1532 3636 ὅτι
1553 3583 1767 3648 οὐδενὸς
1805 3584 1931 3649 ἀξία
1957 3584 2045 3638 λό-

461 3694 584 3746 γου·
614 3677 696 3729 ὅτι
723 3674 831 3727 τῶν
849 3673 1117 3743 σωμάτων
1140 3673 1248 3726 τῶν
1266 3673 1482 3726 οἰκείων
1501 3673 1582 3726 δεῖ
1600 3673 1880 3741 φείδεσθαι
1909 3675 2044 3742 μᾶλ-

461 3764 576 3825 λον,
613 3763 645 3830 ἢ
684 3763 794 3814 τῶν
830 3760 1153 3830 χρημάτων.
1213 3761 1304 3813 Διὸ
1352 3759 1513 3830 δόξης
1551 3761 1915 3832 καταφρονῶν
1952 3761 2044 3812 καὶ

465 3847 752 3918 φιλόσοφός
798 3849 978 3899 ὲστινο
997 3841 1108 3899 οἶδε
1137 3848 1248 3916 γάρ
1277 3847 1346 3900 τὰ
1369 3847 1686 3919 ἀνθρώπινα
1718 3849 2043 3918 πράγματα.

465 3937 587 3990 Τῶν
632 3933 792 3986 θείων
841 3933 937 3985 καὶ
993 3932 1352 4003 ἀνθρωπίνων
1395 3937 1740 4006 πραγμάτων
1774 3937 1978 4004 γνῶσις
2012 3937 2046 4007 ή

466 4021 778 4090 φιλοσοφία.
834 4017 1046 4072 Οὐκοῦν
1095 4015 1205 4074 οἶδε
1255 4021 1353 4091 μὲν
1381 4026 1509 4074 ποῖα
1537 4024 1677 4085 θεῖα,
1713 4027 1840 4077 ποῖα
1868 4025 1921 4077 δὲ
1955 4029 2048 4079 άν-

462 4109 733 4180 θρώπινα,
779 4108 874 4160 καὶ
914 4107 1019 4160 τῶν
1081 4109 1180 4178 μὲν
1219 4109 1501 4179 ἀπέχεται,
1530 4110 1706 4164 ταῦτα
1737 4111 1793 4165 δὲ
1817 4113 2048 4183 ἐργάζε-

465 4215 556 4251 ται
580 4211 593 4225 ⁸
630 4191 760 4260 οἶδε,
796 4197 888 4248 καὶ
913 4196 1226 4264 εὐχαριστεῖ
1259 4206 1285 4236 ι
1311 4195 1388 4266 τῷ
1422 4196 1543 4268 Θεῷ
1565 4203 1623 4250 εν
1653 4201 1820 4252 πᾶσιν
1845 4215 1859 4227 ·
1895 4200 2047 4252 οὐδὲν

465 4285 605 4341 εἶναι
637 4284 843 4353 νομίζει
872 4284 963 4334 τὸν
987 4285 1228 4354 παρόντα
1249 4282 1361 4353 βίον
1384 4299 1396 4312 ·
1426 4283 1512 4338 διά
1543 4285 1700 4340 τοῦτο
1722 4285 1841 4340 οὑδὲ
1863 4287 1954 4357 ἥδε
1967 4304 2047 4339 ται

465 4377 577 4437 τοῖς
624 4374 903 4443 χρηστοῖς,
942 4368 1067 4423 οὔτε
1122 4372 1370 4425 λυπεῖται
1421 4376 1534 4436 τοῖς
1578 4375 1867 4437 ἐναντίοις.
1896 4374 2048 4445 Μηδὲ

467 4461 790 4532 περιμείνῃς
835 4460 1023 4530 ἕτερον
1053 4459 1374 4512 διδάσκαλον
1395 4477 1407 4488 ·
1465 4460 1610 4530 ἔχεις
1645 4461 1715 4513 τά
1746 4462 1903 4529 λόγια
1953 4462 2046 4514 106

463 4551 636 4604 θεοῦο
665 4548 840 4610 οὑδείς
872 4564 931 4599 σε
985 4548 1229 4599 διδάσκει
1251 4546 1326 4609 ὡς
1374 4547 1584 4599 ἐκεῖνα.
1619 4544 1789 4610 Οὗτος
1819 4549 1916 4618 μὲν
1939 4549 2048 4618 γὰρ

471 4638 642 4692 πολλά
689 4637 783 4688 καὶ
823 4635 912 4687 διὰ
959 4634 1266 4698 κενοδοξίαν
1311 4635 1404 4686 καὶ
1451 4634 1540 4687 διά
1583 4633 1883 4703 βασκανίαν
1927 4638 2047 4689 επι-

471 4725 706 4794 κρύπτει
744 4723 1023 4786 πολλάκις.
1063 4724 1384 4790 Ἀκούσατε,
1417 4723 1745 4793 παρακαλῶ,
1778 4725 1978 4788 πάντες
2000 4726 2049 4778 of.

431 4818 436 4826 '
469 4813 740 4885 βιωτικοὶ,
788 4811 884 4866 κα)⁵
923 4810 1127 4864 κτᾶσθε
1169 4811 1349 4881 βιϐλία
1390 4813 1658 4882 φάρμακα
1695 4816 1795 4883 τῆς
1847 4815 2046 4885 ψυχῆς.

473 4909 536 4959 Εἰ
573 4906 739 4976 μηδὲν
772 4905 959 4976 ἕτερον
1005 4903 1287 4973 βούλεσθε,
1338 4902 1437 4975 τὴν
1478 4906 1611 4975 γοῦν
1657 4906 1870 4974 Καινὴν
1915 4907 2048 4977 κτή-

475 4996 665 5057 σασθε,
706 4993 815 5046 τῶν
857 4993 1170 5046 ἀποστόλων
1196 4980 1294 5056 τὰς
1334 4993 1590 5066 Πράξεις,
1626 4995 1695 5047 τὰ
1721 4995 2051 5064 Εὑαγγέλια,

471 5083 826 5148 διδασκάλους
858 5083 1147 5153 διηνεκεῖς.
1180 5084 1282 5136 “Av
1321 5083 1466 5154 λύπη
1509 5083 1713 5155 συμϐῇ,
1750 5083 1940 5155 ῶσπερ
1974 5086 2054 5149 είς

475 5173 759 5242 ἀποθήκην
821 5171 1126 5242 φαρμάκων
1173 5171 1448 5239 ἐγκυψον·
1512 5172 1644 5225 λάϐε
1701 5173 2056 5245 παραμυθίαν

476 5261 688 5316 ἐκεῖθεν
739 5260 834 5312 106
884 5257 1083 5320 δεινοῦ,
1128 5258 1193 5311 ἂν
1224 5257 1421 5328 ζημία,
1459 5259 1526 5313 ἂν
1547 5259 1795 5324 Θάνατος,
1823 5262 1888 5314 ἂν
1915 5263 2056 5315 ἀπο-

477 5348 608 5417 ϐολὴ
647 5348 860 5400 οἰκείων
880 5364 893 5378 ·
925 5347 1124 5416 μᾶλλον
1155 5347 1210 5400 δὲ
1256 5350 1330 5417 μὴ
1365 5346 1625 5413 ἑγκυπτε,
1653 5349 1790 5400 ἀλλά
1819 5349 2055 5404 ἀνάλαϐε

478 5435 678 5494 πάντα.
715 5435 803 5505 ἔχε
848 5436 940 5488 ἐπὶ
985 5437 1082 5504 τῆς
1122 5436 1377 5497 διανοίας.
1423 5434 1592 5486 Τοῦτο
1637 5436 1852 5488 πάντων
1885 5437 2056 5490 αἴτιον

478 5522 585 5576 τῶν
614 5523 821 5586 κακῶν,
839 5525 898 5577 τ’)
917 5525 995 5594 μὴ
1019 5524 1217 5576 εἰδέναι
1251 5523 1345 5586 τάς
1389 5522 1428 5574 Γ
1435 5522 1633 5594 ραφάς.
1662 5524 1846 5593 Χωρὶς
1879 5524 2058 5577 ὅπλων

549 5751 575 5781 ι
598 5740 851 5804 Interpres
889 5742 1070 5806 legisse
1105 5746 1300 5795 videtur
1323 5747 1422 5797 οῖδε
1444 5747 1495 5794 δὲ
1518 5748 1598 5796 καὶ
1621 5740 1932 5811 εὐχαριστεῖν.

1122 313 1181 364 S.
1223 307 1512 365 JOANNIS
1552 303 2045 362 CIIRYSOSTOMI
2086 306 2408 364 ΑΠΕΠΙΕΡ.
2446 303 3012 363 CONSTANTINOP:

3588 302 3698 360 36'!

2134 430 2214 492 είς
2233 424 2468 499 πόλεμον
2491 425 2777 498 βαδίζομεν
2795 438 2808 452 °
2843 421 2937 474 καὶ
2967 419 3086 484 πῶς
3117 419 3223 473 ἔδει
3242 417 3480 486 σωθῆναι
3501 433 3516 482 ;
3551 418 3720 485 Ἀγακ-

2133 515 2308 588 πητὺν
2357 515 2495 586 μετά
2543 513 2749 568 τούτων
2792 512 3054 582 σωθῆναι,
3112 508 3245 578 μήτι
3290 520 3353 572 γε
3391 501 3562 573 χωρὶς
3594 501 3722 555 τού-

2133 619 2262 658 των.
2291 603 2380 674 Μὴ
2413 603 2482 656 τά
2502 603 2680 657 πάντα
2708 607 2774 673 ἐφ
2792 603 2805 619 ⁸
2835 602 2983 673 ἡμᾶς
3011 599 3230 668 ῥίπτετε
3249 609 3262 621 ·
3290 588 3541 661 πρόδατά
3569 589 3719 674 ἐστε,

2135 673 2382 743 ἀλλὀὐκ
2407 690 2594 760 ἄλογα,
2623 691 2760 744 άλλά
2787 688 3014 757 λογικάδ
3041 683 3212 738 πολλά
3241 682 3336 733 και
3361 680 3492 748 ὑμῖν
3521 679 3548 729 ό
3571 673 3719 728 [10.6-

2134 775 2224 838 λος
2268 776 2577 848 ἐπιτρέπει.
2607 779 2667 830 Οί
2703 775 3085 844 διδασκόμενοι
3127 771 3188 822 οὑ
3215 765 3512 825 διαπαντὸς
3543 764 3636 816 ἐπὶ
3655 761 3720 814 10

2139 863 2332 934 μαθεῖν
2345 864 2462 917 διατ
2473 865 2733 935 ρίϐουσιν,
2757 865 2880 916 ἐπεὶ
2895 864 2958 915 οὑ
2981 859 3329 914 διδάσκονται
3349 870 3362 881 ·
3386 853 3454 906 ἂν
3476 851 3562 904 ἀεὶ
3587 865 3722 920 μαν-

2137 952 2337 1023 θάνῃς,
2379 953 2636 1006 οὐδέποτε
2687 951 2933 1022 μαθήσῃ.
2979 949 3074 1017 Μὴ
3108 945 3282 1005 οὓτως
3313 941 3496 1011 ἔρχου,
3523 939 3598 999 ὼς
3629 936 3720 990 ἀεὶ

2139 1040 2544 1111 μαθησόμενος·
2584 1041 2707 1092 ἐπεὶ
2736 1039 2992 1092 οὐδέποτε
3028 1036 3171 1107 εῖσῃ,
3202 1030 3335 1092 ,ἀλλ’
3362 1028 3436 1093 ὼς
3458 1027 3550 1078 καὶ
3584 1028 3722 1078 ἀπο-

2140 1127 2543 1199 μαθησόμενος,
2567 1130 2662 1180 καὶ
2680 1126 2908 1191 διδάξων
2939 1125 3149 1193 ἕτερον.
3185 1118 3320 1172 Εἰπὲ
3354 1116 3412 1170 δέ
3449 1131 3560 1184 μοι,
3592 1112 3721 1181 οὐχὶ

2136 1217 2474 1287 ὡρισμένους
2515 1215 2743 1286 καιροὺς
2787 1211 3195 1283 παραμένουσιν
3233 1206 3470 1265 ἅπαντες
3502 1203 3560 1252 ἑν
3602 1203 3722 1287 τοῖς

2141 1284 2450 1374 μαθήμασι,
2484 1305 2580 1357 καὶ
2621 1284 2679 1356 εν
2723 1303 2925 1364 πάσαις
2972 1297 3157 1359 ἀπλῶς
3181 1296 3302 1356 ταῖς
3330 1291 3548 1360 τέχναις
3573 1305 3586 1352 ;
3613 1284 3724 1339 U6-

2135 1408 2244 1454 τως
2289 1392 2528 1454 ἅπαντες
2559 1391 2814 1462 ὁρίζομεν
2862 1387 3097 1457 φανερὸν
3144 1381 3376 1452 καιρόν*
3411 1379 3476 1431 ἂν
3524 1376 3582 1429 δὲ
3631 1374 3722 1427 ἀεὶ

2139 1489 2162 1517 ε
2192 1480 2458 1550 μανθάνῃ,
2490 1479 2793 1549 τεκμήριόν
2831 1479 2948 1528 ἐστι
2985 1471 3078 1526 106
3118 1471 3286 1542 μηδὲν
3312 1466 3526 1538 μαθεῖν.

2212 1653 2278 1723 β’.
2306 1652 2477 1706 Τοῦτο
2526 1653 2586 1706 τὸ
2627 1652 2827 1715 ὄνειδος
2857 1651 2970 1712 τοῖς
3010 1645 3285 1706 Ἰουδαίοις
3314 1644 3342 1696 0
3369 1640 3499 1702 Θεὸς
3526 1633 3681 1690 εἶπεν
3704 1646 3721 1662 δ

2139 1742 2448 1810 Αὶρόμενοι
2464 1742 2533 1793 ἐκ
2551 1743 2806 1804 κοιλίας,
2826 1739 2923 1792 καὶ
2939 1734 3353 1804 παιδευόμενοι
3367 1729 3479 1794 ἕως
3502 1725 3722 1797 γήρως.

2141 1829 2202 1880 Εἰ
2241 1828 2314 1898 μή
2351 1830 2440 1881 ἀεὶ
2465 1829 2624 1882 τοῦτο
2644 1826 3035 1899 προσεδοκᾶτε,
3064 1824 3165 1876 οὑκ
3196 1822 3262 1874 ἂν
3282 1818 3456 1880 οὑτως
3485 1817 3565 1877 εἰς
3596 1812 3726 1866 τοὺ·-

2143 1919 2285 1971 πίσω
2315 1922 2492 1972 πάντα
2517 1918 2704 1988 ἀπῄει.
2737 1918 2800 1971 Εἰ
2831 1917 2957 1986 ὲνῆν
2993 1915 3119 1975 106;
3148 1911 3246 1982 μὲν
3276 1905 3416 1962 εἶναι
3457 1903 3720 1975 μεμαθη-

2140 2009 2326 2074 κότας,
2371 2011 2496 2072 τοὺς
2544 2009 2602 2062 δὲ
2652 2007 2964 2079 μέλλοντας,
3020 2001 3324 2073 προέκοψεν
3366 1997 3431 2052 ἂν
3466 1997 3528 2050 τὸ
3560 1995 3726 2066 ἔργον

2140 2101 2306 2166 ἡμῖν’
2356 2099 2787 2168 παρεχωρήσατε
2840 2094 2906 2151 ἂν
2955 2095 3186 2168 ἑτέροις,
3240 2091 3336 2142 καὶ
3390 2082 3725 2141 συναντελά-

2141 2184 2302 2238 δεσθε
2358 2187 2455 2238 καὶ⁹
2496 2187 2651 2254 ἡμῖν.
2709 2185 2843 2238 Εἰπέ
2883 2199 2994 2252 μοι,
3039 2181 3086 2232 εί
3127 2179 3261 2251 πρὸς
3291 2171 3727 2247 γραμματιστὴν

2141 2290 2286 2335 τινες
2327 2273 2560 2336 ἀπίοιεν,
2608 2268 2727 2325 εἶτα
2781 2273 2991 2340 μένοιεν
3025 2265 3114 2321 ἀεὶ
3135 2267 3203 2318 τά
3235 2265 3475 2336 στοιχεῖα
3512 2258 3726 2330 μανθά-

2142 2378 2345 2424 νοντες,
2391 2362 2454 2414 οὑ
2501 2361 2669 2414 πολὺν
2697 2359 2776 2429 τῷ
2810 2359 2948 2431 [392
2966 2357 2983 2430 j
3019 2355 3330 2425 διδασκάλῳ
3373 2357 3536 2405 πόνον
3575 2365 3728 2418 παρ·-

2145 2451 2367 2514 έξουσις
2416 2451 2597 2520 Μέχρι
2638 2449 2782 2512 τίνος
2823 2449 2952 2519 ὑμῖν
2985 2447 3114 2516 περὶ
3156 2444 3273 2514 βίου
3314 2439 3726 2509 διαλεγόμεθα;

2158 2539 2281 2591 Ἐπὶ
2333 2539 2442 2592 τῶν
2485 2537 2799 2592 ἀποστόλων
2843 2536 3017 2599 οὕτως
3053 2536 3154 2587 οὐκ
3182 2529 3273 2604 ἦν.
3313 2529 3450 2586 άλλά
3477 2527 3722 2597 συνεχῶς

2149 2626 2486 2697 μετεπήδων,
2516 2627 2641 2688 τοὺς
2675 2627 2938 2697 πρότερον
2972 2624 3345 2695 μανθάνοντας
3366 2615 3732 2676 διδασκάλους

2147 2713 2514 2774 καθιστῶντες
2563 2712 2767 2782 ἑτέρων
2809 2711 2968 2766 τινῶν
3010 2707 3492 2782 μαθητευομένων.
3536 2702 3732 2765 Οὕτως

2145 2799 2488 2870 ἠδυνήθησαν
2513 2800 2609 2857 τὴν
2629 2799 2959 2868 οἰκουμένην
2990 2796 3295 2866 περιελθεῖν
3312 2836 3324 2858 ,
3345 2793 3421 2864 τῷ
3455 2793 3529 2863 μή
3555 2807 3732 2860 προσ-

2146 2889 2460 2958 δεσμεῐσθαι
2492 2887 2642 2956 τόπῳ
2666 2886 2765 2940 ένί.
2806 2887 2986 2956 Πόσης
3038 2884 3217 2938 οίεσθε
3250 2881 3601 2944 διδασκαλίας
3631 2881 3734 2933 δεῖ·

2149 2975 2273 3028 σθαι
2300 2977 2426 3038 τοὺς
2466 2973 2764 3046 ὑμετέρους
2799 2973 3055 3040 ἀδελφοὺς
3088 2973 3215 3034 τοὺς
3243 2971 3336 3024 ἐπὶ
3369 2970 3476 3022 τῶν
3517 2968 3729 3038 ἀγρῶν,

2149 3067 2244 3120 καὶ
2274 3067 2398 3128 τοὺς
2426 3065 2651 3117 ἐκείνων
2679 3062 3033 3125 διδασκάλους
3059 3078 3072 3126 ;
3119 3061 3260 3114 Ἀλλ’
3299 3060 3459 3130 ὑμεῖς
3497 3075 3563 3129 με
3596 3074 3733 3110 κατ⁸

2149 3156 2298 3225 έχετε
2337 3152 2805 3224 προσηλώσαντες.
2859 3151 2992 3221 Πρὶν
3025 3151 3057 3222 ἢ
3093 3149 3202 3220 γάρ
3227 3151 3322 3218 τὴν
3347 3147 3589 3217 κεφαλὴν
3621 3164 3727 3199 κα-

2149 3242 2252 3301 λῶς
2283 3239 2616 3311 διατεθῆναι,
2649 3240 2905 3311 περιττὸν
2935 3239 3026 3292 ἐπὶ
3061 3237 3121 3290 10
3147 3238 3333 3290 λοιπὸν
3369 3235 3532 3306 σῶμα
3559 3233 3724 3289 ἰέναι.

2150 3330 2332 3382 Πάντα
2381 3331 2514 3399 ἡμῖν
2548 3329 2926 3400 έπιρῤίπτετε.
2989 3327 3165 3398 ’Υμᾶς
3205 3325 3375 3397 ἐχρῆν
3416 3323 3542 3396 παρ’
3572 3323 3733 3400 ἡμῶν

2153 3415 2443 3486 μανθάνειν
2502 3415 2663 3485 μόνον
2687 3431 2701 3445 ο
2745 3415 2844 3479 τὰς
2883 3415 2939 3467 δὲ
2981 3418 3246 3482 γυναῖκας
3293 3415 3425 3484 παρ’
3452 3412 3628 3481 ὑμῶν,
3662 3410 3735 3462 τὲ

2152 3503 2341 3556 παιδία
2372 3502 2497 3573 παρ’
2521 3502 2675 3572 ὑμῶν
2699 3517 2713 3530 ⁸
2742 3502 2878 3554 ἀλλά
2905 3505 3081 3556 πάντα
3105 3503 3235 3572 ἡμῖν
3264 3499 3730 3569 καταλιμπάνετε.

2151 3590 2248 3642 Διά
2260 3589 2418 3642 τοῦτο
2434 3589 2600 3652 πολὺς
2616 3592 2642 3643 0
2659 3590 2722 3643 κό
2732 3607 2847 3654 πος.
2863 3591 3280 3654 Διδάσκοντες,
3307 3589 3463 3659 φησὶ,
3479 3587 3573 3640 καὶ
3589 3601 3735 3638 νου-

2153 3678 2464 3744 θετοῦντες
2478 3679 2730 3744 ἑαυτοὺς
2749 3679 3007 3747 ψαλμοῖς
3032 3679 3130 3732 καὶ
3164 3679 3376 3748 ὕμνοις
3421 3679 3516 3730 καὶ
3551 3673 3736 3742 ᾠδαῖς

2153 3765 2601 3834 πνευματικαῖς.
2648 3765 2788 3835 Ὅρα
2825 3767 2997 3818 καὶτὸ
3025 3764 3329 3835 ἀνεπαχθὲς
3356 3762 3450 3815 τοῦ
3491 3761 3731 3815 Παύλου.

2154 3852 2376 3922 Ἐπειδὴ
2417 3855 2448 3922 ή
2484 3853 2789 3919 ἀνάγνωσις
2837 3852 2949 3922 ἔχει
2985 3855 3164 3917 πόνον,
3196 3851 3291 3907 καλ⁵
3313 3851 3448 3904 πολὺ
3463 3850 3524 3902 τὸ
3546 3866 3739 3918 φορτιο

2155 3943 2268 4006 κὸν,
2307 3943 2406 3994 οὑκ
2439 3942 2526 4010 ἐφ’
2557 3941 2796 4012 ἱστορίας
2829 3943 3058 4014 ἤγαγεν,
3085 3943 3200 3995 ἀλλ’
3239 3941 3333 3994 ἐπὶ
3359 3940 3627 4011 ψαλμοὺς,
3645 3938 3736 3989 ῖνα

2153 4023 2288 4095 ὁμοῦ
2321 4024 2415 4077 καὶ
2459 4025 2668 4098 τέρπῃς
2716 4027 2814 4095 τὴν
2862 4026 3037 4098 ψυχὴν
3070 4027 3232 4098 ᾅδων,
3267 4026 3353 4077 καὶ
3391 4023 3739 4093 ὑποκλέπτῃς

2153 4112 2245 4163 τὸν
2269 4109 2428 4161 πόνον
2440 4108 2489 4161 1³.
2520 4109 2779 4178 Ὕμνοις.
2795 4111 3056 4178 φησὶ,καί
3087 4109 3266 4178 ᾠδαῖς
3285 4105 3734 4175 πνευματικαῐς.

2156 4193 2270 4245 Νῦν
2293 4191 2350 4244 δὲ
2382 4193 2679 4256 σατανικάς
2713 4193 2812 4263 μὲν
2836 4194 2977 4264 ᾠδὰς
3009 4196 3101 4248 καὶ
3126 4195 3379 4264 ὀρχήσεις
3412 4189 3657 4260 αἱροῦσιν
3686 4188 3739 4240 οί

2158 4276 2343 4339 παῖδες
2368 4278 2418 4328 οί
2453 4275 2732 4346 ὑμέτεροι,
2767 4277 3018 4348 καθάπερ
3049 4279 3094 4329 oi
3128 4278 3379 4347 μάγειροι
3405 4275 3502 4327 καὶ
3523 4271 3738 4339 οίὸῲῶ-

2159 4377 2246 4412 ναι
2269 4360 2364 4412 καὶ
2395 4361 2444 4411 οί
2475 4359 2731 4431 χορευταί
2765 4375 2778 4389 ·
2814 4359 3029 4430 ψαλμὸν
3061 4361 3118 4413 δὲ
3147 4359 3322 4422 οὐδεὶς
3349 4357 3540 4410 οὐδένα
3571 4351 3736 4416 οἶδεν,

2157 4441 2294 4495 ἀλλά
2322 4442 2417 4495 καὶ
2446 4441 2676 4512 αἰσχύνη
2697 4443 2758 4495 τὸ
2782 4445 3015 4512 πρᾶγμα
3035 4443 3183 4495 δοκεῖ
3203 4439 3341 4494 εἶναι
3369 4441 3460 4493 καὶ
3477 4438 3740 4506 χλευασία

2159 4527 2254 4580 καὶ
2272 4525 2466 4594 γέλως.
2492 4526 2733 4579 Ἐκεῖθεν
2756 4528 2973 4580 ἅπαντα
2997 4526 3066 4579 τά
3093 4525 3236 4578 κακά
3262 4523 3511 4586 σώζεται.
3545 4522 3634 4573 Ἐν
3651 4522 3742 4590 of;

2159 4609 2267 4678 γὰρ
2293 4608 2358 4661 ἂν
2387 4609 2590 4680 ἑστήκῃ
2627 4611 2697 4679 γῇ
2731 4609 2791 4661 τὸ
2821 4611 3007 4678 φυτὸν,
3035 4607 3272 4662 τοιοῦτον
3302 4606 3456 4675 φέρει
3484 4605 3578 4657 τὸν
3600 4619 3740 4673 καρ-

2160 4693 2293 4744 πόν’
2329 4692 2396 4745 ἂν
2445 4694 2502 4745 έν
2553 4691 2804 4762 ἀμμώδει
2855 4694 2950 4747 καὶ
2996 4693 3238 4764 ἀλμυρᾷ,
3266 4689 3538 4744 τοιοῦτον·
3573 4687 3641 4740 ἀν
3681 4689 3742 4738 ἐν

2159 4775 2390 4846 γλυκείᾳ
2405 4776 2498 4828 καὶ
2517 4774 2742 4847 λιπαρᾷ,
2762 4776 2925 4832 πάλιν
2945 4779 3150 4848 ὅμοιον.
3168 4775 3324 4831 Οὕτω
3348 4773 3498 4844 πηγή
3516 4771 3600 4833 τίς
3623 4772 3742 4822 ἐστι

2160 4858 2227 4912 τά
2251 4858 2578 4928 διδάγματα.
2613 4859 2833 4924 Δίδαξον
2862 4861 3025 4914 αὑτὸν
3051 4861 3196 4932 ᾄδειν
3223 4858 3472 4929 ψαλμοὺς
3500 4853 3746 4914 ἐκείνους

2161 4943 2287 5007 106;
2317 4943 2631 5012 φιλοσοφίας
2673 4942 2962 5014 γέμοντας,
2980 4939 3089 4998 οἷον
3118 4945 3245 5012 περὶ
3271 4940 3625 5013 σωφροσύνης
3649 4937 3740 4990 εὑ-

2163 5027 2322 5090 θέως,
2362 5026 2562 5097 μᾶλλον
2605 5025 2664 5080 δὲ
2705 5029 2812 5098 πρὸ
2846 5029 3060 5082 πάντων
3093 5029 3222 5100 περὶ
3254 5028 3349 5082 106
3378 5027 3454 5098 μὴ
3494 5028 3740 5078 συνεῖναι

2165 5114 2442 5180 πονηροῖς,
2475 5110 2678 5172 εὐθέως
2727 5111 2821 5163 ἀπ’
2851 5112 3022 5182 αὑτῆς
3067 5113 3164 5180 τῆς
3187 5112 3360 5182 ἀρχῆς
3387 5109 3480 5163 106
3527 5108 3740 5179 βιϐλίου

2167 5192 2274 5262 (διὰ
2304 5194 2409 5264 γὰρ
2439 5192 2596 5246 τοῦτο
2618 5197 2711 5247 καὶ
2752 5195 2998 5249 ἐντεῦθεν
3032 5195 3233 5268 ἤρξατο
3253 5197 3280 5247 0
3312 5195 3624 5264 Προφήτης.
3656 5192 3744 5244 λέ-

2165 5296 2295 5349 γων’
2339 5281 2640 5349 Μακάριος
2667 5283 2821 5350 ἀνὴρ
2865 5284 2931 5350 ὃς
2964 5287 3074 5338 οὐκ
3109 5284 3401 5350 ἐπορεύθη
3431 5283 3500 5334 ἐν
3538 5279 3748 5348 βουλῇ

2165 5363 2420 5418 ἀσεϐῶν·
2457 5367 2563 5418 Καὶ
2601 5367 2776 5429 πάλιν,
2807 5369 2927 5420 Οὐκ
2971 5368 3220 5420 ἐκάθισα
3241 5367 3391 5435 μετὰ
3421 5364 3748 5432 συνεδρίου

2163 5450 2572 5515 ματαιότητος.
2639 5450 2746 5501 Καὶ
2789 5451 2970 5502 πάλιν·
3035 5451 3456 5514 Ἐξουδένωται
3491 5449 3751 5502 ἐνώπιον·

2167 5533 2351 5584 αὑτοῦ
2393 5536 2866 5604 πονηρευόμενος
2895 5553 2908 5566 ·
2933 5537 3074 5600 τοὺς
3099 5535 3166 5588 δὲ
3201 5535 3609 5604 φοϐουμένους
3641 5532 3752 5585 τὸν

2206 5701 2258 5780 _b
2282 5700 2452 5775 Lgctio
2477 5704 2558 5754 τὸν
2577 5705 2712 5754 πόνοι
2741 5720 2801 5757 ex
2825 5706 3016 5760 duobus
3039 5706 3179 5759 codd.
3206 5717 3457 5760 revocata:
3482 5701 3755 5768 legebatur

2169 5780 2262 5813 των
2283 5780 2459 5814 πονων.
3781 5781 3785 5784 ’
