4064 6210
361 296 468 354 55-5
1133 278 1188 346 S'.
1227 277 1504 345 JOANNIS
1541 269 2016 341 cnavsosro.\tt
2056 269 2373 334 ARCHIEP.
2413 264 2941 335 coxsraurtsoc.

363 411 619 481 malignus
644 423 661 462 :
689 408 912 462 timentes
940 415 1106 461 autem
1155 404 1428 458 Dominum
1470 400 1722 474 glori/icat
1757 396 1942 473 [Psal.

367 503 456 557 ‘15.
487 502 540 556 ι.
567 510 616 554 et
643 500 729 555 M.
762 499 852 570 ιη)
880 517 892 553 :
925 498 992 554 de
1019 495 1403 552 consuetudine
1433 491 1676 548 habenda
1705 507 1825 545 cum
1856 490 1951 543 bo-

3525 280 3635 336 πει

2061 395 2178 449 nies
2204 393 2557 465 philosophiae
2577 393 2822 463 dogmata
2852 412 2867 449 :
2896 403 2951 448 ut
2973 436 2986 460 ,
3020 393 3158 465 quod
3189 409 3294 451 non
3318 395 3386 450 sit
3414 397 3633 451 malo-di-

2057 489 2284 545 cendum
2314 508 2328 544 :
2362 490 2730 554 (tetra/tentem,
2762 491 2950 557 inquit.
2979 489 3268 543 clanculum
3295 491 3647 559 praximosuo,

370 594 451 646 nis
484 592 556 662 (ct
591 592 704 644 hare
747 599 800 644 et
837 589 1002 644 multa
1031 587 1132 640 alia
1164 586 1233 640 ibi
1276 583 1570 656 invenies);
1613 581 1752 652 quod
1780 579 1950 634 ventri

372 681 739 751 imperandum
764 681 831 734 sit
851 697 861 730 :
880 678 946 733 de
967 675 1304 732 continendis
1325 674 1570 728 manibus
1594 691 1606 727 :
1639 671 1779 742 quod
1804 671 1952 741 plura

375 773 604 829 habendi
644 769 933 840 cupiditate
973 767 1140 822 teneri
1181 782 1286 822 non
1330 773 1610 835 oporteat:
1654 761 1794 834 quod
1825 759 1954 814 nihil

378 867 482 919 sint
521 863 792 931 pecuniaa,
839 875 938 914 nec
979 860 1183 930 gloria;
1218 869 1270 913 et
1301 873 1420 928 qua:
1459 864 1588 910 sunt
1630 851 1954 923 bujnsmodi.

376 954 600 1022 Quando
642 953 708 1006 ab
751 953 966 1006 ineunte
1009 960 1165 1004 aetate
1213 963 1434 1019 puerum
1477 947 1561 1000 his
1607 943 1957 1008 instruxeris,

379 1047 632 1116 paulatim
681 1044 847 1098 duces
889 1043 954 1097 ad
999 1043 1208 1095 altiora.
1257 1041 1453 1095 Psaltni
1497 1038 1696 1092 habent
1741 1035 1915 1089 omnia
1943 1075 1959 1098 ,

380 1139 562 1210 hymni
591 1148 766 1192 autem
793 1149 974 1190 rursus
996 1134 1126 1188 nihil
1149 1134 1436 1188 humanum
1462 1147 1474 1183 :
1505 1129 1717 1201 quando
1748 1130 1799 1182 in
1824 1126 1963 1197 psal-

381 1233 484 1286 mis
510 1229 788 1288 didicerit.
822 1237 949 1282 tunc
985 1227 1144 1280 etiam
1173 1227 1306 1280 sciet
1341 1224 1598 1296 hymnos,
1630 1229 1813 1290 utpote
1851 1234 1962 1272 rem

381 1323 722 1378 diviniorem.
765 1319 1082 1388 Superiores
1115 1319 1258 1373 enim
1298 1325 1592 1386 potestates
1623 1313 1851 1383 hymnos
1879 1327 1969 1364 ea-

387 1424 552 1478 nunt,
581 1429 685 1466 non
720 1411 952 1482 psallunt
977 1428 989 1464 :
1026 1408 1147 1462 Non
1173 1417 1244 1462 est
1273 1409 1414 1463 enim
1433 1447 1447 1468 ,
1477 1405 1684 1474 inquit,
1713 1402 1969 1471 speciosus

388 1509 602 1577 hymnus
623 1505 673 1556 in
697 1520 781 1557 ore
799 1501 1070 1570 peccatoris
1091 1498 1276 1572 (Eccli.
1301 1498 1386 1553 15.
1406 1497 1494 1565 9);
1518 1505 1566 1550 et
1592 1508 1799 1557 rursus,
1822 1491 1970 1545 Oculi

390 1597 486 1649 mei
516 1610 666 1664 super
690 1593 863 1662 ﬁdeles
890 1601 1054 1657 terrae,
1083 1599 1137 1642 ut
1164 1589 1260 1658 ipsi
1286 1604 1477 1641 mecum
1503 1585 1744 1647 sedeant;
1773 1593 1826 1638 et
1853 1598 1972 1636 rur-

391 1704 502 1750 sus,
533 1688 654 1741 Non
687 1685 878 1740 habitat
909 1684 960 1738 in
989 1684 1153 1738 medio
1183 1683 1363 1736 domus
1389 1697 1512 1736 mea:
1532 1681 1616 1751 qui
1642 1681 1766 1750 facit
1793 1694 1973 1746 super-

393 1783 524 1835 biam
547 1798 566 1846 ;
594 1787 648 1834 et
675 1779 890 1839 iterum,
921 1776 1198 1830 Antbulans
1221 1777 1274 1831 in
1299 1777 1377 1828 via
1404 1773 1839 1838 immaculata,hic
1856 1772 1979 1826 mihi

394 1871 715 1924 ministrabat
741 1867 910 1940 (Psal.
947 1869 1068 1924 l00.
1097 1868 1149 1922 ti.
1174 1868 1224 1921 Ἰ.
1253 1866 1332 1936 2).
1367 1866 1515 1921 Adeo
1537 1873 1594 1920 ut
1617 1864 1852 1920 caveatis
1873 1878 1978 1916 non

395 1963 566 2019 solum
601 1978 666 2016 ne
692 1978 812 2017 cum
841 1960 1027 2014 amicis
1047 2001 1062 2024 ,
1092 1959 1183 2014 sed
1214 1974 1280 2013 ne
1307 1972 1426 2012 cum
1471 1957 1642 2010 servis
1667 1955 1882 2025 quidem
1913 1969 1974 2009 se

402 2058 681 2112 misceant.
711 2054 849 2109 Mala
883 2053 1022 2108 enim
1067 2051 1347 2105 innumera
1389 2049 1570 2104 liberis
1605 2048 1982 2118 importantur,

401 2148 614 2218 quando
654 2158 840 2201 servos
883 2152 1166 2212 corruptos
1200 2142 1279 2196 eis
1307 2139 1726 2210 prmfecerimus.
1752 2138 1807 2194 Si
1842 2138 1987 2192 enim

407 2241 570 2310 patris
596 2238 838 2293 fruentes
865 2244 1010 2291 tanta
1054 2245 1109 2290 et
1135 2233 1512 2290 benevolentia
1535 2242 1589 2287 et
1612 2231 1946 2301 philosophia
1970 2271 1986 2295 ,

405 2334 494 2386 vix
539 2330 672 2384 salvi
707 2328 979 2389 evadunt;
1021 2329 1066 2382 si
1112 2327 1234 2381 illos
1277 2326 1554 2382 tradamus
1589 2327 1760 2381 servis
1791 2325 1989 2379 bonum

412 2421 541 2476 nihil
569 2419 912 2484 curantibus,
947 2419 1134 2488 quales
1175 2417 1335 2472 futuri
1382 2419 1542 2472 sunt?
1574 2417 1682 2472 Illis
1725 2428 1994 2487 tamquam

414 2515 643 2570 inimicis
672 2521 912 2578 utuntur,
941 2511 1309 2567 existimantes
1330 2510 1452 2565 illos
1479 2509 1863 2565 moderatiores
1883 2509 1997 2563 fore

413 2607 694 2671 dominos,
725 2604 771 2659 si
798 2605 1016 2660 insanos
1045 2603 1164 2658 illos
1189 2645 1206 2669 ,
1239 2603 1512 2673 improbos
1540 2613 1595 2658 et
1619 2603 1815 2658 nullius
1841 2602 1996 2673 pretii

415 2697 661 2754 reddant.
689 2697 829 2750 Ante
853 2695 956 2750 alia
986 2709 1114 2764 ergo
1159 2694 1335 2748 omnia
1367 2693 1483 2748 haec
1507 2707 1756 2748 curemus
1776 2735 1791 2757 ,
1837 2703 1892 2748 et
1917 2691 2000 2746 his

417 2805 634 2858 operam
665 2787 872 2842 demus.
902 2785 1106 2850 Dilexi,
1137 2785 1338 2856 inquit,
1369 2801 1452 2840 eos
1478 2785 1566 2854 qui
1593 2785 1812 2854 diligunt
1841 2784 2000 2854 legem

421 2891 580 2936 tuam.
611 2879 759 2934 llunc
789 2893 916 2947 ergo
945 2890 1045 2930 nos
1081 2891 1293 2946 quoque
1329 2876 1646 2931 aemulemur
1671 2873 1849 2930 ethos
1877 2874 2002 2929 dili-

421 2989 626 3048 gamus.
650 2972 720 3028 Ut
748 2985 934 3026 rursus
953 2979 1131 3025 autem
1159 2976 1517 3038 temperantes
1537 2975 1590 3022 et
1618 2966 1877 3021 moderati
1898 2967 2007 3021 sint

425 3065 610 3137 pueri,
639 3062 857 3118 audiant
881 3059 1199 3131 prophetam
1241 3058 1504 3113 dicentem
1535 3076 1549 3111 :
1582 3056 1763 3111 Lumbi
1788 3058 1885 3111 mei
1909 3073 2008 3110 nn-

427 3157 548 3227 pleti
571 3163 688 3210 sunt
707 3151 1062 3214 illusionibus;
1088 3160 1143 3207 et
1163 3164 1371 3214 rursus,
1395 3148 1586 3203 Perdes
1603 3164 1771 3202 omnes
1790 3147 1874 3218 qui
1902 3151 2010 3216 for-

427 3249 660 3302 nicantur
689 3245 776 3300 abs
799 3255 846 3298 te
871 3243 1044 3316 (Psal.
1065 3243 1154 3298 37.
1178 3242 1231 3296 8.
1257 3251 1301 3295 et
1321 3240 1410 3295 72.
1433 3239 1550 3311 27).
1585 3240 1651 3294 Et
1674 3237 1816 3308 quod
1837 3238 2009 3293 ventri

428 3351 671 3413 oporteat
692 3341 979 3409 imperare,
1005 3351 1190 3392 rursus
1216 3335 1470 3390 audiant:
1499 3332 1567 3387 Et
1589 3332 1790 3394 occidit,
1818 3331 2009 3400 inquit,

433 3435 601 3505 plures
623 3448 813 3494 eorum,
844 3447 959 3484 cum
987 3439 1114 3484 esset
1139 3429 1306 3482 att/mc
1327 3443 1440 3481 esca
1459 3427 1511 3480 in
1536 3442 1622 3480 ore
1640 3442 1814 3480 eorum
1839 3425 1856 3494 (
1868 3422 2010 3482 Psal.

431 3527 519 3582 77.
549 3524 639 3580 50.
668 3524 778 3594 51).
808 3523 875 3577 Ει
894 3521 1034 3593 quod
1056 3530 1302 3590 oporteat
1328 3535 1432 3574 non
1457 3519 1596 3574 vinci
1617 3534 1646 3572 a
1669 3517 2010 3573 muneribus:

432 3618 636 3672 Divitiae
671 3617 714 3670 si
739 3615 968 3686 aﬁluant,
995 3614 1151 3668 nolite
1181 3630 1268 3666 cor
1291 3628 1546 3684 apponere
1577 3611 1746 3680 (Psal.
1775 3610 1864 3665 fil.
1896 3610 2011 3678 il).

434 3707 658 3778 thnod
686 3707 870 3776 gloria:
900 3705 971 3760 sit
992 3702 1412 3766 dominandum,
1445 3703 1546 3757 hoc
1583 3717 1797 3772 quoque
1827 3701 1898 3755 ibi
1933 3702 2016 3754 in-

434 3802 690 3855 venient:
727 3797 902 3865 Neque
944 3813 1059 3849 cum
1098 3813 1154 3849 eo
1184 3795 1448 3848 descendet
1490 3803 1601 3864 post
1644 3795 1812 3863 ipsum
1853 3793 2017 3864 gloria

434 3892 543 3961 eius
565 3887 735 3958 (l’sal.
759 3887 847 3941 48.
873 3885 964 3955 18)
991 3904 1004 3939 :
1028 3885 1169 3955 quod
1193 3885 1408 3954 maligni
1435 3900 1539 3938 non
1564 3885 1672 3938 sint
1690 3884 1972 3939 aemulandi
2001 3902 2014 3937 :

439 3980 566 4035 Noli
586 3977 817 4033 wnntlari
841 3977 892 4030 in
914 3976 1306 4047 malignantibus
1329 3974 1499 4045 (Psal.
1522 3972 1849 4046 56.1):quod
1873 3977 2020 4045 prin-

438 4071 644 4142 cipatus
669 4079 724 4125 et
750 4077 1044 4139 potestates
1069 4066 1218 4122 nihili
1242 4077 1488 4138 oporteat
1517 4069 1858 4122 existimare:
1907 4067 2020 4121 Vidi

437 4162 650 4232 impium
694 4159 1124 4228 superexaltatum
1166 4171 1213 4213 et
1256 4160 1500 4214 elevatum
1543 4161 1671 4214 sicut
1715 4160 1891 4213 cedros
1936 4161 2023 4214 Li-

441 4255 560 4308 bani
576 4268 596 4317 ;
621 4263 668 4306 et
695 4251 926 4315 transivi,
959 4261 1006 4304 et
1027 4267 1138 4304 ecce
1161 4268 1261 4305 non
1284 4261 1390 4306 erat
1413 4250 1518 4320 (Ib.
1546 4269 1592 4305 v.
1617 4252 1705 4308 55.
1726 4251 1817 4323 50)
1840 4270 1852 4304 :
1881 4251 2024 4322 quod

442 4343 722 4413 prtescntia
748 4341 899 4397 nihili
927 4341 1032 4396 sint
1057 4340 1294 4396 facienda
1321 4359 1333 4396 :
1363 4341 1572 4396 Beatum
1595 4343 1829 4396 dixerunt
1858 4359 2024 4414 popu-

443 4437 550 4489 lum
577 4434 657 4487 cui
685 4434 792 4486 lucc
819 4441 970 4495 sunt;
997 4433 1168 4486 beatus
1193 4442 1263 4486 est
1290 4435 1508 4502 populus
1528 4474 1542 4497 ,
1565 4435 1711 4500 cujus
1737 4443 1808 4487 est
1843 4432 2024 4487 Domi-

443 4543 538 4582 nus
567 4525 701 4579 Deus
740 4524 948 4595 adjutor
979 4523 1151 4596 (Psal.
1183 4525 1304 4578 “5.
1335 4525 1422 4594 15)
1449 4542 1461 4578 :
1501 4524 1642 4594 quod
1673 4540 1776 4578 non
1807 4525 2027 4595 impune

446 4631 730 4686 peccamus
749 4657 762 4680 ,
797 4614 890 4670 sed
919 4614 989 4669 sit
1013 4617 1375 4670 remuneratio
1403 4633 1416 4668 :
1454 4615 1529 4668 Tu
1554 4616 1734 4670 reddes
1761 4617 2028 4686 unicuique

443 4707 718 4762 secundum
741 4723 899 4772 opera
925 4723 1016 4759 sua
1041 4719 1058 4755 :
1081 4720 1178 4760 cur
1204 4715 1379 4760 autem
1409 4721 1512 4761 non
1538 4707 1729 4762 reddat
1756 4708 1990 4776 quotidie
2012 4722 2028 4758 :

453 4801 584 4852 heus
602 4798 971 4869 judexjustus.
1004 4807 1048 4850 ct
1070 4797 1236 4864 fortis,
1266 4808 1312 4851 et
1334 4799 1524 4868 patiens
1553 4798 1722 4868 (Psal.
1751 4801 1840 4855 6|.
1872 4801 1960 4855 l3.
1983 4811 2029 4854 ct

448 4893 498 4944 7.
535 4891 621 4958 19)
649 4908 660 4941 :
685 4889 822 4957 quod
864 4890 1062 4943 bonum
1091 4889 1159 4942 sit
1200 4889 1468 4942 humilitas
1499 4906 1512 4941 :
1545 4889 1759 4945 Domine
1781 4931 1797 4958 ,
1839 4892 2027 4962 inquit,

443 4999 548 5039 non
580 4991 651 5035 est
674 4981 946 5034 exaltatmn
974 4997 1062 5031 cor
1091 4996 1256 5033 meum
1280 4979 1448 5049 (Psal.
1476 4981 1597 5035 150.
1625 4983 1674 5051 l)
1706 5000 1718 5036 :
1748 4983 1887 5052 quod
1911 5000 2030 5038 ma-

449 5075 560 5127 lum
593 5074 661 5126 sit
691 5071 937 5140 superbia
965 5089 979 5125 :
1015 5068 1310 5140 Propterea,
1342 5074 1531 5141 inquit,
1562 5076 1719 5128 tenuit
1742 5093 1825 5130 eos
1850 5094 2030 5146 super-

434 5165 462 5216 b
480 5165 530 5216 ia
560 5163 611 5216 in
639 5164 786 5230 ﬁnem
813 5160 984 5231 (Psal.
1013 5160 1100 5214 79..
1127 5162 1214 5231 6);
1239 5170 1292 5216 et
1313 5178 1514 5226 rursus,
1539 5163 1784 5220 Dominus
1804 5169 2031 5237 superbis

406 5245 408 5247 ’
441 5256 634 5309 resistit
655 5253 832 5323 (Prov.
861 5255 911 5308 5.
940 5255 1026 5308 54.
1062 5255 1114 5307 in
1146 5253 1381 5320 Greece);
1413 5267 1466 5310 et
1492 5273 1695 5320 rursus,
1731 5259 2032 5328 Egredietur

443 5354 704 5412 tamquam
731 5360 792 5397 ea:
818 5343 969 5413 adipe
990 5343 1226 5413 iniquitas
1261 5361 1432 5398 eorum
1456 5344 1627 5416 (Psal.
1663 5349 1747 5401 7'2.
1772 5351 1846 5419 7).
1879 5351 2029 5418 Quod

450 5439 646 5489 bonunt
674 5436 743 5490 sit
781 5435 1117 5507 eleemOSyna
1144 5456 1157 5492 :
1193 5436 1442 5507 Dispersit
1461 5479 1477 5502 ,
1505 5440 1641 5493 dedit
1681 5444 1984 5510 pauperibus
2011 5461 2029 5497 :

2061 583 2194 636 hunc
2218 582 2547 652 persequebar
2575 580 2747 652 (Psal.
2774 582 2897 638 m0.
2929 583 3007 650 5).
3038 581 3168 650 Quis
3194 584 3264 636 sit
3289 583 3516 652 hymnus
3550 597 3634 638 5n-

2063 687 2382 742 pernornm,
2429 673 2556 742 quiti
2594 688 2826 742 superne
2868 673 3055 728 dicunt
3098 674 3423 736 Cherubim,
3469 678 3648 732 sciunt

2063 763 2270 818 ﬁdeles.
2299 763 2437 828 Quid
2468 764 2718 819 dicebant
2746 765 2919 834 angeli
2963 763 3098 819 infra
3139 766 3334 834 positi?
3377 765 3552 821 Gloria
3594 769 3650 820 in

2067 853 2276 909 excelsis
2302 853 2413 908 Deo
2445 855 2598 922 (Luc.
2629 854 2684 907 2.
2720 855 2832 924 iis).
2866 855 3153 924 Propterea
3183 867 3304 924 post
3325 857 3650 926 psalmodias

2067 949 2285 1020 hymni,
2317 958 2502 1018 utpote
2545 963 2632 1004 res
2673 949 2917 1016 quaedam
2968 948 3272 1017 perfectior.
3309 949 3375 1002 In
3407 949 3646 1019 psalmis,

2070 1041 2260 1108 inquit,
2291 1041 2510 1110 hymnis,
2543 1049 2590 1093 et
2618 1042 2828 1093 canticis
2851 1039 3225 1110 spiritualibus,
3257 1041 3310 1094 in
3333 1042 3497 1112 gratia
3527 1057 3652 1094 can-

2071 1141 2233 1185 tantes
2270 1132 2324 1186 in
2363 1131 2597 1185 cordibus
2642 1132 2814 1184 vestris
2850 1129 2978 1186 Deo.
3024 1135 3129 1185 Attt
3171 1130 3273 1187 hoc
3303 1131 3465 1196 dicit,
3508 1131 3653 1203 quod

2071 1234 2289 1293 propter
2317 1222 2542 1292 gratiam
2573 1221 2687 1276 lucc
2723 1222 2876 1277 nobis
2917 1221 3066 1277 dedit
3095 1222 3272 1287 Deus;
3314 1230 3407 1276 aut
3432 1224 3656 1277 canticis

2075 1333 2193 1385 qua:
2221 1328 2345 1372 sunt
2373 1320 2425 1371 in
2453 1320 2654 1388 gratia;
2687 1327 2775 1372 aut
2803 1318 3154 1373 admonentes
3182 1332 3278 1373 nos
3305 1317 3450 1387 ipsos
3473 1327 3526 1372 et
3552 1318 3656 1370 do.

2076 1419 2260 1464 centes
2289 1409 2340 1462 in
2371 1410 2572 1479 gratia;
2617 1419 2708 1463 aut
2745 1409 2884 1479 quod
2926 1410 2980 1463 in
3025 1409 3196 1480 gratia
3241 1408 3504 1464 habebant
3543 1409 3660 1460 hzre

2078 1499 2246 1563 dona;
2278 1509 2370 1554 aut
2392 1499 2506 1554 lucc
2525 1509 2606 1554 est
2635 1501 2942 1570 explicatio.
2977 1501 3017 1554 A
3051 1501 3239 1570 gratia,
3273 1499 3466 1568 inquit,
3496 1500 3660 1569 spiri-

2082 1601 2186 1645 tns.
2207 1590 2479 1647 Cantantes
2504 1594 2556 1646 in
2587 1592 2822 1646 cordibus
2845 1593 3020 1646 vestris
3045 1591 3172 1646 Deo.
3203 1591 3319 1647 Non
3349 1593 3518 1647 solum
3537 1634 3552 1657 ,
3582 1595 3664 1645 in-

2083 1683 2214 1751 quit,
2246 1697 2367 1745 ore,
2397 1682 2490 1738 sed
2519 1698 2639 1738 cum
2664 1686 2978 1738 attentione.

2155 1775 2208 1828 5.
2253 1774 2364 1830 lloc
2418 1776 2561 1830 enim
2613 1785 2695 1830 est
2744 1777 2853 1832 Deo
2899 1792 3132 1840 canere,
3164 1776 3293 1832 illud
3343 1790 3473 1832 vero
3517 1777 3663 1840 aeri;

2085 1881 2188 1920 vox
2244 1869 2386 1921 enim
2437 1875 2641 1923 temere
2689 1867 3019 1923 diffunditur.
3065 1868 3179 1923 Non
3234 1868 3300 1923 ad
3349 1869 3667 1923 ostentatio-

2089 1975 2210 2014 nem
2232 2003 2246 2024 ,
2277 1961 2465 2030 inquit.
2503 1961 2720 2015 Etiamsi
2751 1962 2825 2016 sis
2865 1962 2916 2016 in
2945 1962 3082 2028 foro,
3112 1971 3264 2031 potes
3291 1961 3513 2031 teipsum
3539 1976 3672 2014 con-

2091 2059 2332 2115 vertere,
2375 2060 2429 2105 et
2484 2051 2595 2106 Deo
2637 2066 2831 2107 canere
2880 2053 3090 2107 nemine
3137 2051 3406 2106 audiente.
3437 2050 3565 2127 Nam
3591 2053 3673 2106 sic

2092 2156 2304 2210 quoque
2347 2141 2536 2197 orabat
2561 2142 2791 2214 Moyses,
2822 2151 2878 2196 et
2915 2143 3011 2196 fuit
3051 2141 3298 2197 auditus:
3330 2142 3459 2198 dicit
3495 2144 3673 2208 enim,

2097 2233 2233 2300 Quid
2262 2235 2329 2287 ad
2356 2250 2436 2288 me
2466 2235 2698 2288 clamas?
2725 2235 2883 2304 Atqui
2925 2234 3056 2288 nihil
3096 2234 3340 2300 dicebat,
3370 2234 3465 2289 sed
3496 2243 3676 2289 mente

2096 2326 2364 2381 clamabat
2405 2341 2527 2380 cum
2581 2326 2744 2381 corde
2801 2326 3032 2380 contrito
3083 2343 3096 2379 :
3145 2326 3490 2395 quamobrem
3537 2325 3679 2379 Dens

2099 2417 2247 2472 solus
2275 2417 2536 2472 exaudiit.
2581 2416 2723 2471 Nihil
2767 2417 2908 2472 enim
2954 2425 3099 2471 vetat
3137 2417 3421 2486 quominus
3457 2425 3510 2470 et
3559 2432 3680 2470 am-

2101 2509 2291 2564 bulans
2337 2509 2503 2565 corde
2549 2517 2700 2574 oret,
2732 2517 2786 2562 et
2832 2523 3042 2562 sursum
3084 2509 3172 2563 sit.
3205 2507 3367 2562 Omne
3402 2508 3682 2578 quodcum-

2101 2621 2196 2676 que
2223 2605 2407 2675 facitis,
2447 2605 2645 2674 inquit,
2676 2605 2728 2656 in
2755 2602 2900 2656 verba
2925 2613 3018 2656 aut
3044 2602 3098 2656 in
3127 2618 3306 2672 apere,
3337 2602 3506 2656 omnia
3532 2602 3685 2670 facile

2103 2696 2155 2749 in
2186 2697 2386 2749 nomine
2418 2693 2624 2748 Domini
2650 2693 2776 2748 Jesu
2812 2693 2998 2748 Christi
3018 2735 3032 2755 ,
3060 2694 3249 2761 gratias
3275 2703 3478 2762 agentes
3500 2691 3606 2745 Deo
3637 2701 3688 2744 et

2108 2786 2254 2840 Patri
2279 2802 2367 2857 per
2387 2787 2571 2856 ipsum.
2603 2783 2736 2839 Nam
2763 2785 2808 2839 si
2839 2785 2916 2838 sic
2943 2783 3234 2851 faciamus,
3266 2785 3398 2838 nihil
3433 2784 3533 2838 erit
3563 2797 3686 2837 sceo

2109 2878 2297 2933 lestum
2321 2919 2336 2941 ,
2366 2877 2497 2932 nihil
2526 2876 2882 2943 immundum,
2917 2877 3003 2930 tibi
3034 2875 3280 2932 Christus
3307 2877 3600 2930 invocatur.
3629 2877 3690 2931 Si

2108 2971 2361 3025 comedas
2380 3011 2395 3035 ,
2427 2969 2471 3024 si
2501 2969 2684 3034 bibas,
2713 2969 2758 3023 si
2783 2983 3004 3023 uxorem
3029 2967 3216 3035 ducas,
3249 2969 3291 3021 si
3322 2983 3542 3038 peregre
3563 2984 3691 3038 pro-

2113 3063 2367 3119 ﬁciscaris
2387 3105 2403 3128 ,
2434 3065 2486 3117 in
2516 3063 2735 3118 nomine
2783 3063 2876 3116 Dei
2909 3061 2989 3116 fac
3016 3062 3233 3127 omnia;
3261 3059 3365 3115 hoc
3402 3071 3524 3128 est,
3567 3076 3691 3116 eum

2111 3170 2309 3210 vocans
2338 3154 2635 3225 adjutorem
2662 3171 2676 3209 :
2711 3153 2764 3208 in
2790 3153 3037 3209 omnibus
3067 3168 3188 3208 eum
3212 3152 3358 3223 prius
3381 3166 3539 3208 orans
3558 3193 3572 3217 ,
3604 3169 3695 3205 res

2115 3248 2424 3319 aggredere.
2470 3247 2564 3302 Vis
2590 3247 2786 3317 aliquid
2826 3247 3012 3317 loqui?
3039 3247 3139 3302 hoc
3178 3261 3446 3317 prazpone.
3482 3247 3543 3300 Et
3575 3247 3699 3299 ideo

2116 3355 2214 3394 nos
2243 3352 2455 3409 quoque
2494 3338 2548 3392 in
2571 3338 2810 3407 epistolis
2836 3353 3032 3393 nomen
3063 3339 3268 3393 Domini
3313 3338 3694 3407 praeponimus.

2118 3430 2216 3486 Ubi
2245 3430 2405 3484 fuerit
2426 3443 2616 3483 nomen
2644 3429 2875 3495 Domini,
2898 3430 3076 3482 onmia
3096 3439 3220 3483 sunt
3243 3431 3408 3482 fausta
3427 3438 3478 3483 et
3501 3429 3695 3483 felicia.

2119 3523 2248 3578 Nam
2289 3524 2332 3577 si
2358 3521 2648 3576 Consulum
2676 3523 2891 3575 nomina
2919 3521 3156 3576 efficiunt
3187 3532 3242 3575 ut
3275 3522 3494 3575 firmata:
3519 3530 3576 3575 et
3606 3537 3702 3571 sa-

2121 3617 2240 3671 lida:
2262 3615 2370 3670 sint
2393 3615 2622 3680 tabellae,
2646 3615 2814 3669 multo
2837 3615 3006 3684 magis
3020 3629 3213 3668 nomen
3235 3613 3453 3668 Christi.
3476 3614 3582 3667 Aut
3601 3613 3704 3668 hoc

2121 3707 2270 3772 dicit,
2293 3706 2600 3762 Secundum
2635 3705 2800 3760 Deum
2823 3706 3000 3759 omnia
3023 3715 3075 3759 et
3100 3705 3282 3769 dicite,
3311 3713 3366 3759 et
3394 3705 3530 3776 agite
3561 3722 3572 3758 :
3606 3720 3703 3757 na-

2123 3798 2217 3852 lite
2246 3797 2466 3866 angelos
2496 3795 2857 3851 introducere.
2890 3795 3173 3850 Comedis?
3208 3797 3314 3850 Deo
3336 3811 3435 3865 age
3473 3797 3704 3864 gratias.

2124 3898 2180 3943 et
2208 3887 2389 3942 itidem
2418 3895 2601 3956 postea
2629 3887 2680 3940 id
2709 3887 2962 3940 facturus.
3000 3887 3208 3940 Dormis
3227 3887 3252 3939 τ
3279 3902 3377 3955 age
3407 3889 3624 3957 gratias.
3651 3897 3708 3941 ct

2125 3979 2308 4035 itidem
2339 3989 2522 4048 postea
2563 3978 2702 4033 idem
2751 3977 3008 4033 facturus.
3054 3977 3217 4032 Vadis
3258 3981 3324 4032 ad
3369 3977 3581 4036 forum?
3625 3978 3710 4034 [ac

2128 4072 2287 4135 idem,
2321 4070 2450 4125 nihil
2477 4071 2829 4134 mundanum,
2862 4071 2993 4124 nihil
3022 4070 3163 4140 quod
3183 4071 3250 4126 ad
3276 4071 3438 4126 vitam
3465 4086 3710 4141 prasen-

2129 4175 2234 4217 tem
2257 4165 2538 4232 pertineat.
2568 4162 2672 4216 Fac
2691 4162 2867 4217 omnia
2893 4163 2943 4216 in
2967 4161 3182 4216 nomine
3206 4161 3436 4228 Domini,
3458 4170 3513 4214 et
3530 4162 3711 4215 omnia

2130 4255 2223 4309 tibi
2254 4263 2399 4308 recte
2439 4253 2748 4308 succedent.
2781 4253 3116 4323 Ubicumque
3154 4254 3383 4324 positum
3425 4252 3586 4308 fuerit
3617 4253 3713 4309 Dei

2131 4361 2342 4408 nomen,
2375 4345 2550 4399 omnia
2581 4353 2705 4399 sunt
2732 4345 2901 4399 fausta
2921 4354 2976 4399 et
3003 4344 3193 4399 felicia.
3227 4343 3284 4398 Si
3314 4343 3586 4399 daemones
3615 4360 3716 4398 ex-

2133 4436 2298 4503 pellit,
2331 4435 2374 4488 si
2408 4435 2624 4488 morbos
2656 4435 2950 4505 propulsat,
2981 4435 3148 4490 multo
3177 4436 3345 4506 magis
3373 4434 3529 4489 rebus
3559 4433 3741 4506 affert:

2133 4525 2465 4580 facilitate—m.
2492 4525 2628 4592 Quid
2653 4535 2768 4590 est,
2810 4525 3010 4580 Facere
3049 4526 3102 4579 in
3134 4505 3298 4582 verbo
3325 4535 3416 4580 aut
3441 4526 3493 4579 in
3517 4505 3737 4592 operet

2134 4615 2229 4670 Vel
2255 4628 2563 4679 exeuntem,
2595 4617 2678 4670 vel
2703 4615 2915 4686 quidvis
2946 4615 3250 4672 facientem.
3283 4615 3417 4670 Audi
3446 4613 3743 4710 quomodo)

2135 4705 2403 4759 Abraham
2449 4703 2701 4760 famulum
2731 4721 2884 4760 suum
2928 4707 2980 4760 in
3024 4708 3238 4763 nomine
3271 4707 3363 4762 Dei
3392 4706 3536 4761 misit
3565 4724 3581 4758 :
3614 4706 3684 4758 1).:

2136 4803 2222 4852 vid
2259 4801 2309 4853 in
2341 4802 2558 4854 nomine
2600 4801 2691 4854 Dei
2720 4800 2932 4855 Goliatb
2963 4801 3252 4856 interemit.
3284 4800 3611 4857 Ad—mirabile
3638 4809 3723 4852 est

2139 4907 2336 4946 nomen
2373 4892 2492 4960 ejus
2516 4903 2570 4945 et
2598 4907 2867 4961 magnum.
2898 4891 2966 4946 Et
2997 4907 3185 4948 rursus
3220 4891 3388 4948 Jaeob
3417 4890 3555 4945 ﬁlios
3594 4905 3726 4944 suos

2139 4983 2378 5044 mittens,
2407 4981 2536 5035 dicit
2559 4998 2574 5032 :
2610 4980 2747 5035 Deus
2767 4994 2934 5034 autem
2963 4998 3102 5035 uicus
3128 4983 3211 5036 det
3238 4982 3373 5035 vobis
3400 4981 3617 5050 gratiam
3639 4995 3729 5032 co-

2138 5093 2249 5128 ram
2278 5076 2480 5129 [tamine
2505 5075 2661 5143 (Gen.
2689 5077 2780 5132 45.
2810 5078 2917 5144 Η).
2951 5076 3083 5130 Nam
3113 5078 3203 5146 qui
3231 5077 3330 5131 hoc
3357 5075 3486 5131 facit
3506 5117 3522 5140 ,
3555 5077 3727 5131 Deum

2141 5167 2302 5222 habet
2327 5167 2649 5235 adiutorem,
2680 5171 2799 5225 sine
2828 5185 2936 5238 quo
2957 5170 3090 5223 nihil
3119 5184 3279 5223 ausus
3304 5178 3386 5223 est
3411 5169 3608 5224 facere.
3634 5169 3731 5226 Ut-

2141 5267 2264 5325 pote
2303 5273 2430 5327 ergo
2471 5258 2796 5323 honoratus,
2837 5275 2958 5315 cum
3007 5261 3101 5314 fuit
3141 5261 3444 5324 invocatus.
3488 5262 3726 5316 vicissim

2144 5349 2426 5403 honorabit
2455 5350 2618 5405 rebus
2645 5350 2876 5406 all‘erens
2905 5351 3237 5408 facilitatem.
3271 5353 3462 5409 luvoca
3493 5353 3688 5407 Filium
3713 5394 3730 5418 ,

2142 5443 2340 5510 gratias
2367 5457 2465 5512 age
2496 5442 2660 5497 Patri.
2687 5443 2818 5497 Nam
2840 5445 2966 5498 dum
2996 5446 3271 5500 invocatur
3291 5446 3482 5511 Filius,
3515 5447 3730 5500 invoca-

455 5528 644 5581 iustitia
673 5527 780 5596 ejus
819 5538 980 5580 manet
1025 5529 1078 5581 in
1103 5530 1344 5583 saxulum
1388 5529 1566 5598 (Psal.
1603 5533 1722 5586 ill.
1759 5533 1815 5604 9)
1843 5553 1853 5586 :
1887 5535 2030 5604 quod

456 5616 776 5672 laudandum
805 5618 875 5672 sit
900 5619 1140 5673 misereri
1175 5637 1186 5672 :
1221 5618 1391 5674 Battus
1421 5633 1492 5675 est
1533 5623 1604 5674 vir
1642 5626 1728 5689 qui
1766 5625 2030 5679 miseretur

451 5716 500 5760 et
524 5707 806 5760 commoda:
838 5706 939 5778 (Ib.
972 5723 1016 5763 tt.
1051 5709 1126 5778 5).
1159 5710 1224 5764 ιςι
1266 5711 1346 5766 his
1374 5711 1528 5782 longe
1569 5713 1714 5781 plura
1743 5714 1848 5772 illis
1881 5719 2029 5772 inve-

2145 5547 2227 5590 tnr
2255 5547 2309 5591 et
2347 5537 2537 5601 Pater;
2566 5546 2620 5592 et
2642 5538 2771 5592 dum
2794 5538 2842 5592 ei
2871 5549 3101 5609 aguntur
3123 5541 3327 5610 gratiae,
3357 5540 3493 5594 Filio
3517 5555 3735 5610 quoque.

2140 5629 2323 5698 gratia:
2351 5640 2601 5700 aguntur.
2637 5629 2762 5686 llaec
2789 5631 3064 5687 discamus
3092 5649 3196 5688 non
3227 5635 3393 5688 verbo
3425 5643 3599 5695 tenus,
3633 5633 3736 5687 sed

2147 5735 2240 5788 per
2269 5719 2404 5776 facta
2444 5721 2688 5786 implere.
2719 5723 2850 5779 lluic
2877 5723 3077 5780 nomini
3109 5724 3238 5779 nihil
3279 5733 3451 5797 potest
3483 5723 3692 5792 ωίιιιίιιιι
