4064 6210
484 290 590 346 365

483 412 592 468 rari
621 428 636 465 :
664 409 766 466 hoc
793 408 988 480 ubique
1013 417 1094 462 est
1117 406 1428 462 admirabile
1453 425 1466 462 :
1501 405 1843 477 Unguentum,
1865 409 2068 478 inquit,

483 504 699 573 effusura
725 519 908 558 nomen
931 512 1073 556 tuum
1102 501 1278 572 (Cant.
1306 503 1357 555 l.
1387 502 1469 570 2).
1507 502 1606 569 Qui
1636 502 1736 556 hoc
1761 502 1928 568 dixit,
1961 512 2072 556 sta-

485 599 576 650 tim
605 596 747 649 bono
767 593 934 648 odore
959 593 1056 648 fuit
1078 593 1337 659 repletus.
1371 591 1534 646 Nemo
1571 603 1729 663 potest
1757 593 1923 647 dicere
1961 593 2070 646 Do.

477 691 675 743 minam
703 688 882 744 Iesum
905 731 920 755 ,
960 689 1060 742 nisi
1089 689 1140 742 in
1183 688 1382 756 Spiritu
1408 699 1582 742 sancto
1622 689 1698 758 (l.
1729 688 1846 743 Cor.
1871 687 1960 742 12.
1988 686 2068 756 ὅ).

479 774 595 836 Hoc
615 795 812 834 nomen
844 788 949 832 tam
973 778 1138 832 multa
1166 789 1442 848 operatur.
1466 780 1519 834 Si
1542 779 1762 843 dixeris,
1781 777 1849 832 In
1870 779 2071 832 nomine

444 935 452 942 ,
488 873 660 928 Patris
689 881 736 924 et
767 869 894 924 Filii
915 880 959 923 et
989 871 1218 939 Spiritus
1262 871 1442 935 sancti,
1468 885 1590 924 cum
1618 870 1742 933 fide,
1788 869 1903 924 hzec
1947 885 2072 939 per-

487 963 677 1018 fecisti.
707 960 837 1015 Vide
858 977 1016 1030 quam
1043 960 1208 1014 multa
1239 961 1406 1015 iecisti
1435 977 1447 1011 :
1476 961 1669 1015 creasti
1693 961 1986 1024 hominem,
2013 969 2069 1013 et

483 1057 582 1112 alia
624 1054 807 1108 omnia
834 1065 1086 1124 operatus
1132 1055 1191 1108 es
1238 1068 1302 1108 ex
1349 1053 1691 1121 baptismate.
1733 1053 1822 1108 Sic
1868 1052 2068 1106 morbis

485 1148 753 1216 imperans
782 1160 975 1199 nomen
1005 1144 1063 1198 [it
1102 1145 1359 1198 terribile.
1393 1145 1680 1214 Propterea
1706 1143 1952 1197 diabolus
1982 1143 2066 1196 iu-

484 1238 717 1293 troduxit
741 1252 803 1291 ea
832 1251 953 1306 quae
983 1246 1107 1290 sunt
1137 1236 1472 1306 angelorum,
1503 1235 1690 1290 honori
1718 1244 1903 1289 nostro
1928 1235 2065 1288 invi-

483 1330 633 1388 dens.
665 1327 979 1381 Dmmonum
1006 1327 1137 1382 tales
1162 1337 1287 1380 sunt
1315 1327 1720 1382 incantationes.
1754 1325 1976 1380 Etiamsi
1996 1325 2067 1380 sit

482 1419 720 1487 angelus,
755 1419 962 1472 etiamsi
993 1419 1368 1488 archangelus,
1395 1419 1605 1473 etiamsi
1639 1418 1926 1473 Cherubim
1950 1459 1963 1479 ,
1998 1433 2068 1472 ne

484 1493 738 1578 patiaris:
772 1525 895 1564 nam
930 1524 996 1564 ne
1036 1509 1120 1564 ba:
1163 1510 1377 1576 quidem
1421 1511 1717 1567 Potestates
1755 1511 2061 1580 excipient,

480 1602 574 1655 sed
600 1601 878 1656 excutient
903 1616 1024 1655 cum
1053 1601 1284 1678 viderint
1311 1603 1597 1658 Dominum
1633 1603 1954 1657 contumelia
1980 1603 2062 1656 al-

1371 291 1434 346 lN
1477 292 1688 348 EPIST.
1732 292 1822 345 AD
1859 293 2136 353 COLOSS.
2177 294 2330 350 CAP.
2373 294 2456 350 Ill.
2501 293 2727 352 llOMlL.
2774 297 2842 353 Χ.

3642 310 3756 366 366

2178 411 2396 465 fectum.
2431 411 2542 482 Ego
2565 423 2616 467 te
2638 412 2894 468 honoravi
2915 457 2929 481 ,
2959 415 3156 486 inquit,
3187 427 3244 475 et
3275 419 3415 487 dixi,
3445 422 3522 479 Tu
3557 441 3644 484 me
3674 429 3757 483 in-

2174 517 2302 556 voca
2330 519 2344 559 :
2373 512 2426 556 et
2455 513 2508 557 tu
2535 520 2656 558 eum
2677 505 2940 561 dedecore
2962 507 3166 564 aflieis?
3193 511 3249 565 Si
3275 512 3374 568 hoc
3396 530 3611 573 carmen
3633 535 3754 574 cum

2177 592 2278 646 (ide
2307 595 2626 657 cautareris,
2656 603 2710 650 et
2743 597 2960 652 morbos
2986 607 3040 654 et
3059 600 3332 658 dannones
3356 602 3565 675 fngabis
3593 624 3607 660 :
3640 609 3760 664 etsi

2176 685 2420 740 morbum
2451 702 2555 739 non
2590 689 2939 757 propulsat-is,
2971 705 3076 744 non
3105 693 3155 746 id
3188 697 3244 746 lit
3273 707 3494 765 propter
3520 699 3766 754 imbecil-

2175 777 2400 843 litatem,
2431 779 2524 833 sed
2551 795 2616 834 eo
2636 781 2776 850 quod
2799 782 3069 852 expediat.
3095 782 3399 842 Secundum
3430 792 3754 860 magnitudi-

2175 883 2297 922 nem
2328 879 2506 934 tuam,
2540 871 2746 940 inquit,
2789 873 2867 927 sic
2905 883 2959 926 et
2996 876 3110 929 laus
3156 885 3265 930 tua.
3295 878 3395 932 Per
3423 880 3522 934 hoc
3561 897 3757 939 nomen

2173 961 2319 1014 orbis
2360 970 2516 1014 terra:
2544 961 2640 1014 fuit
2667 977 2988 1030 conversus,
3023 967 3186 1021 fracta
3213 978 3294 1021 est
3327 973 3598 1040 tyrannis.
3628 990 3759 1028 cono

2171 1053 2414 1106 calcatus
2439 1054 2538 1107 iuit
2560 1054 2825 1117 diabolus,
2859 1059 3028 1126 aperti
3059 1071 3181 1113 sunt
3205 1061 3341 1116 caeli.
3375 1061 3438 1114 Et
3461 1064 3584 1132 quid
3610 1067 3752 1130 dico,

2171 1145 2326 1198 cadi?
2358 1159 2456 1199 nos
2485 1161 2578 1214 per
2608 1146 2710 1199 hoc
2739 1162 2932 1202 nomen
2975 1162 3161 1203 smnus
3192 1155 3517 1222 regenerati.
3566 1154 3620 1209 Si
3655 1156 3754 1210 hoc

2175 1235 2494 1302 habeamus,
2537 1237 2964 1305 reSplendemus.
3011 1239 3123 1294 Hoc
3150 1253 3206 1295 et
3251 1253 3514 1312 martyres
3552 1247 3675 1299 facit
3702 1256 3756 1300 et

2172 1329 2545 1382 eonlessores:
2581 1329 2683 1382 hoc
2720 1344 2818 1398 pro
2849 1344 3040 1398 magno
3069 1330 3212 1384 dono
3252 1344 3529 1388 teneamus
3551 1377 3566 1400 ,
3614 1346 3670 1389 ut
3701 1337 3754 1390 in

2172 1418 2338 1485 gloria
2363 1418 2623 1484 vivamus,
2647 1427 2702 1473 et
2731 1420 2839 1473 Deo
2865 1420 3191 1489 placeamus,
3221 1431 3274 1476 et
3296 1423 3438 1492 digni
3465 1425 3757 1480 habeantur

2174 1510 2326 1563 bonis
2358 1510 2633 1578 promissis
2663 1512 2727 1566 iis
2757 1515 2847 1583 qui
2889 1512 3062 1583 ipsum
3090 1514 3349 1586 diligunt,
3379 1519 3546 1587 gratia
3578 1529 3633 1574 et
3661 1519 3763 1575 be-

2171 1600 2450 1669 nignitate,
2481 1610 2584 1655 etc.

517 1732 3695 1756 _._...__.__________________________________________,______

1885 1813 2230 1877 HOMILIA
2287 1811 2342 1872 Χ
2356 1855 2371 1870 .

487 1951 611 2008 CAP.
650 1954 701 2008 5.
743 1971 793 2008 v.
839 1957 925 2011 18.
961 1955 1235 2021 Mulieres,
1280 1959 1496 2013 subdita:
1535 1968 1688 2012 estote
1729 1958 1883 2019 viris,
1924 1957 2056 2010 sicut

553 2055 742 2114 oportet
767 2048 819 2101 in
850 2047 1085 2102 Domino.
1115 2049 1202 2105 l9.
1249 2050 1373 2115 Viri,
1408 2049 1604 2119 diligite
1641 2067 1822 2105 uxores
1852 2029 2058 2113 vestras,

549 2147 597 2190 et
637 2138 789 2193 nolite
835 2143 996 2194 amari
1036 2159 1140 2196 esse
1181 2159 1303 2214 ergo
1339 2143 1479 2197 illas.
1520 2143 1614 2199 20.
1658 2141 1816 2206 Filii,
1868 2141 2063 2195 obedite

551 2232 836 2298 parentibus
886 2251 976 2300 per
1025 2241 1239 2290 omnia:
1284 2237 1377 2289 hoc
1429 2237 1561 2290 enim
1604 2236 1849 2306 placitum
1890 2245 1961 2289 est
2009 2236 2063 2288 in

551 2319 787 2376 Domino.
833 2325 926 2379 2i.
993 2325 1212 2393 Patres,
1258 2327 1414 2380 nolite
1465 2327 1534 2380 ad
1577 2324 1895 2380 iracundiam
1940 2343 2062 2392 pro-

549 2426 728 2466 vocare
773 2415 909 2480 ﬁlios
950 2427 1159 2484 vestros,
1206 2427 1258 2470 ut
1311 2434 1416 2471 non
1464 2419 1650 2488 pusillo
1694 2418 1863 2471 animo
1911 2419 2056 2484 ﬁant.

549 2501 638 2554 22.
671 2502 838 2569 Servi,
865 2505 1064 2560 obedile
1081 2524 1169 2575 per
1195 2508 1365 2560 omnia
1391 2507 1611 2561 dominis
1632 2507 1940 2572 carnalibus,
1961 2524 2062 2559 non

547 2592 614 2643 ad
641 2592 843 2646 oculum
875 2597 1162 2661 servientes,
1182 2599 1328 2666 quasi
1353 2597 1640 2651 hominibus
1663 2598 1941 2668 placentes.
1973 2597 2062 2652 sed

547 2682 601 2734 in
656 2685 978 2752 simplicitate
1023 2689 1189 2742 cordis
1237 2689 1464 2742 timentes
1513 2687 1701 2741 Deum.
1747 2689 1838 2742 25.
1889 2687 2062 2754 Quod-

547 2791 756 2845 cumque
795 2779 962 2848 facitis
983 2822 998 2845 ,
1031 2796 1094 2856 ex
1122 2781 1292 2834 animo
1321 2781 1599 2850 aperantini
1647 2781 1776 2835 sicut
1815 2781 2052 2844 Domino,

549 2878 595 2920 et
620 2886 721 2922 non
753 2873 1063 2938 hominibus,
1094 2873 1183 2928 24.
1212 2874 1422 2928 scientes
1448 2874 1586 2943 quod
1610 2891 1644 2927 α
1675 2873 1893 2927 Domino
1921 2873 2060 2925 acci-

549 2961 696 3029 pietis
761 2964 1140 3018 retributionem
1191 2966 1485 3020 hereditatis
1513 2981 1532 3019 :
1581 2965 1803 3018 Domino
1861 2963 2061 3020 Christo

549 3054 742 3106 servile.
782 3053 872 3110 25.
921 3054 1019 3123 Qui
1060 3065 1228 3110 autem
1271 3057 1514 3121 iniuriam
1548 3057 1708 3126 facit,
1763 3056 1967 3123 recipiet
2009 3056 2062 3108 id

547 3146 682 3215 quod
713 3146 880 3217 inique
909 3148 1098 3218 gessit;
1134 3159 1178 3201 et
1223 3164 1323 3201 non
1357 3157 1430 3201 est
1470 3163 1801 3215 personarum
1838 3148 2062 3216 acceptio

548 3236 688 3302 apud
727 3234 911 3291 Deum.
943 3236 1069 3292 Crte.
1102 3239 1156 3290 4.
1190 3253 1240 3290 v.
1270 3238 1320 3292 Ι.
1351 3235 1594 3302 Domini,
1630 3237 1684 3290 id
1711 3237 1846 3306 quod
1871 3238 2061 3303 instant

549 3338 618 3378 est
648 3337 693 3380 et
722 3345 942 3397 ter/num,
973 3331 1126 3383 servis
1158 3340 1392 3398 praestate
1414 3373 1428 3396 ,
1460 3332 1666 3384 scientes
1706 3330 1841 3399 quod
1883 3340 1929 3383 et
1973 3345 2058 3382 vos

550 3416 822 3472 Dominum
847 3423 1038 3475 habetis
1064 3424 1116 3476 in
1146 3424 1292 3476 cce/0.

551 3511 603 3562 Ι.
648 3511 757 3565 Cur
797 3528 905 3567 non
952 3515 1144 3583 ubique
1193 3524 1248 3568 et
1293 3516 1344 3568 in
1388 3515 1632 3568 omnibus
1668 3514 1905 3582 epistolis
1949 3512 2052 3569 hoc

483 3603 739 3672 pnccipit,
775 3607 867 3660 sed
902 3606 1008 3672 hic,
1038 3618 1092 3662 et
1126 3608 1177 3661 in
1209 3607 1444 3676 Epistula
1491 3606 1556 3660 ad
1598 3607 1884 3675 Ephesios,
1913 3615 1965 3660 et
2002 3607 2056 3660 iu

481 3691 716 3759 Epistola
746 3694 810 3747 ad
840 3694 1202 3756 Timotheum.
1238 3705 1291 3750 et
1317 3695 1383 3750 ad
1411 3696 1625 3750 Titum?
1652 3695 1916 3763 Quoniam
1958 3711 2056 3750 ve-

480 3783 700 3839 risimile
731 3794 812 3840 est
840 3787 891 3840 in
923 3788 1004 3842 his
1035 3788 1340 3843 civitatibus
1382 3789 1548 3843 fuisse
1581 3788 1877 3843 seditiones
1907 3807 1920 3843 :
1967 3799 2059 3845 aut

482 3876 768 3932 verisimile
815 3888 896 3932 est
937 3895 1030 3934 eas
1076 3882 1126 3933 in
1168 3882 1291 3936 aliis
1328 3897 1386 3936 se
1424 3891 1570 3937 recte
1603 3865 1940 3952 gessisse,'in
1977 3882 2058 3937 his

480 3986 606 4026 vero
629 3973 804 4026 minus
821 3984 987 4038 recte,
1016 3975 1150 4029 adeo
1177 3984 1235 4029 ut
1257 3985 1527 4046 oporteret
1549 3991 1642 4031 eos
1659 3976 1725 4031 de
1745 3976 1828 4030 his
1845 3976 2054 4030 audire.

485 4062 576 4116 Vel
626 4065 800 4132 potius
844 4065 982 4134 quod
1029 4067 1092 4119 iis
1129 4067 1277 4131 dicit,
1324 4068 1454 4121 dicit
1494 4067 1766 4122 omnibus.
1813 4067 2056 4137 Magnam

479 4163 655 4208 autem
693 4154 1094 4210 similitudinem
1142 4155 1301 4211 habet
1336 4157 1452 4210 hzec
1499 4157 1724 4226 epistola
1763 4173 1882 4213 cum
1926 4157 2055 4224 Epi-

480 4246 614 4297 stola
646 4245 713 4300 ad
745 4245 1008 4315 Ephesios
1047 4247 1100 4301 in
1135 4247 1218 4302 bis
1247 4263 1478 4318 quoque.
1511 4248 1655 4303 Alibi
1699 4263 1827 4304 vero
1868 4248 1919 4302 id
1949 4263 2056 4302 non

484 4335 642 4389 facit:
687 4346 779 4390 aut
811 4338 952 4408 quod
998 4337 1066 4394 ad
1113 4341 1252 4393 viros
1280 4340 1390 4408 jam
1431 4355 1618 4408 pacem
1647 4349 1884 4409 agentes,
1920 4353 2056 4410 quos

480 4427 761 4494 oportebat
797 4429 1066 4495 sublimia,
1089 4445 1210 4498 quae
1237 4431 1315 4484 eis
1337 4430 1515 4484 adhuc
1538 4426 1779 4495 deerant,
1806 4430 2057 4500 dogmata

481 4516 712 4582 discere,
765 4535 869 4574 non
915 4522 1196 4591 oportebat
1234 4521 1301 4576 de
1342 4521 1423 4576 his
1458 4520 1735 4576 scribere:
1777 4530 1870 4575 aut
1913 4520 2058 4590 quod

479 4624 600 4664 eum
621 4613 1043 4666 consolationem
1068 4613 1178 4681 jam
1209 4613 1542 4682 accepissent
1571 4613 1620 4680 in
1655 4612 2056 4678 tentatiouibus,

480 4715 932 4768 supervacaneum
984 4711 1130 4757 esset
1183 4701 1252 4757 de
1309 4701 1392 4756 his
1438 4703 1642 4758 audire.
1699 4703 2057 4770 Quamobrem

479 4792 705 4861 eonjieio
733 4792 818 4847 hic
843 4794 953 4863 jam
990 4794 1196 4850 ﬁrmam
1228 4805 1280 4849 ct
1311 4795 1558 4863 stabilem
1588 4810 1707 4852 esse
1735 4795 2053 4860 Ecclesiam,

478 4894 531 4934 et
569 4884 682 4938 lucc
725 4883 830 4939 dici
883 4885 934 4938 in
982 4885 1104 4939 line.
1149 4883 1414 4952 Mulieres,
1457 4887 1673 4941 subditae
1710 4895 1864 4940 estote
1912 4885 2054 4950 viris,

478 4976 602 5028 sicut
630 4986 825 5045 oportet
873 4976 926 5030 in
954 4976 1196 5031 Domino.
1232 4977 1290 5031 ld
1337 4986 1436 5042 est,
1461 4977 1699 5032 Subditae
1724 4986 1897 5031 estote
1927 4991 2053 5046 pro-

478 5079 596 5134 pter
646 5070 852 5123 Deum:
897 5054 1148 5139 quoniam
1181 5070 1302 5133 hoc,
1355 5070 1544 5140 inquit,
1589 5084 1684 5123 vos
1721 5079 1896 5134 ornat,
1947 5084 2052 5122 non

479 5162 618 5217 illos.
664 5161 780 5216 Non
821 5163 963 5218 enim
1000 5163 1132 5219 hero
1166 5162 1402 5218 debitam
1431 5163 1838 5231 subjectioucm,
1881 5177 2056 5230 neque

477 5270 592 5308 eam
633 5255 806 5308 solum
853 5272 971 5324 qua:
1010 5266 1094 5310 est
1132 5273 1161 5311 a
1200 5267 1411 5320 natura,
1454 5255 1546 5310 sed
1591 5271 1708 5310 eam
1745 5259 1902 5310 etiam
1935 5255 2054 5310 dico

477 5362 591 5416 qua!
634 5356 717 5401 est
755 5358 974 5418 propter
1007 5349 1195 5403 Deum.
1236 5347 1362 5414 Viri,
1398 5348 1591 5420 diligite
1633 5363 1811 5402 uxores
1841 5357 2052 5411 vestras,

476 5448 520 5490 ct
571 5441 726 5494 nolite
762 5443 926 5496 antari
970 5459 1075 5496 esse
1117 5443 1185 5496 ad
1225 5443 1365 5496 illas.
1400 5440 1534 5496 Vide
1569 5457 1754 5495 rursus
1782 5441 2052 5511 quomodo

476 5533 702 5585 suaserit
729 5533 871 5601 quod
898 5532 1052 5588 alteri
1083 5534 1150 5588 ab
1175 5534 1350 5588 altero
1379 5541 1464 5588 est
1489 5532 1870 5600 przesuindum.
1901 5532 2054 5588 Sicut

477 5621 583 5675 illic
628 5625 779 5692 ponit
827 5637 1029 5680 metum
1071 5636 1122 5680 et
1179 5625 1481 5689 caritatem,
1533 5623 1603 5678 ita
1657 5623 1743 5678 hic
1788 5640 2048 5694 quoque:

480 5724 653 5774 potest
684 5716 824 5771 enim
850 5731 989 5784 esse,
1023 5725 1078 5772 ut
1104 5718 1190 5786 qui
1216 5716 1386 5788 diligit
1428 5718 1497 5772 sit
1538 5715 1780 5772 acerbus.
1816 5717 1928 5773 lloc
1967 5727 2050 5786 est

2165 1968 2292 2022 ergo
2329 1952 2468 2021 quod
2513 1952 2677 2007 dicit:
2730 1952 2810 2007 Ne
2854 1954 3145 2025 pugnetis:
3190 1955 3320 2009 nihil
3355 1963 3436 2009 est
3477 1955 3618 2010 enim
3651 1955 3752 2012 hac

2172 2061 2342 2114 pugna
2369 2046 2634 2108 acerbius,
2666 2045 2881 2116 quando
2926 2047 3025 2101 viri
3063 2047 3222 2101 fuerit
3263 2062 3438 2117 pugna
3487 2048 3749 2102 adversus

2167 2154 2409 2192 uxorein.
2443 2138 2574 2192 Nam
2602 2155 2721 2207 quae
2747 2138 3009 2194 adversus
3031 2155 3287 2209 personas
3310 2155 3430 2209 qua:
3452 2129 3750 2207 diliguntur

2166 2237 2290 2283 sunt
2313 2244 2524 2298 pugnae,
2554 2245 2632 2284 ea:
2657 2238 2782 2283 sunt
2809 2229 3048 2292 acerbaz;
3080 2239 3133 2283 et
3162 2230 3395 2284 ostendit
3417 2229 3519 2284 hoc
3540 2229 3655 2284 ﬁeri
3683 2246 3745 2283 ex

2166 2337 2354 2391 magna
2399 2321 2711 2387 acerbitate,
2756 2336 2878 2376 cum
2918 2323 3074 2375 alicui
3106 2323 3366 2378 adversus
3393 2337 3546 2378 suum
3580 2338 3748 2376 mem-

2167 2414 2320 2468 hrum
2343 2424 2425 2468 est
2451 2413 2752 2470 tlissidium.
2786 2417 2958 2485 Atque
2991 2414 3214 2484 diligere
3245 2416 3460 2486 quidem
3491 2424 3576 2470 est
3603 2415 3748 2469 viro-

2165 2524 2322 2570 rum,
2377 2507 2589 2561 illarum
2644 2522 2772 2562 vero
2821 2507 3036 2562 cedere.
3096 2509 3150 2563 Si
3204 2523 3332 2579 ergo
3387 2509 3750 2577 unusquisque

2164 2598 2304 2668 quod
2328 2614 2479 2652 suum
2508 2608 2591 2652 est
2615 2597 2826 2660 afferat,
2857 2608 2999 2652 stant
3023 2598 3200 2651 omnia
3233 2599 3380 2652 lirma
3417 2607 3471 2651 et
3511 2598 3744 2652 stabilia.

2166 2693 2239 2745 Ex
2269 2706 2334 2746 eo
2364 2691 2506 2746 enim
2534 2691 2677 2761 quod
2702 2690 2972 2758 diligatur,
3003 2691 3058 2744 lit
3088 2691 3281 2744 mulier
3304 2689 3472 2743 amica
3498 2698 3552 2742 et
3580 2688 3745 2742 bene-

2164 2785 2318 2847 vola;
2353 2798 2417 2837 ex
2445 2798 2509 2837 eo
2538 2791 2717 2837 autem
2747 2781 2888 2852 quod
2911 2782 2979 2836 sit
3011 2782 3243 2844 subdita,
3285 2783 3367 2833 vir
3409 2779 3464 2833 lit
3508 2778 3653 2833 mitis
3691 2787 3747 2831 et

2164 2876 2422 2930 clemens.
2455 2874 2590 2929 Vide
2610 2885 2789 2929 autem
2821 2873 2962 2943 qttod
2987 2873 3087 2928 hoc
3113 2887 3324 2943 quoque
3355 2881 3541 2925 natura
3569 2871 3648 2926 sic
3673 2871 3744 2924 sit

2164 2978 2552 3038 comparatum,
2594 2975 2654 3020 ut
2693 2966 2776 3019 vir
2813 2966 3027 3036 quidem
3069 2965 3276 3034 diligat,
3319 2962 3514 3017 mulier
3556 2970 3738 3014 autem

2164 3057 2393 3112 obcdiat.
2430 3058 2560 3112 Nam
2587 3057 2803 3124 quando
2834 3059 2876 3111 is
2905 3058 2995 3128 qui
3018 3057 3265 3125 imperat,
3297 3055 3467 3124 diligit
3499 3069 3620 3108 eum
3651 3051 3743 3121 qui

2165 3159 2313 3220 paret
2337 3150 2582 3220 imperio,
2609 3158 2735 3220 tunc
2758 3151 3058 3204 consistunt
3082 3149 3280 3203 omnia.
3311 3147 3426 3201 Non
3451 3155 3556 3199 tam
3583 3147 3650 3198 ah
3676 3161 3744 3197 eo

2165 3245 2252 3314 qui
2283 3252 2431 3314 paret
2471 3246 2728 3314 quaeritur
2755 3243 2994 3309 dilectio,
3027 3256 3184 3312 quam
3214 3240 3279 3295 ab
3303 3255 3368 3294 eo
3399 3239 3489 3309 qui
3518 3239 3744 3307 imperat

2165 3350 2289 3405 erga
2333 3351 2452 3389 cum
2485 3335 2574 3404 qui
2620 3343 2807 3404 paret:
2854 3333 2923 3387 ab
2968 3333 3245 3388 illoenim
3291 3340 3376 3386 est
3417 3329 3740 3385 obedientia.

2163 3427 2296 3482 Nam
2327 3426 2466 3495 quod
2497 3426 2707 3480 mulieri
2739 3437 2821 3478 est
2848 3424 3213 3494 pulchritudo,
3245 3424 3362 3478 viro
3384 3433 3562 3478 autem
3589 3420 3742 3488 cupi-

2164 3519 2298 3573 ditas
2333 3525 2387 3571 et
2425 3515 2770 3578 desiderium,
2805 3515 2934 3568 nihil
2961 3515 3106 3570 aliud
3136 3514 3371 3569 ostendit
3400 3528 3558 3583 quam
3587 3510 3738 3582 quod

2163 3609 2241 3664 sic
2269 3608 2359 3662 fiat
2389 3617 2602 3677 propter
2631 3607 2996 3662 dilectionem.
3033 3606 3111 3660 Ne
3149 3622 3296 3675 ergo,
3330 3605 3580 3675 quoniam
3610 3601 3740 3656 sub-

2159 3702 2298 3772 jecta
2321 3711 2403 3756 est
2426 3701 2634 3764 mulier,
2664 3699 2738 3754 sis
2767 3699 3032 3764 insolens;
3067 3713 3238 3767 neque
3269 3708 3346 3757 tu,
3378 3695 3628 3766 quoniam
3657 3693 3739 3746 vir

2163 3793 2355 3862 diligit,
2390 3791 2705 3845 iutumesce.
2738 3789 2924 3860 Neque
2951 3789 3048 3842 viri
3080 3788 3310 3842 amicitia
3353 3787 3574 3840 extollat
3624 3800 3742 3838 mu-

2163 3883 2345 3940 lierem
2373 3902 2386 3950 ;
2435 3896 2606 3948 neque
2645 3881 2884 3935 mulieris
2921 3880 3180 3949 subiectio
3208 3877 3353 3933 inﬂet
3382 3879 3573 3934 virum.
3606 3876 3742 3931 Pro-

2165 3986 2344 4044 pterea
2392 3974 2482 4028 tibi
2519 3989 2636 4029 eam
2676 3973 2920 4043 subjecit,
2968 3989 3002 4027 o
3046 3973 3144 4038 vir,
3189 3982 3245 4026 ut
3289 3972 3458 4042 magis
3496 3979 3740 4025 ametur:

2163 4077 2443 4135 propterea
2473 4074 2521 4118 te
2549 4063 2676 4120 fecit
2717 4065 2906 4128 amari,
2957 4079 2990 4118 ο
3042 4064 3253 4129 mulier,
3300 4072 3355 4115 ut
3400 4062 3553 4117 facile
3594 4061 3736 4116 feras

2161 4157 2302 4226 quod
2334 4159 2408 4211 sis
2442 4155 2699 4225 subjecta.
2730 4154 2807 4211 Ne
2838 4157 3027 4209 timeas
3070 4154 3212 4225 quod
3255 4155 3329 4210 sis
3374 4155 3644 4222 subjecta;
3692 4154 3741 4207 ei

2162 4251 2303 4306 enim
2347 4248 2436 4318 qui
2482 4257 2627 4302 amat
2667 4263 2786 4302 esse
2826 4247 3144 4316 subjectum,
3183 4245 3381 4299 nullam
3417 4245 3576 4298 habet
3602 4243 3743 4298 difﬁ—

2161 4339 2464 4393 cultatem:
2514 4353 2582 4390 ne
2637 4337 2824 4390 timeas
2876 4351 3102 4399 amans;
3159 4335 3325 4388 habes
3372 4334 3514 4388 enim
3571 4334 3739 4402 ipsam

2162 4431 2462 4485 cedentem.
2513 4428 2629 4482 Non
2673 4428 2805 4483 alias
2850 4443 2979 4498 ergo
3022 4435 3166 4482 esset
3217 4427 3509 4480 vinculum.
3566 4425 3741 4479 llahes

2164 4521 2524 4577 necessarium
2571 4536 2600 4574 a
2648 4529 2834 4574 natura
2884 4521 3207 4588 imperium;
3251 4517 3387 4572 habe
3427 4517 3586 4571 etiam
3629 4517 3742 4570 riu-

2161 4613 2340 4667 culum
2373 4612 2513 4682 quod
2560 4621 2638 4666 est
2669 4626 2733 4665 ex
2763 4612 2983 4664 caritate
3009 4628 3022 4663 :
3055 4625 3172 4664 eam
3203 4610 3344 4664 enim
3375 4625 3494 4680 qua.-
3523 4618 3606 4664 est
3637 4608 3739 4661 itu-

2162 4703 2426 4768 becillior,
2455 4703 2581 4757 sinit
2611 4718 2733 4756 esse
2762 4701 3116 4756 tolerabilem.
3150 4699 3298 4766 Filii,
3332 4701 3525 4755 obeilite
3555 4716 3738 4769 parcn-

2163 4797 2292 4850 tibns
2333 4811 2420 4864 per
2449 4797 2656 4848 omnia:
2699 4794 2791 4846 hoc
2820 4795 2954 4848 enim
2993 4794 3239 4862 placitum
3281 4803 3353 4848 est
3397 4795 3451 4847 in
3499 4793 3739 4847 Domino.

2162 4889 2368 4943 Rursus
2390 4887 2582 4956 posuit,
2609 4884 2675 4940 In
2698 4885 2937 4951 Domino,
2959 4893 3013 4939 et
3035 4886 3177 4955 leges
3197 4885 3374 4939 ferens
3393 4884 3733 4946 obedientite,

2162 4991 2216 5036 et
2262 4979 2520 5050 pudorem
2573 4978 2856 5042 incutiens,
2919 4994 2982 5033 ac
3035 4978 3364 5045 deprimens.
3424 4976 3536 5030 Hoc
3583 4977 3736 5042 enim,

2162 5073 2354 5141 inquit,
2403 5080 2474 5125 est
2522 5071 2766 5141 placitum
2806 5069 3044 5126 Domino.
3086 5069 3218 5125 Vide
3240 5069 3508 5140 quomodo
3534 5082 3638 5122 non
3670 5083 3739 5122 ex

2163 5164 2275 5218 sola
2321 5170 2532 5222 natura.
2582 5162 2674 5216 sed
2716 5171 2840 5216 ante
2885 5179 3002 5217 eam
3029 5177 3096 5217 ex
3130 5162 3195 5214 iis
3221 5176 3340 5230 qua:
3370 5161 3478 5214 Deo
3506 5159 3738 5229 placent,

2161 5255 2273 5308 vult
2303 5267 2402 5307 nos
2427 5252 2605 5305 omnia
2629 5268 2806 5318 agere,
2829 5263 2884 5305 ut
2905 5253 3064 5307 etiam
3093 5250 3395 5306 mercedem
3425 5249 3736 5304 habeamus.

2163 5345 2362 5408 Patres,
2401 5341 2558 5396 nolite
2595 5343 2662 5393 ad
2703 5343 3018 5396 iracundiam
3057 5357 3330 5411 provocare
3357 5339 3494 5410 ﬁlios
3527 5350 3734 5403 vestros,

2162 5449 2214 5491 ut
2246 5455 2345 5491 non
2373 5435 2561 5504 pusillo
2589 5435 2758 5487 animo
2796 5437 2941 5503 fiant.
2986 5436 3122 5490 Ecce
3166 5433 3252 5490 hic
3296 5451 3508 5506 quoque
3553 5450 3739 5490 rursus

2163 5538 2241 5584 est
2270 5528 2531 5596 subjectio
2561 5537 2612 5581 et
2642 5540 2813 5579 amor.
2847 5527 2913 5580 Et
2964 5541 3070 5581 non
3102 5527 3254 5593 dixit,
3299 5526 3510 5596 Diligite
3559 5525 3736 5593 ﬁlios;

2162 5629 2304 5677 esset
2346 5623 2487 5674 enim
2527 5634 3031 5686 supervacaneum;
3067 5621 3180 5689 ipsa
3224 5621 3422 5692 quippe
3461 5621 3603 5692 cogit
3637 5637 3736 5676 na-

2161 5729 2305 5779 tura;
2340 5712 2432 5771 sed
2461 5714 2691 5770 correxit
2719 5713 2861 5786 quod
2894 5714 3142 5786 oportuit,
3179 5715 3321 5786 quod
3347 5723 3402 5772 ct
3440 5731 3590 5797 amor
3640 5715 3724 5771 hic

3751 2554 3798 2591 κ
