4064 6210
305 283 412 342 387

305 409 448 456 esset
476 395 865 463 vehementior,
895 394 1144 465 quoniam
1170 400 1226 447 et
1247 390 1419 460 major
1442 398 1528 446 est
1551 388 1884 445 obedientia.

305 493 580 562 Nusquam
604 490 747 547 enim
773 488 925 560 ponit
946 483 1252 556 exemplum
1274 482 1375 538 viri
1403 491 1458 538 et
1483 481 1756 548 mulieris;
1788 480 1885 537 sed

307 583 472 651 quid?
499 582 636 636 Audi
667 581 983 652 prophetam
1009 577 1276 632 dicentem
1309 592 1322 628 :
1355 573 1504 630 Sicut
1543 583 1690 641 pater
1735 572 1888 627 mise-

307 687 445 731 retur
491 676 735 745 ﬁliorum,
781 674 1014 727 misertus
1054 679 1126 725 est
1171 667 1424 723 Dominus
1468 667 1748 721 timentium
1775 681 1889 719 eum

309 767 477 836 (Psal.
503 767 588 820 l2.
619 767 734 834 15).
764 764 830 820 Ει
853 777 1041 817 rursus
1069 761 1200 815 dicit
1224 759 1512 816 Christus:
1549 758 1674 824 Quis
1710 765 1785 810 est
1826 772 1890 810 ea:

306 858 443 912 vobis
463 859 634 922 homo,
662 872 695 909 a
720 871 821 924 quo
846 856 892 908 si
918 853 1111 922 petierit
1133 852 1271 921 filius
1293 867 1494 919 panem,
1524 866 1645 903 num
1667 847 1889 918 lapidem

309 950 449 1002 dabit
475 947 560 1001 ei!
594 957 640 1000 et
667 947 713 1001 si
739 946 935 1009 petierit
971 946 1178 1015 piscem,
1203 958 1327 996 num
1351 950 1633 1009 serpentem
1675 940 1812 992 dabit
1840 938 1887 991 ei

307 1039 522 1109 (Matth.
547 1040 601 1095 7.
626 1038 727 1108 9)?
758 1037 960 1101 Patres,
986 1037 1141 1090 nolite
1164 1036 1231 1088 ad
1269 1035 1589 1087 iracundiam
1617 1047 1890 1100 prouocare

305 1133 442 1201 ﬁlios
482 1139 694 1195 vestros,
742 1145 808 1185 ne
849 1128 1035 1201 pusillo
1084 1127 1255 1180 animo
1303 1127 1452 1194 fiant.
1504 1125 1657 1190 Quod
1686 1123 1888 1178 sciebat

306 1224 559 1278 idoneum
611 1231 668 1275 nt
712 1222 944 1274 maxime
994 1233 1088 1272 eos
1133 1217 1428 1281 morderet,
1473 1216 1574 1271 hoc
1605 1216 1798 1285 posuit,
1832 1222 1888 1269 et

305 1315 569 1368 amantius
621 1312 760 1366 dixit
809 1311 888 1368 eis
947 1312 1254 1381 imperans,
1311 1319 1366 1364 et
1420 1324 1682 1378 nusquam
1735 1309 1887 1378 ponit

306 1406 515 1459 Deum:
566 1406 811 1475 lregisset
866 1403 1006 1458 enim
1058 1412 1330 1472 parentes,
1376 1401 1653 1456 inﬂectens
1699 1415 1886 1456 eorum

303 1498 530 1550 visci-ra.
576 1495 709 1550 illud
753 1505 950 1558 autem,
1002 1493 1177 1548 Nolite
1217 1509 1510 1561 provocare,
1545 1491 1648 1545 hoc
1674 1500 1778 1554 est,
1811 1491 1888 1545 Ne

304 1591 509 1645 reddite
550 1607 644 1644 eos
684 1589 1162 1651 contentiosiores;
1214 1597 1298 1642 est
1347 1587 1512 1648 enim,
1566 1585 1652 1639 ubi
1681 1585 1887 1640 debetis

303 1685 409 1737 illis
435 1681 636 1754 aliquid
663 1682 980 1738 concedere.
1017 1680 1218 1736 Deinde
1249 1681 1399 1735 venit
1428 1678 1492 1732 ad
1522 1679 1744 1734 tertium
1781 1679 1886 1732 im-

303 1777 528 1844 perium,
561 1775 729 1843 Servi,
759 1774 1025 1845 inquiens,
1071 1773 1265 1827 obedite
1311 1772 1529 1825 dominis
1570 1771 1881 1824 carnalibus.

302 1865 400 1920 Est
447 1865 535 1921 hic
582 1880 794 1937 quoque
819 1880 970 1922 amor
996 1865 1234 1936 quidam,
1268 1863 1362 1918 sed
1390 1879 1494 1917 non
1525 1863 1595 1916 ita
1625 1861 1884 1916 naturalis

299 1958 440 2013 sicut
465 1958 731 2027 superius,
761 1957 856 2012 sed
885 1955 1290 2012 consuetudinis
1320 1965 1374 2009 et
1409 1955 1476 2008 ab
1507 1955 1624 2024 ipso
1656 1954 1882 2024 imperio

299 2060 356 2106 et
401 2065 430 2105 a
478 2050 650 2106 factis.
680 2050 941 2119 Quoniam
973 2063 1103 2117 ergo
1144 2047 1228 2101 hic
1269 2045 1483 2115 quidem
1528 2044 1580 2099 id
1618 2046 1757 2115 quod
1801 2054 1885 2099 est

298 2144 519 2207 amoris,
547 2153 631 2198 est
649 2143 915 2198 succisum
943 2157 1005 2195 ac
1027 2141 1347 2195 diminutum
1375 2157 1389 2194 :
1421 2139 1560 2210 quod
1591 2149 1674 2194 est
1700 2149 1878 2194 autem

298 2231 638 2299 obedientize,
692 2232 961 2287 intensum
1008 2240 1063 2286 et
1107 2229 1510 2299 ampliﬁcatam,
1557 2229 1608 2284 in
1655 2244 1722 2285 eo
1769 2231 1884 2284 vult

300 2322 594 2390 immorari,
637 2331 691 2378 et
737 2323 880 2393 quod
935 2324 1091 2392 primi
1143 2322 1338 2376 habent
1371 2338 1401 2376 a
1435 2331 1644 2386 natura;
1677 2321 1777 2376 hoc
1804 2322 1882 2376 eis

304 2415 433 2470 dare
475 2431 543 2471 ex
587 2414 914 2470 obedientia.
961 2413 1322 2482 Quamobrem
1366 2427 1468 2467 non
1516 2428 1612 2482 pro
1651 2412 1882 2467 dominis

301 2522 426 2561 cum
472 2507 601 2561 solis
648 2506 881 2576 loquitur
928 2505 1160 2571 famulis,
1193 2505 1286 2560 sed
1311 2505 1469 2559 etiam
1505 2519 1598 2574 pro
1629 2505 1777 2574 ipsis,
1810 2514 1869 2558 ut.

304 2617 366 2656 se
392 2601 621 2656 dominis
643 2601 868 2658 reddant
897 2601 1305 2657 desiderabiles.
1335 2600 1440 2658 Sed
1470 2619 1576 2657 non
1606 2602 1707 2658 hoc
1733 2604 1881 2672 ponit

299 2705 520 2764 aperte:
551 2696 684 2751 alias
727 2696 870 2751 enim
905 2711 998 2750 eos
1024 2697 1244 2765 supinos
1285 2695 1570 2752 effecisset.
1603 2697 1769 2762 Servi,
1801 2697 1884 2751 in-

295 2788 430 2857 quit,
455 2788 647 2841 obedite
668 2804 756 2853 per
778 2788 948 2841 omnia
974 2788 1189 2841 dominis
1215 2787 1521 2842 carnalibus.

365 2877 422 2932 2.
457 2879 587 2933 Vide
609 2889 785 2932 autem
807 2878 1074 2947 quomodo
1097 2894 1308 2946 seraper
1331 2880 1478 2946 ponit
1500 2877 1736 2944 nomina,
1759 2895 1877 2932 mtt-

295 2971 462 3030 lieres.
483 2970 599 3039 ﬁlii,
617 2971 764 3033 servi,
786 2980 843 3023 ut
857 2971 944 3039 jus
960 2969 1262 3034 obediendi,
1278 2969 1418 3040 quod
1435 2969 1676 3024 debetur.
1691 2970 1792 3025 Sed
1809 2987 1876 3028 ne

295 3063 524 3120 doleret.
557 3062 848 3132 subjunxit,
876 3061 1106 3116 Dominis
1135 3061 1438 3115 carnalibus.
1468 3061 1620 3128 Quod
1651 3071 1731 3118 est
1762 3064 1834 3117 tui
1855 3103 1874 3130 ,

296 3157 485 3226 inquit,
523 3156 802 3224 optimum,
835 3171 1026 3225 nempe
1053 3156 1247 3215 anima,
1283 3155 1447 3208 libera
1496 3163 1614 3218 est;
1649 3154 1714 3209 ad
1743 3165 1876 3210 tem-

295 3261 396 3315 pus
425 3255 505 3301 est
541 3246 790 3302 servitus.
824 3246 1029 3313 Corpus
1062 3261 1190 3317 ergo
1216 3244 1405 3310 subde,
1435 3262 1502 3300 ne
1532 3248 1868 3302 necessitatis

295 3339 523 3407 amplius
555 3338 624 3392 sil
661 3339 910 3394 servitus.
956 3336 1077 3392 Non
1116 3338 1184 3390 ad
1215 3338 1414 3392 oculum
1454 3339 1722 3393 servientes
1753 3350 1875 3392 tam-

291 3443 444 3497 quam
483 3427 770 3483 hominibus
816 3428 1086 3498 placentes.
1143 3428 1269 3495 Fac,
1318 3429 1508 3497 inquit,
1557 3430 1870 3485 servitutem

291 3537 411 3589 quae
439 3528 520 3574 est
549 3537 613 3578 ex
644 3521 784 3592 lege,
817 3537 937 3576 esse
967 3537 1033 3576 ex
1065 3532 1205 3575 metu
1235 3521 1452 3576 Christi.
1491 3521 1621 3576 Nam
1651 3524 1748 3578 etsi
1783 3523 1874 3578 illo

293 3629 400 3668 non
445 3613 664 3668 vidente
696 3614 828 3668 facis
862 3629 980 3683 qua:
1016 3622 1250 3681 Oportet,
1284 3622 1336 3666 et
1365 3629 1482 3682 qua:
1511 3615 1777 3682 pertinent
1805 3615 1870 3668 ad

291 3704 550 3761 honorem
579 3706 776 3759 domini
805 3723 820 3769 ;
855 3705 905 3759 id
937 3706 1091 3773 plane
1122 3706 1248 3759 lacis
1275 3715 1494 3776 propter
1536 3707 1682 3760 illum
1729 3708 1872 3760 inso-

290 3813 470 3856 mnem
497 3799 730 3852 oculum.
764 3795 884 3849 Non
911 3797 979 3848 ad
1003 3797 1203 3849 oculum
1228 3839 1242 3861 ,
1278 3798 1464 3866 inquit,
1500 3807 1758 3867 tamquam
1788 3800 1873 3852 lto-

290 3890 507 3944 minibus
531 3888 804 3959 placentes.
834 3887 950 3954 Quo
972 3888 1059 3941 lict
1098 3896 1154 3941 ut
1185 3903 1277 3942 vos
1316 3888 1566 3943 damnum
1611 3891 1867 3944 subeatis.

291 3980 427 4035 Audi
455 3981 596 4032 enim
638 3979 950 4049 prophetam
983 3977 1277 4040 dicentem,
1315 3977 1586 4049 Dissipavit
1617 3980 1868 4037 Dominus

291 4087 405 4125 ossa
434 4087 604 4124 eorum
635 4069 722 4140 qui
752 4068 1037 4122 hominibus
1069 4069 1262 4136 placent
1293 4067 1462 4141 (Psal.
1494 4071 1583 4126 52.
1619 4072 1697 4142 6).
1734 4073 1868 4129 Vide

289 4177 420 4233 ergo
448 4160 716 4230 quomodo
758 4161 837 4215 eis
875 4161 1063 4230 parcit,
1105 4170 1159 4215 et
1193 4177 1287 4215 eos
1331 4164 1606 4231 componit
1636 4183 1648 4218 :
1681 4164 1786 4219 Sed
1814 4167 1868 4220 in

289 4252 632 4322 simplicitate,
663 4252 851 4321 inquit,
881 4251 1070 4316 cordis,
1112 4253 1338 4306 timentes
1365 4251 1547 4307 Deum.
1577 4254 1707 4308 Nam
1738 4256 1866 4311 illud

291 4345 506 4413 quidem
539 4359 642 4399 non
687 4353 770 4399 est
807 4343 1139 4412 simplicitas,
1169 4343 1261 4399 sed
1296 4343 1592 4414 hypocrisis
1617 4356 1671 4400 et
1697 4348 1867 4402 simu-

293 4436 458 4500 latio;
488 4434 630 4490 aliud
664 4435 714 4490 in
747 4434 926 4489 animo
959 4433 1179 4500 habere,
1211 4443 1264 4488 et
1289 4435 1432 4490 aliud
1461 4435 1670 4502 facere;
1701 4438 1864 4494 alium

290 4527 506 4597 quidem
536 4527 700 4581 videri
725 4536 988 4596 przescnte
1013 4526 1250 4590 domino,
1280 4527 1441 4580 alium
1466 4543 1591 4582 vero
1620 4529 1862 4586 absente.

291 4617 406 4672 Non
430 4616 565 4671 dixit
589 4633 718 4687 ergo
739 4617 934 4682 solum,
960 4615 1025 4670 In
1048 4618 1371 4685 simplicitate
1398 4619 1586 4684 cordis,
1615 4620 1708 4674 sed
1727 4662 1740 4682 ,
1773 4620 1868 4675 Ti-

292 4718 481 4762 mentes
517 4707 699 4761 Deum.
741 4709 852 4763 lloc
890 4708 1032 4764 enim
1077 4717 1161 4764 est
1201 4709 1390 4764 timere
1430 4709 1617 4776 Dento,
1654 4713 1867 4781 quando

289 4800 508 4856 nemine
548 4799 764 4855 vidente
792 4799 923 4853 nihil
957 4799 1078 4854 mali
1116 4799 1340 4854 facimus
1372 4818 1385 4854 :
1417 4800 1499 4854 sin
1526 4810 1704 4856 autem
1739 4801 1869 4857 faci-

290 4907 432 4955 mus,
467 4906 574 4946 non
617 4891 802 4951 Deum,
832 4889 923 4944 sed
954 4889 1200 4945 homines
1234 4890 1506 4945 timemus.
1539 4890 1700 4946 Vides
1732 4908 1868 4960 quo-

288 4983 452 5037 tuodo
475 4983 595 5037 illos
622 4981 941 5048 componat?
963 4980 1346 5050 Quodcumque
1371 4983 1563 5046 facitis,
1588 4985 1779 5054 inquit,
1802 5001 1870 5041 ex

291 5076 474 5128 animo
513 5073 830 5143 operamini,
862 5073 1001 5126 sicut
1035 5072 1281 5137 Domino,
1321 5081 1376 5127 et
1406 5089 1510 5128 non
1543 5074 1867 5131 hominibus.

289 5166 404 5220 Non
430 5167 601 5220 solmn
633 5166 700 5219 ab
729 5165 1015 5238 hypocrisi,
1050 5164 1141 5220 sed
1171 5166 1330 5221 etiam
1353 5165 1421 5219 ab
1449 5167 1558 5220 otio
1589 5178 1638 5221 et
1669 5168 1870 5223 desidia

291 5271 387 5311 eos
424 5257 538 5311 vult
580 5257 815 5313 liberari.
861 5257 967 5311 Eos
1003 5257 1199 5313 liberos
1242 5257 1368 5312 fecit
1399 5272 1499 5328 pro
1526 5259 1717 5323 servis,
1749 5276 1868 5315 cum

297 5365 402 5402 non
445 5365 577 5419 opus
601 5349 832 5404 habeant
863 5359 919 5403 ut
941 5349 1118 5404 adsint
1142 5348 1366 5404 domini.
1399 5349 1510 5404 lloc
1536 5351 1676 5404 enim
1700 5361 1780 5405 est
1811 5353 1872 5406 il-

294 5439 409 5504 iud,
450 5441 531 5496 lic
559 5441 749 5505 animo,
792 5456 913 5495 eum
955 5442 1349 5506 benevolentia,
1392 5457 1496 5495 nou
1539 5457 1658 5496 cum
1691 5443 1869 5496 servili

295 5535 635 5598 necessitate,
664 5534 755 5590 sed
783 5535 948 5588 libere
971 5544 1024 5589 et
1054 5550 1118 5589 ex
1146 5535 1308 5589 animi
1336 5535 1598 5588 instituto.
1630 5534 1695 5588 Et
1720 5549 1873 5605 quah-

295 5640 418 5681 nam
458 5633 540 5678 est
577 5626 820 5679 merces?
864 5624 1091 5681 Scientes
1132 5625 1266 5694 quod
1295 5642 1327 5678 a
1355 5623 1574 5678 Domino
1614 5623 1870 5694 accipietis

296 5713 672 5770 retributionem
704 5715 991 5770 hereditatis
1023 5732 1040 5768 .'
1071 5713 1287 5769 Domino
1316 5715 1521 5770 Christo
1555 5714 1750 5769 servile.
1790 5713 1871 5768 Ab

1057 277 1113 336 S.
1153 275 1432 335 JOANNIS
1467 273 1942 333 CHRYSOSTOMI
1983 273 2305 334 ARCHIEP.
2345 274 2879 338 CONSTANTINOP.

3473 290 3580 350 368

1993 385 2111 457 ipso
2139 389 2306 456 enim,
2337 390 2527 461 inquit,
2553 395 2828 464 accipietis
2855 408 3179 456 mercedem.
3206 401 3273 458 Et
3296 402 3438 473 quod
3470 404 3577 460 Do-

1996 478 2145 534 mino
2180 481 2418 548 servitis,
2448 498 2512 539 ex
2544 484 2647 541 hoc
2671 498 2755 542 est
2780 489 3146 558 perspicuum.
3182 493 3285 560 Qui
3311 494 3464 562 enim,
3490 495 3579 550 in-

1992 569 2127 640 quit,
2155 571 2399 641 injuriam
2429 578 2572 646 facit,
2604 578 2810 648 recipiet
2839 581 2894 633 id
2918 583 3058 653 quod
3084 582 3252 652 inique
3277 585 3446 653 gessit.
3480 585 3577 642 llic

1993 659 2277 717 conﬁrmat
2301 665 2442 734 quod
2474 667 2620 734 prius
2645 669 2847 724 dictum
2873 681 2973 725 est.
3007 671 3140 728 Nam
3171 689 3241 730 ne
3268 675 3578 733 viderentur

1991 754 2154 808 verba
2197 770 2321 810 esse
2365 762 2745 817 assentationis
2777 780 2790 815 :
2824 762 3070 834 Recipiet,
3116 766 3302 837 inquit,
3345 770 3402 822 id
3439 770 3577 840 quod

1992 841 2162 911 inique
2191 847 2343 915 gessit
2367 864 2388 903 :
2416 848 2518 905 hoc
2543 861 2647 914 est,
2675 852 2785 908 luet
2807 869 2992 923 ptenas
3021 875 3034 908 :
3063 855 3186 911 Non
3214 869 3286 913 est
3309 861 3441 914 enim
3461 878 3576 932 per-
3616 907 3622 914 .

1991 949 2232 989 sonorum
2286 941 2517 1008 acceptio
2556 943 2699 1012 apud
2745 943 2909 999 Deum
2953 946 3131 1017 (Rom.
3182 948 3238 1003 2.
3282 951 3395 1021 Η).
3435 952 3575 1018 Quid

1992 1027 2159 1094 enim,
2199 1029 2244 1084 si
2281 1046 2340 1084 es
2383 1033 2609 1087 servus?
2648 1051 2754 1091 non
2807 1037 3074 1096 dedecore
3121 1041 3372 1100 afﬁceris.
3413 1046 3578 1116 Atqui

1993 1121 2282 1188 oportebat
2323 1123 2388 1178 ad
2437 1125 2688 1183 dominos
2735 1128 2839 1186 hoc
2881 1132 3083 1201 dicere,
3132 1135 3270 1190 sicut
3305 1138 3464 1194 etiam
3519 1141 3578 1194 in

2000 1209 2237 1280 Epistola
2269 1215 2334 1268 ad
2387 1216 2680 1287 Ephesios;
2723 1222 2817 1277 sed
2867 1222 2954 1278 hic
2993 1225 3122 1279 mihi
3165 1227 3373 1283 videtur
3414 1230 3581 1287 tacite

1995 1301 2297 1371 signiﬁcare
2324 1306 2543 1363 Grrecos
2568 1309 2836 1366 dominos.
2877 1313 3016 1381 Quid
3055 1317 3220 1384 enim,
3249 1318 3296 1373 si
3335 1318 3571 1392 ille-qui-

1993 1393 2115 1448 dem
2139 1395 2380 1464 Griccus,
2407 1409 2461 1454 tu
2491 1413 2671 1458 autem
2697 1419 2756 1460 es
2775 1405 3140 1463 Christianus?
3163 1409 3276 1465 Non
3307 1427 3568 1482 personae,

1991 1486 2084 1541 sed
2114 1504 2202 1544 res
2231 1493 2627 1551 examinantur.
2671 1497 3028 1565 Quamobrem
3069 1503 3146 1557 sic
3173 1517 3296 1558 cum
3340 1504 3574 1562 benevo-

1993 1578 2173 1648 lentia,
2201 1591 2256 1637 et
2283 1599 2346 1639 ex
2373 1587 2552 1640 animo
2578 1598 2661 1644 est
2701 1593 3062 1649 serviendum.
3093 1575 3244 1667 (Cap.
3274 1597 3355 1667 4.)
3382 1599 3433 1654 l.
3457 1598 3572 1653 Do-

1992 1670 2135 1734 mini,
2165 1674 2302 1740 guod
2319 1676 2519 1744 justum
2545 1689 2620 1734 est
2655 1691 2704 1734 et
2737 1697 2938 1748 mquam
2963 1685 3118 1738 seruis
3149 1696 3402 1756 pra'state.
3433 1688 3572 1758 Quid

1991 1771 2076 1816 est
2099 1772 2276 1818 autem
2307 1765 2556 1823 Iustum?
2584 1771 2710 1840 quid
2749 1771 2979 1843 .Equum
3001 1776 3026 1828 1’
3053 1775 3280 1834 Efﬁcere
3314 1787 3372 1834 ut
3398 1780 3466 1834 sit
3492 1781 3573 1836 eis

1992 1869 2170 1910 rerum
2211 1859 2448 1913 omnium
2488 1860 2834 1930 abundantia,
2882 1875 2937 1921 et
2975 1882 3080 1922 non
3127 1869 3306 1926 sinere
3349 1880 3407 1926 ut
3451 1872 3572 1928 aliis

1995 1956 2207 2014 egeant,
2242 1949 2336 2002 sed
2367 1965 2463 2020 pro
2489 1951 2766 2008 laboribus
2795 1969 2889 2010 eos
2915 1961 3267 2016 remunerari.
3290 1960 3404 2017 Non
3428 1963 3570 2019 enim

1989 2038 2110 2106 quia
2137 2037 2246 2093 dixi
2281 2055 2378 2095 eos
2403 2057 2432 2094 a
2466 2043 2578 2098 Deo
2609 2043 2807 2101 habere
2838 2049 3164 2116 mercedem,
3203 2062 3488 2122 propterea
3512 2063 3569 2109 tu

1987 2141 2082 2182 eos
2137 2133 2335 2199 prives.
2371 2134 2514 2188 Alibi
2572 2146 2750 2192 autem
2804 2139 2970 2208 dicit,
3029 2143 3358 2200 Retriittentes
3406 2147 3572 2203 minus

1990 2217 2203 2289 (Ep/tes.
2235 2222 2287 2277 6.
2331 2225 2412 2291 9‘,
2444 2226 2630 2281 volens
2658 2243 2752 2284 eos
2793 2229 2968 2286 facere
3000 2234 3238 2290 mitiores
3266 2253 3280 2291 :
3313 2237 3385 2292 illi
3425 2240 3568 2295 enim

1989 2323 2140 2366 erant
2184 2315 2427 2383 perfecti.
2469 2317 2579 2372 Hoc
2615 2328 2715 2383 est,
2751 2321 2864 2389 Qua
2894 2340 3130 2378 mensura
3160 2329 3320 2382 mensi
3347 2331 3573 2400 fueritis,

1987 2407 2276 2459 remetiatur
2299 2407 2436 2460 robis
2469 2409 2684 2477 (Matth.
2713 2413 2766 2468 7.
2908 2415 2971 2469 Et
3005 2417 3132 2471 illud
3153 2461 3169 2484 ,
3203 2417 3319 2475 Non
3348 2431 3419 2477 est
3447 2441 3567 2491 per-

1986 2512 2226 2550 sonarum
2252 2501 2494 2570 acceptio,
2528 2503 2631 2558 illis
2660 2504 2858 2558 dictum
2887 2516 2969 2560 est
3000 2527 3012 2562 :
3042 2509 3145 2565 illis
3173 2521 3352 2568 autem
3383 2515 3571 2570 tribui-

1991 2597 2097 2650 tur,
2145 2596 2201 2641 ut
2248 2587 2300 2642 bi
2353 2592 2452 2643 hoc
2479 2593 2765 2662 excipiant.
2803 2595 3028 2664 Quando
3056 2600 3195 2654 enim
3231 2603 3383 2658 alteri
3413 2606 3571 2661 dixe-

1985 2677 2156 2731 rimus
2177 2678 2316 2748 quod
2343 2680 2494 2735 alteri
2527 2686 2793 2754 congruit,
2826 2703 2929 2741 non
2962 2699 3162 2744 tantum
3193 2692 3340 2748 illum
3381 2711 3567 2752 corre—

1984 2771 2180 2835 ximus,
2214 2783 2475 2840 quantum
2505 2791 2626 2830 eum
2657 2778 2747 2847 qui
2778 2791 2856 2834 est
2888 2797 3030 2836 reus.
3073 2783 3138 2838 Et
3165 2800 3261 2842 vos
3287 2802 3408 2842 cum
3438 2789 3563 2853 illis,

1985 2860 2174 2929 inquit.
2222 2861 2318 2917 llic
2360 2878 2700 2922 communem
2745 2869 2919 2925 ell'ecit
2953 2874 3263 2932 servitutem
3295 2894 3308 2930 :
3341 2879 3570 2937 Scientes

1981 2952 2148 3018 enim,
2181 2952 2370 3023 inquit,
2393 2957 2530 3025 quod
2556 2967 2601 3010 et
2626 2974 2710 3012 sos
2737 2959 3010 3016 Dominum
3039 2965 3232 3022 habetis
3252 2968 3302 3022 in
3333 2971 3476 3025 ctelo.
3505 2971 3562 3026 2.

1987 3040 2223 3096 Orationi
2250 3044 2456 3113 instate,
2495 3048 2760 3116 vigilantes
2789 3051 2840 3104 in
2870 3069 2929 3105 ea
2957 3054 3008 3107 in
3038 3057 3316 3125 gratiarum
3345 3063 3562 3117 actione.

1981 3132 2114 3187 Nam
2155 3136 2407 3204 quoniam
2439 3141 2666 3194 orationi
2699 3141 2903 3198 instare
2929 3154 2983 3200 ct
3012 3146 3062 3200 in
3090 3163 3151 3203 ea
3194 3165 3563 3223 perseverare,

1981 3240 2126 3296 same
2155 3226 2332 3282 reddit
2360 3231 2540 3300 pigros
2561 3240 2616 3287 et
2644 3233 2883 3302 ignavos,
2918 3230 3201 3308 propterea
3234 3242 3384 3310 dicit,
3425 3243 3565 3317 Vigi-

1980 3317 2164 3386 lantes,
2190 3319 2290 3374 hoc
2315 3329 2418 3382 est,
2448 3322 2637 3387 sobrii,
2665 3339 2771 3378 non
2800 3338 3054 3397 vagantes
3083 3340 3138 3386 et
3157 3345 3420 3390 errantes.
3449 3339 3562 3394 Scit

1977 3413 2143 3479 enim,
2189 3414 2291 3468 scit
2330 3413 2575 3469 diabolus
2621 3427 2881 3487 quantum
2921 3420 3119 3477 bonum
3149 3425 3221 3481 sit
3260 3427 3464 3494 oratio;
3505 3441 3562 3485 et

1981 3503 2102 3558 ideo
2143 3505 2378 3576 graviter
2410 3508 2570 3562 instat
2601 3526 2616 3563 :
2647 3509 2750 3565 scit
2785 3512 2946 3567 etiam
2991 3514 3182 3572 Paulus
3223 3521 3366 3589 quod
3407 3524 3562 3579 multi

1981 3607 2261 3665 precantes
2294 3598 2404 3654 siut
2432 3599 2644 3657 desides
2671 3613 2726 3658 et
2753 3617 2966 3674 segnes.
2997 3606 3356 3676 Quamobrem
3395 3615 3522 3670 dicit
3542 3658 3559 3680 ,

1983 3687 2218 3744 Orationi
2241 3693 2442 3756 instate,
2479 3703 2746 3764 tamquam
2778 3699 2846 3752 de
2874 3713 2932 3752 re
2954 3697 3243 3756 laboriosa.
3286 3703 3566 3777 Vigilantes

1977 3781 2032 3835 in
2059 3799 2117 3834 ea
2145 3783 2196 3836 in
2238 3785 2520 3853 gratiarum
2563 3785 2778 3840 actione.
2825 3787 2954 3853 lloc,
2986 3789 3175 3862 inquit,
3217 3794 3287 3849 sit
3323 3809 3567 3853 vestrum

1979 3891 2174 3929 munus
2204 3886 2258 3929 et
2287 3876 2543 3942 ofﬁcium,
2577 3879 2629 3932 in
2669 3880 2916 3948 precibus
2949 3897 3110 3952 agere
3137 3888 3354 3955 gratias,
3383 3899 3437 3944 et
3463 3907 3560 3960 pro

1976 3965 2276 4022 manifestis
2317 3977 2371 4022 et
2401 3983 2497 4038 pro
2530 3984 2634 4025 non
2667 3971 2984 4037 manifesﬁs,
3013 3986 3069 4030 et
3105 3992 3200 4045 pro
3228 3979 3290 4033 iis
3319 3995 3438 4050 quae
3468 3999 3562 4037 vo—

1977 4060 2209 4114 lentibus
2247 4069 2302 4114 et
2346 4075 2445 4128 pro
2497 4059 2562 4115 iis
2610 4077 2732 4132 qua:
2788 4062 2969 4119 invitis
3017 4065 3300 4137 benefecit,
3353 4083 3408 4127 et
3463 4089 3570 4142 pro

1975 4165 2143 4220 regno
2183 4160 2238 4205 et
2270 4165 2369 4220 pro
2406 4151 2672 4222 gehenna,
2700 4161 2756 4208 et
2803 4170 2900 4224 pro
2926 4155 3214 4216 afflictione
3254 4170 3310 4216 et
3341 4179 3437 4233 pro
3473 4180 3559 4218 re-

1975 4242 2270 4297 creatione.
2293 4242 2381 4296 Sic
2407 4243 2550 4297 enim
2583 4258 2699 4297 mos
2729 4254 2813 4299 est
2840 4248 3040 4302 sanctis
3067 4263 3248 4317 orare,
3275 4263 3330 4308 et
3357 4256 3566 4325 gratias

1974 4350 2134 4405 agere
2157 4349 2252 4404 pro
2274 4333 2647 4390 communibus
2675 4334 2968 4392 beneﬁciis.

2053 4429 2105 4484 3.
2157 4427 2269 4482 Viri
2293 4427 2560 4498 cujusdam
2588 4429 2752 4482 sancti
2774 4431 3217 4500 precatio.—Seio
3242 4451 3342 4505 ego
3370 4453 3558 4509 quem-

1975 4521 2097 4576 dam
2125 4520 2300 4574 virum
2329 4530 2573 4576 sanctum
2604 4520 2683 4576 sic
2707 4537 2911 4577 orasse.
2942 4523 3059 4581 Prae
3089 4525 3193 4582 hoc
3229 4531 3394 4584 verbo
3426 4533 3560 4589 nihil

1975 4613 2119 4667 aliud
2158 4611 2395 4680 dicebat,
2438 4626 2598 4683 quam
2629 4630 2644 4667 :
2675 4611 2888 4670 Gratias
2928 4617 3136 4686 agimus
3171 4633 3269 4689 pro
3311 4623 3559 4679 omnibus

1975 4703 2251 4760 beneﬁciis
2282 4704 2407 4769 tuis,
2438 4719 2558 4773 quae
2577 4719 2607 4757 a
2638 4705 2810 4774 primo
2835 4707 2922 4762 die
2947 4722 3116 4778 usque
3141 4710 3208 4765 ad
3237 4724 3559 4781 prazsentem

1977 4794 2119 4849 diem
2149 4794 2305 4848 nobis
2331 4793 2564 4866 indignis
2592 4803 2717 4850 sunt
2737 4795 2929 4850 collata
2959 4813 2975 4851 :
3006 4813 3103 4869 pro
3126 4800 3191 4854 iis
3219 4817 3337 4872 qua:
3359 4806 3558 4862 scimus

1977 4895 2032 4940 et
2074 4885 2365 4951 nescimus,
2413 4901 2512 4954 pro
2560 4887 2882 4956 manifestis,
2935 4904 3033 4960 pro
3088 4906 3196 4947 non
3237 4895 3556 4964 manifestis,

1974 4995 2093 5049 qua:
2115 4993 2278 5047 opere
2302 4976 2438 5032 facta
2464 4986 2589 5033 sunt
2611 4991 2664 5034 et
2689 4996 2808 5050 quae
2832 4997 3100 5048 sermone,
3123 5001 3242 5056 quae
3261 4988 3560 5046 voluntarie

1978 5072 2114 5126 facta
2164 5081 2290 5126 sunt
2330 5081 2384 5126 et
2417 5071 2798 5139 involuntarie,
2844 5089 2941 5144 pro
2978 5077 3228 5134 omnibus
3264 5095 3384 5151 qua:
3424 5083 3559 5140 facta

1977 5172 2102 5216 sunt
2135 5161 2290 5216 nobis
2332 5161 2582 5231 indignis,
2631 5177 2727 5232 pro
2765 5163 3163 5231 afﬂictionibus,
3209 5184 3306 5239 pro
3345 5187 3560 5227 recrea-

1980 5254 2234 5319 tionibns,
2269 5268 2369 5322 pro
2411 5255 2695 5324 supplicio,
2735 5271 2832 5325 pro
2866 5272 3031 5327 regno
3073 5258 3345 5316 calorum.
3384 5263 3563 5335 Roga-

1978 5360 2098 5399 mus
2139 5352 2198 5397 ut
2230 5358 2520 5399 conserves
2547 5346 2782 5400 animam
2815 5355 3051 5402 nostram
3082 5359 3343 5420 sanctam,
3371 5369 3558 5424 puram

1983 5437 2264 5493 habentem
2288 5439 2691 5502 conscientiam,
2719 5439 2877 5495 ﬁnem
2900 5440 3118 5513 dignum
3141 5453 3229 5500 tua
3251 5447 3557 5505 clementia.

1978 5528 2078 5594 Qui
2119 5528 2196 5582 sic
2236 5528 2466 5583 dilexiSti
2499 5544 2598 5584 nos
2655 5539 2713 5586 ut
2759 5531 3085 5603 unigenitum
3138 5533 3328 5592 Filium
3375 5538 3556 5623 dapes,

1981 5620 2202 5688 dignare
2226 5636 2324 5674 nos
2352 5636 2472 5675 esse
2497 5621 2686 5692 dignos
2713 5624 2935 5680 caritate
2960 5641 2973 5676 :
3014 5626 3080 5681 da
3107 5626 3160 5681 in
3191 5620 3453 5684 ser-nmch
3469 5641 3559 5687 tuo

1985 5711 2322 5783 sapientiam,
2347 5720 2399 5768 ct
2424 5711 2474 5766 in
2503 5714 2694 5769 timore
2715 5720 2825 5775 tuo,
2855 5717 3122 5787 unigenite
3149 5717 3376 5782 Christe,
3411 5729 3555 5776 tuam
