4072 6206
487 338 589 394 567

489 459 584 526 Τίς
608 458 783 514 ἐστιν
819 460 889 525 ἐξ
936 455 1107 533 ὑμῶν
1135 464 1468 535 ἄνθρωπος,
1500 468 1577 524 ὃν
1616 468 1730 524 ἐὰν
1779 469 2002 539 αἰτήσῃ
2033 474 2067 526 ό

481 548 616 614 υίὸς
668 547 872 619 ἄρτον,
903 550 991 621 μὴ
1031 553 1208 608 λίθον
1249 554 1532 611 ἐπιδώσει
1574 558 1777 625 αὐτῷ;
1812 559 1909 613 καί
1954 560 2064 614 ἐὰν

487 636 664 705 ιχθὺν
676 638 919 707 αἰτήσῃ,
940 638 1026 708 μὴ
1044 639 1184 710 ὅφιν
1198 641 1477 697 ἐπιδώσει
1501 644 1696 711 αὐτῷε
1711 677 1783 687 --
1798 650 1865 700 Ol
1880 646 2031 702 πατέ
2042 678 2061 689 ο

475 740 606 792 ρες,
627 724 716 792 μὴ
735 725 1018 793 ἐρεθίζετε
1048 728 1121 782 τὰ
1149 729 1333 783 τέκνα
1352 730 1542 800 ὑμῶν,
1581 734 1683 787 ἵνα
1714 733 1801 803 μὴ
1831 734 2064 804 ἀθυμῶ-

486 825 611 864 σιν.
649 813 715 865 Ὀ
747 812 983 884 μάλιστα
1022 815 1222 879 αὐτοὺς
1260 816 1377 888 ᾔδει
1407 818 1633 873 δυνατὸν
1663 820 1871 883 δακεῖν,
1906 821 2063 875 τοῦτο

485 898 722 965 τέθεικε,
771 901 867 955 καὶ
904 901 1264 975 φιλικώτερον
1307 902 1462 959 εἶπεν
1516 907 1824 962 ἔπιτάττων
1852 909 2060 972 αὐτοῖς,

487 988 584 1040 καὶ
613 987 850 1058 οὐδαμοῦ
889 990 983 1043 τὸν
1013 990 1148 1044 Θεὸν
1182 992 1399 1061 τίθησιν
1418 1010 1433 1024 ’
1481 994 1753 1048 ἐπέκλασε
1795 996 1904 1067 γὰρ
1935 997 2064 1060 τοὺς

486 1074 704 1143 γονέας,
735 1076 832 1129 καὶ
864 1077 1215 1147 κατέκαμψεν
1244 1078 1426 1133 αὐτῶν
1456 1080 1526 1135 τὰ
1555 1082 1860 1153 σπλάγχνα.
1887 1083 1962 1136 Τὸ
1981 1084 2059 1145 δὲ,

486 1161 585 1229 Μὴ
616 1161 917 1231 ἐρεθίζετε,
947 1162 1106 1217 τοῦτό
1150 1167 1289 1230 εστι,
1317 1166 1409 1237 Μὴ
1461 1168 1933 1241 φιλονεικοτέρους
1964 1171 2064 1224 αὑ-

488 1247 616 1310 τοὺς
679 1250 885 1301 ποιεῖτε
907 1264 923 1280 ·
964 1248 1114 1306 ἔστιν
1158 1253 1294 1305 ὅπου
1351 1254 1447 1307 καὶ
1491 1258 1793 1326 συγχωρεῖν
1849 1256 2063 1325 ὀφείλε-

488 1349 569 1386 τε.
616 1327 754 1389 Εἶτα
800 1335 894 1388 ἐπὶ
960 1337 1152 1410 τρίτην
1212 1335 1379 1409 ἦλθεν
1418 1343 1627 1415 ἀρχὴν,
1686 1345 1751 1398 Οἱ
1813 1343 2061 1409 δοῦλοι,

489 1418 687 1487 λέγων,
720 1424 1059 1477 ὑπακούετε
1085 1425 1213 1489 τοῖς
1236 1431 1388 1481 κατὰ
1407 1429 1609 1496 σάρκα
1644 1430 1896 1498 κυρίοις.
1940 1431 2062 1485 Ἐν-

490 1506 664 1561 ταῦθα
700 1506 816 1562 ἔστι
853 1510 953 1580 μέν
971 1527 1023 1565 τι
1052 1512 1146 1566 καὶ
1184 1513 1425 1584 φίλτρον,
1457 1515 1572 1569 ἀλλ’
1593 1516 1780 1570 οὐκέτι
1811 1518 2061 1587 φυσικὸν,

492 1596 744 1668 καθάπερ
778 1598 911 1666 ἄνω,
949 1600 1088 1656 ἀλλά
1126 1602 1437 1674 συνηθείας,
1471 1607 1566 1659 καὶ
1603 1606 1699 1659 ἀπ’
1747 1606 1917 1676 αὐτῆς
1964 1606 2064 1677 τῆς

489 1685 684 1756 ἀρχῆς,
726 1688 820 1741 καὶ
845 1687 953 1741 ἀπὸ
992 1688 1101 1743 τῶν
1130 1688 1326 1760 ἔργων.
1376 1692 1531 1747 Ἐπεὶ
1582 1688 1677 1747 οὖν
1723 1692 1959 1746 ἐνταῦθα
2004 1693 2064 1746 τὸ

495 1772 594 1840 μὲν
621 1771 716 1824 τοῦ
763 1772 986 1843 φίλτρου
1038 1776 1433 1847 ὑποτέτμηται,
1482 1779 1544 1833 τὸ
1575 1779 1631 1834 δὲ
1663 1780 1764 1851 τῆς
1818 1780 2065 1851 ὑπακοῆς

494 1856 830 1923 ἰπιτέταται,
868 1859 1047 1931 τούτῳ
1075 1862 1423 1935 ἐνδιατρίϐει,
1471 1864 1813 1936 βουλόμενος,
1847 1868 1987 1936 ὅπερ
2014 1868 2062 1920 οί

499 1943 703 2012 πρῶτοι
734 1944 950 2016 ἔχουσιν
974 1949 1084 2003 ἀπὸ
1121 1946 1223 2017 τῆς
1256 1950 1495 2021 φύσεως,
1528 1953 1686 2008 τοῦτο
1722 1955 1908 2008 δοῦναι
1937 1953 2065 2008 τοὺ-

497 2046 611 2095 τοις
639 2032 744 2087 ἀπδ
775 2035 876 2104 τῆς
906 2034 1175 2106 ὑπακοῆς.
1217 2038 1379 2092 Ὥστε
1419 2041 1518 2112 οὐχ
1551 2042 1694 2114 ὑπὲρ
1727 2042 1836 2096 τῶν
1871 2042 2066 2098 δεσπο-

493 2117 602 2170 τῶν
628 2121 739 2183 τοῖς
770 2119 1010 2186 οἰκέταις
1041 2124 1224 2194 μόνοις
1256 2125 1587 2196 διαλέγεται,
1618 2129 1758 2183 ἀλλὰ
1787 2132 1884 2184 καὶ
1919 2130 2064 2203 ὑπὲρ

494 2203 694 2270 αὐτῶν,
724 2204 813 2259 ῖνα
848 2206 1128 2273 ποθεινοὺς
1164 2212 1392 2277 ἑαυτοὺς
1447 2214 1793 2286 ἐργάζωνται
1823 2220 1936 2280 τοῖς
1979 2218 2063 2272 δεο

498 2292 741 2358 σπόταις.
783 2294 920 2349 Ἀλλ’
967 2298 1028 2351 οὐ
1069 2298 1250 2370 τίθησι
1283 2300 1442 2354 τοῦτο
1465 2304 1715 2374 φανερῶς
1741 2320 1755 2335 ·
1786 2301 1823 2377 ἦ
1863 2306 1971 2378 γάρ
1999 2306 2066 2361 ἂν

498 2378 718 2444 ὑπτίους
757 2382 957 2448 αὐτοὺς
1015 2386 1296 2457 ἐποίησεν.
1331 2390 1395 2442 Οί
1442 2388 1675 2457 δοῦλοι,
1716 2395 1900 2463 φησὶν,
1955 2396 2068 2450 ὑπ-

495 2468 741 2522 ακούετε
765 2469 915 2524 κατά
935 2471 1131 2525 πάντα
1169 2472 1295 2539 τοῖς
1318 2481 1467 2529 κατὰ
1496 2475 1694 2544 σάρκα
1721 2481 1971 2547 κυρίοις.

566 2554 631 2623 β’.
653 2556 763 2609 Kal
780 2558 881 2629 ὅρα
896 2557 1012 2621 πῶς
1028 2559 1115 2613 ἀεὶ
1127 2560 1194 2613 τὰ
1209 2561 1449 2632 ὀνόματα
1463 2563 1665 2635 τίθησι,
1683 2568 1982 2635 γυναῖκες,
1995 2570 2069 2623 τὰ

496 2639 696 2705 τέκνα,
714 2646 771 2697 οί
791 2644 1020 2710 δοῦλοι,
1049 2646 1124 2710 ὡς
1150 2647 1425 2719 δικαίωμα
1446 2649 1540 2703 τοῦ
1572 2652 1893 2709 ὑπακούειν.
1928 2654 2066 2708 Ἀλλ’

497 2728 583 2782 ἵνα
610 2730 687 2801 μὴ
709 2731 944 2804 ἀλγήσῃ.
974 2736 1220 2806 ἐπήγαγε
1239 2751 1254 2765 ·
1280 2735 1409 2802 Τοῖς
1426 2739 1575 2794 κατὰ
1598 2739 1795 2809 σάρκα
1817 2743 2070 2810 κυρίοις.

499 2817 573 2870 Τὸ
613 2820 862 2888 κρεῖττόν
893 2838 988 2875 σου
1016 2823 1050 2893 ἡ
1080 2822 1228 2894 ψυχὴ
1273 2824 1656 2897 ὲλευθέρωται,
1689 2829 1851 2900 φησι·
1897 2831 2065 2903 πρόσο

499 2922 689 2977 καιρός
718 2909 750 2977 ή
789 2907 1025 2962 δουλεία.
1080 2912 1289 2965 Ἐκεῖνο
1316 2913 1498 2967 τοίνυν
1526 2915 1816 2981 ὑπόταξον,
1847 2918 1934 2971 ἵνα
1965 2935 2071 2989 μη-

498 2993 617 3046 κέτι
631 2993 928 3069 ἀνάγκηςῇ
953 2999 985 3070 ὴ
1009 2997 1243 3053 δουλεία.
1265 2999 1359 3068 Μὴ
1383 3001 1453 3054 ἐν
1472 3002 2067 3073 όφθαλμοδουλειάις,

498 3082 580 3147 ὡς
605 3083 1110 3154 ἀνθρωπάρεσκοι.
1144 3088 1399 3158 Ποίησον,
1425 3090 1578 3159 φησὶ,
1609 3090 1705 3162 τὴν
1734 3091 1842 3145 ἀπὸ
1866 3091 1960 3146 τοῦ
1986 3094 2071 3147 νό-

505 3188 606 3240 μου
639 3172 887 3227 δουλείαν
922 3174 1031 3230 ἀπὸ
1073 3174 1168 3229 τοῦ
1202 3175 1368 3246 φόϐου
1399 3176 1645 3246 γίνεσθαι
1677 3177 1772 3232 τοῦ
1810 3180 2069 3252 Χριστοῦ.

502 3256 619 3311 Κᾶν
645 3259 754 3332 γάρ
785 3262 859 3331 μὴ
886 3260 1119 3332 ὁρῶντος
1148 3262 1355 3317 ἐκείνου
1387 3265 1631 3337 πράττῃς
1661 3265 1728 3319 τὰ
1761 3265 1948 3320 δέοντα
1981 3269 2074 3321 καὶ

501 3345 570 3398 τά
601 3347 738 3419 πρὸς
767 3349 934 3420 τιμὴν
962 3349 1054 3403 τοῦ
1085 3351 1369 3415 δεσπότου,
1398 3351 1639 3423 δηλονότι
1671 3352 1760 3407 διά
1798 3355 1890 3408 τὸν
1918 3355 2075 3408 ἀκοί-

507 3451 676 3507 μητον
699 3438 978 3509 ὀφθαλμὸν
999 3441 1193 3504 ποιεῖς.
1217 3439 1315 3508 Μὴ
1339 3442 1465 3494 κατ’
1492 3441 2071 3512 όφθαλμοδουλείαν,

506 3525 691 3592 φησὶν,
722 3525 804 3592 ὡς
827 3525 1340 3595 ἀνθρωπάρεσκοι.
1360 3528 1524 3582 Ὥστε
1551 3529 1709 3598 ὑμεῖς
1737 3530 1836 3601 τὴν
1870 3529 2074 3602 βλάϐην

507 3610 900 3683 ὑποστήσεσθε.
948 3614 1149 3667 ’Δκουε
1180 3614 1289 3685 γὰρ
1313 3614 1408 3668 τοῦ
1454 3615 1742 3688 Προφήτου
1786 3615 2071 3687 λέγοντοςο

505 3700 897 3768 Διεσκόρπισε
933 3702 1150 3771 Κύριος
1177 3701 1330 3757 ὀστᾶ
1361 3702 1900 3773 ἀνθρωπαρέσκων.
1933 3707 2075 3779 Ὅρα

482 3778 684 3838 ’τοίνυν
716 3787 834 3852 πῶς
878 3789 1059 3844 αὐτῶν
1111 3789 1371 3859 φείδεται,
1407 3791 1504 3845 καὶ
1551 3792 1747 3856 αὐτοὺς
1797 3778 2071 3865 ῥυθμίζει.

520 3873 672 3928 Ἀλλ’
704 3875 776 3929 ἐν
819 3879 1135 3946 ἁπλότητι,
1176 3879 1331 3949 φησὶ,
1392 3878 1662 3948 καρδίας,
1720 3882 2078 3952 φοϐούμενοι

507 3960 802 4041 τὸνθεόν.
845 3965 1049 4018 Ἐκεῖνο
1079 3966 1187 4038 γάρ
1208 3967 1306 4037 οὐχ
1330 3967 1590 4038 ἁπλότης,
1617 3969 1733 4023 ἀλλ’
1763 3969 2075 4041 ὑπόκρισις,

508 4036 693 4121 ἓτερον
713 4052 855 4124 ἔχειν
877 4067 901 4095 ι
927 4057 1019 4109 καὶ
1044 4036 1230 4127 ἓτερον
1259 4036 1430 4110 ποιεῖν
1447 4074 1463 4090 ο
1489 4036 1648 4113 ἄλλον
1682 4059 1782 4130 μὲν
1811 4036 2078 4128 παρόντος

511 4140 798 4205 φαίνεσθαι
829 4142 921 4196 τοῦ
955 4143 1238 4208 δεσπότου,
1281 4144 1440 4199 ἄλλον
1469 4144 1527 4199 δὲ
1574 4147 1827 4211 ἀπόντος.
1869 4148 2078 4201 οὐκοῦν

508 4226 604 4297 οὐχ
631 4227 815 4293 ἁπλῶς
842 4226 995 4285 εἶπεν
1018 4248 1030 4261 ’
1049 4231 1154 4286 Ἐν
1184 4233 1472 4300 ἁπλότητι
1492 4235 1758 4301 καρδίας,
1781 4235 1937 4299 ἀλλὰ,
1966 4238 2079 4289 Φο-

513 4314 787 4384 ϐοὐμειὍι
821 4316 925 4371 τὸν
952 4319 1121 4375 Θεόν.
1167 4318 1338 4373 Τοῦτο
1370 4320 1478 4391 γάρ
1511 4320 1629 4372 ὲστι
1665 4321 1948 4389 φοϐεῖσθαι
1987 4322 2079 4376 τὸν

513 4402 665 4468 Θεὸν,
687 4406 815 4458 ὅταν
844 4407 1069 4478 μηδενὸς
1084 4408 1339 4481 ὁρῶντος,
1369 4409 1537 4480 μηδὲν
1568 4410 1896 4481 πράττωμεν
1918 4428 2080 4482 πονη-

520 4491 647 4562 ρόν-η
683 4493 748 4546 ἂν
789 4494 846 4547 δὲ
884 4495 1237 4568 πράττοιμεν,
1268 4497 1389 4567 οὐχὶ
1430 4497 1523 4550 τὸν
1574 4496 1727 4560 Θεὸν,
1768 4497 1905 4551 ἀλλά
1952 4499 2080 4561 τοῦς

516 4579 833 4650 ἀνθρώπους
859 4582 1189 4654 φοϐούμεθα.
1233 4584 1395 4656 Ὀρᾷς
1423 4584 1504 4636 ’ότι
1530 4583 1769 4647 ἐκείνους
1799 4584 2078 4655 ῥυθμίζεις

517 4666 629 4718 Πᾶν
653 4668 680 4720 δ
712 4684 763 4721 τι
796 4668 862 4722 ἂν
896 4670 1107 4739 ποιῆτε,
1139 4671 1324 4742 φησὶν,
1360 4673 1422 4724 ἐκ
1448 4670 1623 4742 ψυχῆς
1656 4669 1978 4741 ἐργάζεσθε,
2005 4671 2082 4735 ὡς

517 4754 594 4823 τῷ
624 4756 832 4826 Κυρίῳ,
858 4760 948 4811 καὶ
967 4759 1064 4811 οὐκ
1090 4757 1417 4830 ἀνθρώποις.
1436 4760 1511 4811 Οὐ
1538 4760 1697 4829 μόνον
1716 4758 2077 4829 ὑποκρίσεως,

521 4842 656 4895 ἀλλὰ
687 4845 780 4896 καὶ
807 4844 1004 4915 ἀργίας
1022 4846 1216 4910 αὐτοὺς
1232 4845 1573 4916 ἀπηλλάχθαι
1594 4845 1861 4916 βούλεται.
1901 4846 2083 4899 Ἐλευ-

520 4930 713 5001 θέρους
741 4933 938 4996 αὐτοὺς
968 4934 1222 5003 ἐποίησεν
1256 4934 1377 4987 ἀντὶ
1402 4932 1625 4997 δούλων,
1657 4933 1786 4986 ὅταν
1818 4934 1894 5004 μὴ
1920 4932 2082 4986 δέων-

517 5036 608 5074 ται
643 5021 793 5094 [598]
844 5023 941 5092 τῆς
981 5022 1091 5076 τῶν
1135 5022 1410 5076 δεσποτῶν
1459 5021 1810 5086 ἐπιστασίας·
1851 5023 1914 5074 τὸ
1951 5020 2081 5092 γάρ,

533 5108 627 5161 Ἐκ
660 5109 889 5177 ψυχῆς,
925 5110 1082 5163 τοῦτό
1120 5112 1257 5174 ἐστι,
1294 5110 1354 5164 τὸ
1392 5111 1509 5181 μετ’
1541 5109 1773 5173 εὐνοίας,
1825 5109 1899 5180 μὴ
1945 5110 2085 5180 μετὰ

521 5194 774 5267 δουλικῆς
802 5197 1065 5268 ἀνάγκης,
1103 5198 1240 5251 ἀλλά
1274 5199 1390 5267 μετ’
1422 5196 1734 5268 ἐλευθερίας
1763 5197 1860 5250 καὶ
1889 5212 2085 5267 προαι-

485 5292 498 5331 ἴ
526 5283 761 5352 ρέσεως.’
781 5285 890 5338 Kal
920 5286 1004 5348 τίς
1029 5288 1059 5338 ὁ
1087 5285 1309 5355 μισθόςς
1337 5284 1597 5351 Είδότες,
1631 5286 1817 5355 φησιν,
1850 5282 1940 5336 ὅτι
1968 5281 2087 5337 ἀπὸ

524 5371 743 5437 Κυρίου
766 5370 1047 5440 λήψεσθε
1081 5370 1197 5439 τὴν
1225 5370 1639 5427 ἀνταπόδοσιν
1663 5368 1770 5437 τῆς
1797 5374 2090 5438 κληρονο-

519 5458 662 5525 μίας
682 5456 870 5526 ἠμῶνθ
896 5458 975 5524 τῷ
999 5459 1110 5528 γὰρ
1136 5459 1328 5526 Κυρίῳ
1344 5457 1718 5513 δουλεύετεδ.
1737 5457 1945 5512 Οὐκοῦν
1962 5455 2089 5527 παρ’

525 5543 690 5598 αὐτοῦ
727 5543 887 5615 δῆλον
925 5544 1013 5599 ὅτι
1066 5545 1301 5615 λήψεσθε
1333 5545 1426 5599 τὸν
1479 5544 1689 5617 μισθόν.
1736 5545 1845 5599 Καὶ
1886 5544 1969 5597 δτι
2011 5542 2090 5614 τῷ

589 5700 614 5727 ι
644 5686 726 5752 ξΕν
748 5691 814 5750 νῷ
839 5688 997 5752 ἔχευιῖ
1310 5724 1315 5731 η

587 5752 618 5793 δ
642 5750 750 5813 Reg
791 5744 1055 5802 δουλεύετε.
1083 5752 1176 5800 Καὶ
1201 5753 1288 5817 γὰρ
1308 5752 1414 5815 παρ’
1437 5748 1601 5801 αὐτοῦ.

1422 344 1493 401 IN
1531 346 1750 404 EPiST.
1784 346 1882 403 ἈΟ
1919 346 2206 405 COLOSS.
2247 350 2399 408 CAP.
2442 349 2531 408 IV.

2596 348 2828 408 HOMIL.
2854 346 2928 407 Χ.
3626 357 3733 415 568

2159 472 2350 543 Κυρίῳ
2382 471 2684 538 δουλεύετε,
2713 471 2873 542 δῆλον
2916 471 2980 524 ἐκ
3022 468 3232 527 τούτου.
3268 469 3334 525 '0
3377 470 3447 526 δὲ
3488 471 3736 540 ἀδικῶν,

2161 560 2317 628 φησὶ,
2360 560 2667 629 κομίσεται
2697 558 2729 612 ὃ
2762 557 3079 627 ἠδίκησεν.
3113 556 3380 611 Ἐνταῦθα
3414 555 3625 628 βεϐαιοῖ
3644 559 3738 614 τὸν

2161 647 2426 719 πρότερον
2456 646 2639 715 λόγον.
2669 646 2789 700 Ἵνα
2820 646 2931 716 γὰρ
2973 644 3051 717 μὴ
3089 643 3218 717 δόξῃ
3268 644 3560 709 κολακείας
3592 642 3737 701 εἶναι

2158 734 2235 811 τὸ,
2264 735 2504 805 ῥήματα,
2536 731 2824 802 Λήψεται,
2864 733 3052 803 φησὶν,
3077 731 3109 785 ὃ
3133 731 3390 800 ἠδίκησε
3409 747 3426 762 ⁸
3464 730 3735 796 τουτέστι,

2160 822 2255 876 καὶ
2291 821 2563 891 τιμωρίαν
2595 820 2810 874 δίδωσιν
2834 835 2849 849 ⁸
2890 821 2972 874 Οὐ
3002 819 3112 889 γὰρ
3150 820 3283 873 ἐστι
3335 821 3737 886 προσωπολη-

2160 912 2275 981 ψία
2304 911 2462 977 παρὰ
2490 908 2568 975 τῷ
2605 909 2747 975 Θεῷ.
2783 908 2849 962 Τί
2891 908 3020 980 γὰρ,
3078 908 3127 960 εί
3173 905 3361 970 δοῦλος
3390 902 3476 971 εἷς
3512 906 3614 959 οὐκ
3650 906 3738 960 al-

2164 997 2354 1070 σχὺνῃ.
2390 997 2501 1051 Kal
2558 997 2665 1068 μὴν
2693 996 2851 1050 τοῦτο
2906 995 3043 1065 πρὸς
3075 1005 3097 1032 σε
3148 994 3275 1057 τοὺς
3328 992 3593 1056 δεσπότας
3626 992 3737 1045 ἔδει

2162 1087 2356 1146 εἰπεῖν,
2396 1084 2586 1156 ὥσπερ
2616 1083 2711 1137 καὶ
2740 1085 2798 1136 ἐν
2833 1084 2898 1151 τῇ
2930 1081 3066 1151 πρὸς
3116 1080 3421 1149 Ἐφεσίους.
3471 1079 3613 1133 Ἀλλ’
3643 1080 3733 1133 ἔνο

2160 1171 2335 1227 ταῦθά
2357 1190 2447 1242 μοι
2473 1172 2622 1224 δοκεῖ
2640 1172 2763 1233 τοὺς
2788 1170 3061 1235 Ἕλληνας
3095 1168 3427 1221 αἰνίττεσθαι
3446 1167 3730 1230 δεσπότας.

2161 1259 2228 1312 Τί
2257 1259 2386 1330 γὰρ,
2428 1259 2477 1311 εί
2515 1260 2724 1320 ἐκεῖνος
2777 1257 2876 1326 μὲν
2912 1255 3136 1326 Ἕλλην,
3172 1256 3237 1309 σὺ
3276 1254 3334 1308 δὲ
3377 1254 3730 1325 Χριστιανόςς

2163 1347 2238 1400 Οὐ
2294 1347 2365 1400 τά
2416 1346 2707 1416 πρόσωπα,
2753 1343 2888 1397 ἀλλά
2931 1343 3000 1396 τά
3046 1342 3348 1412 πράγματα
3400 1340 3732 1407 ἐξετάζεται.

2164 1436 2328 1488 Ὥστε
2368 1435 2462 1490 καὶ
2489 1433 2632 1488 οὑτω
2672 1433 2788 1503 μετ’
2807 1431 3041 1495 εὐνοίας,
3071 1431 3167 1485 καὶ
3195 1432 3259 1483 ἐκ
3293 1429 3473 1500 ψυχῆς
3503 1429 3585 1482 δεῖ
3612 1428 3735 1481 δου-

2159 1522 2355 1578 λεύειν.
2384 1526 2447 1576 Ol
2477 1522 2689 1590 κύριοι,
2725 1519 2791 1573 τὸ
2822 1520 3059 1573 δίκαιον
3075 1517 3175 1572 καί
3195 1516 3309 1586 τὴν
3340 1517 3588 1585 ίσότητσ
3611 1514 3738 1583 τοῖς

2161 1612 2407 1677 δούλοις
2437 1609 2790 1679 παρέχεσθε.
2837 1607 2904 1658 Τί
2942 1606 2998 1659 δέ
3027 1609 3143 1659 ἐστι
3188 1606 3251 1659 τὸ
3293 1604 3565 1667 δίκαιον;
3592 1603 3647 1656 τί
3678 1602 3736 1656 δέ

2160 1701 2309 1753 ἔστιν
2334 1699 2577 1764 ίσότης;
2600 1695 2827 1750 Πάντων
2865 1694 2924 1745 ἐν
2952 1692 3187 1762 ἀφθονίᾳ
3219 1692 3507 1762 καθιστᾷν,
3536 1690 3633 1746 καὶ⁷
3661 1689 3738 1761 μὴ

2161 1788 2257 1858 ὲᾷν
2305 1785 2507 1856 ἐτέρων
2538 1784 2770 1844 δεῖσθαι,
2820 1780 2958 1834 ἀλλὰ
3007 1777 3332 1849 ἀμείϐεσθαι
3381 1779 3580 1842 αὐτοὺς
3628 1777 3738 1830 τῶν

2163 1873 2362 1928 πόνων.
2392 1871 2484 1943 Μὴ
2517 1870 2647 1941 γὰρ,
2676 1868 2864 1939 ἐπειδὴ
2896 1864 3071 1928 εἶπον,
3094 1866 3177 1918 ὅτι
3210 1865 3361 1936 παρά
3384 1863 3520 1917 Θεοῦ
3551 1863 3738 1933 ἔχουσι

2160 1961 2254 2016 τὸν
2286 1958 2498 2031 μισθὸν,
2537 1954 2625 2010 διὰ
2655 1954 2815 2008 τοῦτο
2842 1955 2907 2008 σὺ
2939 1954 3346 2024 ἀποστερήσῃς.
3386 1950 3649 2022 Ἐτέρωθι
3676 1949 3737 2004 δέ

2162 2065 2348 2121 φησιν,
2390 2044 2675 2110 Ἅνιέντες
2704 2043 2819 2110 τὴν
2839 2038 3119 2107 ἀπειλὴν,
3150 2036 3537 2121 ἡμερωτέρους
3569 2036 3737 2107 ἐργά-

2164 2120 2361 2191 σασθαι
2402 2131 2724 2204 βουλόμενος
2743 2145 2759 2160 ο
2791 2127 2989 2181 τέλειοι
3018 2125 3127 2197 γάρ
3151 2120 3294 2195 ἦσαν
3332 2126 3550 2178 ἐκεῖνοι.
3572 2124 3737 2178 Τουτ-

2162 2223 2334 2284 ἐστιν,
2377 2221 2481 2275 Ἐν
2518 2213 2568 2286 ᾧ
2611 2216 2809 2287 μέτρῳ
2842 2213 3129 2285 μετρεῖτε,
3162 2210 3734 2281 ἀντιμετρηθήσεται

2162 2310 2327 2382 ὑμῖν.
2349 2308 2458 2363 Kal
2486 2306 2568 2372 τὸ,
2595 2308 2716 2359 Οὐκ
2745 2304 2877 2358 ἐστι
2903 2298 3408 2371 προσωποληψία,
3450 2296 3588 2382 πρὸς
3610 2295 3739 2350 τοὺ-

2161 2377 2292 2462 τους
2331 2394 2581 2466 είρηται-
2626 2394 2803 2444 κεῖται
2833 2390 2891 2443 δὲ
2930 2390 3019 2442 ἐπ’
3061 2387 3310 2450 ἐκείνων,
3352 2385 3441 2439 ἵνα
3481 2377 3629 2439 οῦτοι
3655 2383 3741 2438 δέ-

2165 2484 2386 2553 ξωνται.
2410 2482 2580 2535 Ὅταν
2607 2479 2717 2550 γὰρ
2738 2477 2823 2530 ἑτέ
2833 2493 2909 2548 ρῳ
2924 2474 3166 2545 ἁρμόζον
3196 2473 3333 2544 πρὸς
3360 2473 3549 2544 ἔτερον
3574 2472 3741 2526 είπωο

2168 2590 2290 2645 μεν,
2318 2572 2420 2626 οὐκ
2442 2571 2650 2623 ἐκεῖνον
2680 2565 2958 2628 τοσοῦτον,
2990 2564 3113 2617 ὅσον
3145 2561 3235 2617 τδν
3264 2560 3566 2616 ὑπεύθυνον
3606 2578 3735 2614 κατ-

2164 2660 2523 2733 ωρθὼσαμεν.
2567 2656 2679 2711 Kal
2723 2654 2879 2725 ὑμεῖς
2926 2651 3043 2723 μετ’
3085 2649 3334 2715 ἐκείνων,
3394 2648 3581 2719 φησίν.
3626 2647 3741 2733 Ἐν·

2165 2732 2339 2803 ταῦθα
2378 2744 2563 2818 κοινὴν
2607 2741 2831 2812 ἐποίησε
2870 2739 2970 2811 τὴν
2994 2736 3240 2792 δουλείαν
3264 2753 3279 2767 ο
3318 2735 3562 2799 Είδότες
3606 2732 3738 2804 γὰρ,

2168 2838 2354 2909 φησὶν,
2388 2836 2478 2889 ὅτι
2528 2833 2629 2888 καί
2671 2830 2839 2901 ὑμεῖς
2866 2827 3039 2898 ἔχετε
3083 2827 3304 2896 Κύριον
3344 2825 3414 2879 ἐν
3438 2821 3739 2892 οὐρανοῖς.

2173 2927 2252 2995 Τᾶ
2283 2919 2596 2994 προσευχῄ⁹
2642 2913 3153 2988 προσκαρτερεῖτε,
3188 2911 3623 2984 γρηγοροῦντες
3671 2909 3744 2962 ἐν

2168 3010 2325 3082 αὐτῇ
2345 3012 2417 3066 ἐν
2449 3006 2821 3079 εὐχαριστίᾳ.
2855 3001 3080 3075 Ἐπειδὴ
3108 3001 3217 3073 γὰρ
3261 3001 3324 3054 τὸ
3365 3000 3653 3087 καρτερεῖν
3682 2999 3743 3053 έν

2168 3103 2289 3164 ταῖς
2318 3099 2505 3170 εὐχαῖς
2527 3096 2792 3168 ῥᾳθυμεῖν
2822 3092 3084 3156 πολλάκις
3105 3090 3271 3157 ποιεῖ,
3299 3087 3387 3143 διὰ
3410 3085 3569 3141 τοῦτό
3585 3100 3739 3155 φησν

2173 3185 2651 3257 Γρηγοροῦντες,
2678 3181 2948 3244 τουτέστι,
2976 3180 3258 3250 νήφοντες,
3289 3177 3364 3248 μὴ
3392 3174 3740 3248 ρεμϐόμενοι.

2172 3272 2297 3329 Οἵδε
2329 3273 2461 3345 γὰρ,
2507 3267 2648 3325 οἶδεν
2680 3270 2709 3323 ό
2748 3266 2997 3331 διάϐολος
3038 3266 3164 3319 ὅσον
3209 3263 3410 3333 ἀγαθὸν
3444 3262 3577 3333 εὐχή
3599 3276 3614 3291 ⁸
3660 3258 3746 3314 διὸ

2175 3361 2347 3434 βαρὺς
2380 3360 2645 3429 ἔγκειται.
2682 3351 2803 3409 Οἵδε
2845 3354 2901 3408 δὲ
2950 3354 3047 3406 καὶ
3076 3351 3288 3414 Παῦλος
3320 3349 3439 3413 πῶς
3477 3347 3746 3447 agmen:

2176 3446 2361 3501 πολλοὶ
2404 3444 2727 3516 εὐχόμενοι·
2783 3440 2865 3495 διό
2913 3456 3071 3512 φησι,
3117 3440 3620 3507 Προσκηρτερεῖτε
3669 3440 3744 3503 τῇ

2175 3531 2511 3605 προσευχῇ,
2541 3531 2617 3595 ὡς
2646 3529 2773 3600 περί
2800 3545 2946 3591 τινος
2986 3526 3268 3580 ἐπιπόνου.
3298 3521 3747 3592 Γρηγοροῦντες

2172 3624 2242 3678 ἐν
2262 3619 2439 3690 αὐτῇ,
2480 3620 2551 3674 ἐν
2577 3616 2949 3687 εὐχαριστίᾳ.
2985 3614 3156 3667 Τοῦτο
3196 3614 3327 3685 γὰρ,
3365 3610 3551 3682 φησὶν,
3585 3608 3749 3677 ἔργον

2175 3709 2330 3781 ὑμῶν
2376 3708 2538 3773 ἔστω,
2589 3708 2647 3759 ὲν
2682 3707 2800 3768 ταῖς
2846 3702 3032 3773 εὐχαῖς
3085 3700 3426 3772 εὐχαριστεῖν
3472 3697 3567 3751 καὶ
3609 3696 3749 3781 ὑπὲρ

2174 3776 2283 3852 τῶν
2312 3794 2565 3867 φανερῶν
2609 3792 2704 3846 καὶ
2737 3791 2878 3861 ὑπὲρ
2924 3788 3035 3842 τῶν
3078 3786 3321 3856 ἀφανῶν,
3355 3786 3451 3840 καὶ
3485 3784 3623 3854 ὑπὲρ
3671 3776 3749 3836 ὧν

2177 3886 2405 3948 ἑκόντας
2437 3883 2531 3936 καὶ
2562 3881 2702 3953 ὑπὲρ
2730 3872 2806 3933 ὧν
2832 3879 3065 3939 ἄκοντας
3090 3874 3344 3944 ἐποίησεν
3375 3869 3458 3936 εὖ,
3485 3874 3580 3926 καὶ
3605 3871 3749 3941 ὑπὲρ

2180 3971 2458 4047 βασιλείας
2486 3971 2583 4023 καὶ
2625 3968 2766 4039 ὑπὲρ
2790 3965 3037 4036 γεέννης,
3072 3965 3168 4019 καὶ
3205 3963 3348 4035 ὑπὲρ
3394 3961 3623 4030 θλίψεως
3652 3959 3749 4012 καὶ

2179 4062 2321 4131 ὑπὲρ
2352 4060 2612 4121 ἀνέσεως.
2655 4055 2812 4109 Οὕτω
2835 4054 2945 4126 γὰρ
2979 4054 3100 4116 ἔθος
3124 4055 3236 4115 τοῖς
3259 4051 3436 4119 ἁγίοις
3470 4048 3746 4121 εὔχεσθαι,

2179 4149 2274 4205 καὶ
2298 4148 2438 4218 ὑπὲρ
2464 4146 2574 4199 τῶν
2602 4142 2799 4198 κοινῶν
2825 4140 3157 4212 εὐεργεσιῶν
3185 4140 3552 4210 εὐχαριστεῖν.

2248 4240 2320 4304 γ’.
2337 4229 2467 4288 Οἶδα
2487 4229 2597 4299 ἐγώ
2614 4246 2737 4284 τινα
2749 4229 2901 4296 ἆγιον
2923 4227 3090 4295 ἄνδρα
3112 4225 3283 4287 οὕτως
3307 4224 3619 4293 εὐχόμενον.
3644 4221 3751 4274 Οὑο

2178 4323 2266 4376 δὲν
2286 4319 2393 4390 πρὸ
2414 4320 2602 4372 τούτου
2620 4315 2713 4370 τοῦ
2741 4316 2807 4385 ρή
2817 4330 2986 4384 ματος
3004 4313 3208 4381 ἔλεγεν,
3243 4310 3358 4363 ἀλλ’
3377 4312 3480 4363 ὄτι.
3512 4308 3688 4378 Εὐχαρ
3701 4326 3751 4361 ι-

2182 4407 2415 4479 στοῦμεν
2444 4404 2585 4474 ὑπὲρ
2625 4401 2815 4456 πασῶν
2859 4399 2968 4453 τῶν
3008 4396 3334 4470 εὐεργεσιῶν
3382 4414 3477 4451 σου
3525 4394 3634 4450 τῶν
3686 4396 3752 4450 ἐκ

2187 4495 2406 4569 πρώτης
2441 4491 2657 4563 ἡμέρας
2687 4488 2848 4561 μέχρι
2877 4486 2977 4556 τῆς
3006 4485 3290 4556 παρούσης
3330 4486 3410 4569 εἰς
3446 4484 3596 4554 ἡμᾶς
3623 4483 3752 4545 τοὺς

2186 4564 2338 4658 [399]
2368 4578 2619 4644 ἀναξίους
2665 4572 3122 4644 ἐπιδεικνυμένων
3144 4590 3158 4602 ·
3187 4573 3326 4643 ὑπὲρ
3363 4564 3438 4658 ῶν
3473 4572 3630 4641 ίσμεν
3655 4571 3752 4658 καὶ

2183 4657 2285 4726 οὐκ
2326 4670 2506 4739 ἴσμεν,
2541 4664 2684 4736 ὑπὲρ
2710 4662 2819 4716 τῶν
2859 4660 3131 4732 φανερῶν,
3167 4658 3308 4730 ὑπὲρ
3340 4657 3446 4713 τῶν
3486 4657 3732 4726 ἀφανῶν,

2184 4759 2295 4814 τῶν
2321 4759 2376 4811 ὲν
2410 4755 2557 4827 ἔργῳ
2601 4751 2937 4823 γενομένων,
2964 4748 3072 4803 τῶν
3112 4751 3170 4802 ὲν
3203 4747 3366 4818 λόγῳ,
3400 4746 3510 4801 τῶν
3549 4744 3749 4809 ἑκοντὶ,

2184 4847 2295 4900 τῶν
2323 4842 2539 4898 ἀκοντί·
2579 4840 2770 4895 πασῶν
2795 4838 2904 4892 τῶν
2935 4839 3015 4901 είς
3051 4837 3176 4900 τοὺς
3205 4834 3456 4900 ἀναξίους
3484 4834 3630 4904 ἡμᾶς
3656 4847 3753 4899 γε·

2186 4931 2501 5003 γενημένων
2522 4945 2535 4957 ·
2576 4929 2715 4999 ὑπὲρ
2745 4926 2997 4997 θλίψεων,
3034 4924 3174 4996 ὑπὲρ
3208 4921 3466 4986 ἀνέσεων,
3494 4918 3633 4989 ὑπὲρ
3658 4917 3757 4986 τῆς

2187 5021 2434 5090 γεέννης,
2470 5017 2610 5088 ὑπὲρ
2660 5015 2762 5085 τῆς
2806 5014 3101 5076 κολάσεως,
3153 5010 3294 5081 ὑπὲρ
3331 5007 3605 5079 βασιλείας
3650 5003 3759 5058 τῶν

2189 5108 2250 5161 οὐ
2260 5105 2456 5177 ρανῶν.
2482 5101 2811 5173 Παρακαλοῦ
2819 5101 2917 5188 μέν
2941 5116 2998 5152 σε
3017 5098 3261 5188 φυλάξαι
3398 5093 3577 5188 ww
3600 5090 3760 5188 ἡμῶν

2191 5194 2374 5262 ἁγίαν,
2407 5188 2654 5262 καθαρὰν
2679 5186 2982 5257 συνείδησιν
3011 5185 3262 5255 ἔχουσαν,
3294 5182 3445 5245 τέλος
3488 5180 3638 5245 ἀξιον
3662 5180 3762 5245 τῆς

2194 5276 2605 5349 φιλανθρωπίας
2643 5291 2758 5328 σου.
2828 5274 2887 5327 Ὀ
2943 5272 3238 5342 ἀγαπήσας
3287 5269 3435 5340 ἡμᾶς
3477 5265 3619 5321 ὥστε
3669 5263 3763 5317 τὸν

2192 5365 2472 5435 Μονογενῆ
2506 5380 2600 5417 σου
2628 5362 2810 5416 δοῦναι
2836 5360 2975 5430 ὑπὲρ
2997 5358 3175 5428 ἡμῶν,
3208 5355 3545 5422 καταξίωσον
3573 5352 3761 5419 ἀξίους

2195 5453 2444 5524 γενέσθαι
2470 5450 2568 5520 τῆς
2593 5450 2690 5522 σῆς
2707 5448 2925 5518 ἀγάπης
2949 5459 2964 5475 ·
2981 5445 3068 5508 δὸς
3092 5447 3149 5498 ὲν
3172 5443 3250 5514 τῷ
3265 5442 3407 5514 λόγῳ
3426 5458 3519 5495 σου
3549 5438 3761 5508 σοφίαν,

2196 5544 2289 5597 καὶ
2321 5538 2479 5611 ἐντῷ
2507 5537 2656 5608 φόϐῳ
2698 5553 2812 5601 σου,
2853 5532 3137 5604 μονογενὲς
3184 5530 3407 5604 Χριστὲ,
3460 5529 3766 5601 ἔμπνευσεν

2255 5746 2276 5774 ⁸
2305 5740 2597 5804 Ρταιροεὶιὶο
2619 5751 2678 5789 ex
2700 5735 2840 5787 codd.
2869 5735 3056 5799 adjecta
3082 5738 3175 5784 est.
3198 5732 3332 5785 Em.
