4064 6210
449 303 557 363 πω

448 420 654 492 inspira
682 411 1048 472 fortitudinem
1079 425 1093 463 :
1125 406 1217 479 qui
1247 419 1344 476 pro
1371 400 1526 458 nobis
1558 396 1752 454 dedisti
1779 391 2035 463 Unigeni-

445 485 584 584 tum,
613 518 668 566 et
697 515 939 564 sanctum
970 513 1116 558 tuum
1145 496 1370 555 emisisti
1399 493 1654 564 Spiritum
1685 490 1737 544 in
1765 485 2039 542 remissio-

443 577 577 658 inem
605 609 950 672 peccatorum
977 601 1307 653 nostrorum,
1342 587 1387 643 si
1427 584 1554 656 quid
1578 583 1821 637 volentes
1847 577 1930 632 vel
1959 579 2038 631 in-

449 698 540 752 viti
577 693 944 766 peccavimus,
969 688 1237 752 condono,
1267 692 1324 738 et
1351 697 1419 737 ne
1457 687 1672 748 reputes
1706 695 1718 729 :
1751 674 2039 730 recordare

448 787 688 844 omnium
717 783 809 856 qui
848 783 1101 836 invocant
1141 791 1338 832 nomen
1378 783 1526 828 tuum
1570 771 1624 824 in
1655 769 1920 828 veritate;
1953 781 2040 819 re-

449 877 680 933 cordare
725 873 962 930 omnium
1006 871 1096 940 qui
1143 869 1278 923 bene
1311 874 1364 921 et
1411 878 1566 920 secus
1608 861 1761 916 nobis
1807 858 2035 912 volunt:

449 981 642 1025 omnes
670 968 812 1022 enim
838 976 1021 1018 sumus
1047 961 1309 1016 homines.
1341 955 1542 1012 Deinde
1569 954 1774 1024 adjecm
1804 951 2038 1005 fidelium

453 1061 719 1124 oratione,
771 1053 940 1110 veluti
985 1052 1212 1122 quadam
1264 1046 1524 1103 coronide
1563 1055 1619 1100 et
1657 1059 1754 1115 pro
1793 1041 2041 1096 omnibus

449 1151 817 1221 colligatione,
863 1149 996 1201 facta
1033 1157 1215 1215 prece,
1264 1140 1351 1194 hic
1390 1139 1656 1194 cessabat.
1699 1134 1858 1190 Multa
1897 1133 2039 1187 enim

455 1247 609 1300 nobis
639 1245 777 1298 bona
806 1241 930 1295 facit
963 1240 1100 1292 Deus
1126 1237 1287 1291 etiam
1317 1234 1517 1295 invitis,
1552 1231 1714 1284 multa
1746 1241 1958 1296 quoque
1988 1234 2042 1279 et

454 1334 656 1406 majora
705 1330 1088 1388 nescientibus.
1143 1325 1275 1381 Nam
1325 1323 1539 1394 quando
1591 1317 1860 1374 contraria
1918 1330 2041 1385 pre-

452 1443 658 1494 camur,
691 1427 807 1497 ipse
835 1433 1014 1478 autem
1060 1420 1183 1474 facit
1222 1416 1513 1475 contraria,
1546 1413 1721 1484 palam
1751 1420 1832 1464 est
1862 1408 2037 1478 ipsum

458 1519 819 1576 nescientibus
847 1515 982 1570 bene
1011 1515 1202 1567 lacere.
1237 1511 1292 1565 5.
1327 1507 1545 1562 Orontes
1575 1502 1730 1558 simul
1758 1511 1802 1555 et
1833 1516 1925 1570 pro
1952 1515 2044 1552 no-

456 1615 552 1668 bis.
583 1610 718 1667 Vide
758 1609 1110 1663 humilitatem
1146 1623 1159 1658 ε
1187 1611 1309 1674 post
1339 1601 1462 1655 illos
1504 1599 1741 1665 seipsum
1773 1593 1940 1664 ponit.
1977 1589 2043 1645 Ut

459 1705 596 1762 Deus
619 1704 814 1774 aperiat
843 1702 985 1755 nobis
1024 1698 1208 1753 ostium
1233 1694 1476 1750 sermonis
1501 1690 1570 1745 ad
1595 1688 1900 1761 loquendum
1931 1701 2039 1754 my—

459 1798 665 1851 sterium
697 1791 904 1850 Christi.
940 1791 1176 1850 Aditum,
1211 1788 1411 1856 inquit,
1449 1794 1501 1840 et
1533 1781 1779 1853 loquendi
1814 1779 2040 1833 liberta-

464 1899 597 1944 tem.
641 1886 829 1956 Papae!
877 1893 1055 1939 tantus
1091 1880 1289 1936 athleta
1324 1893 1429 1932 non
1473 1875 1626 1937 dixit,
1673 1872 1740 1927 Ut
1783 1870 1976 1923 liberer
2013 1882 2044 1920 a

469 1978 714 2040 vinculis,
742 1973 832 2029 sed
863 1989 985 2029 cum
1016 1978 1162 2028 esset
1191 1971 1245 2024 in
1275 1967 1523 2031 vinculis,
1554 1965 1686 2018 alios
1716 1961 1957 2032 rogabat,
1990 1967 2047 2012 et

468 2077 686 2139 promer
725 2083 837 2121 rem
879 2079 1124 2134 magnam
1159 2059 1399 2130 rogabat,
1441 2070 1632 2124 nempe
1680 2063 1737 2107 ut
1779 2050 2047 2119 acciperet

463 2158 710 2230 loquendi
736 2157 1056 2211 libertatem.
1084 2152 1190 2207 Res
1211 2151 1330 2205 duae
1355 2163 1584 2218 magnae,
1616 2158 1810 2211 nempe
1839 2149 1894 2196 et
1922 2153 2045 2209 per-

461 2266 610 2305 sona:
665 2248 920 2320 qualitas,
976 2254 1030 2300 et
1081 2243 1178 2299 rei.
1231 2241 1428 2315 Papia!
1479 2247 1674 2308 quanta
1733 2234 2044 2288 auctoritas.

470 2341 791 2412 Mysterium,
833 2337 1025 2407 inquit,
1068 2334 1275 2389 Christi.
1317 2329 1564 2385 Ostendit
1606 2326 1737 2381 nihil
1779 2341 1900 2379 esse
1946 2322 2049 2376 sibi

463 2433 874 2489 desiderabilius
920 2445 1079 2500 quant
1111 2428 1212 2481 hoc
1255 2425 1419 2493 loqui.
1463 2421 1681 2491 Pwpter
1726 2417 1859 2487 quod
1900 2416 2050 2471 etiam

465 2529 663 2583 uinctus
699 2543 830 2590 sum,
863 2525 914 2580 4.
946 2530 1001 2576 ut
1029 2519 1344 2589 manifestem
1376 2516 1524 2577 illud,
1561 2515 1632 2566 ita
1660 2522 1710 2565 ut
1753 2519 1943 2580 oportet
1973 2523 2053 2561 me

468 2622 625 2692 loqui.
673 2619 808 2673 Cum
855 2631 1068 2686 magna,
1122 2614 1310 2683 inquit,
1370 2610 1560 2665 ﬁducia
1609 2615 1664 2661 et
1719 2603 1927 2660 dicendi
1986 2602 2052 2655 li-

465 2713 701 2780 bertate,
737 2709 870 2766 nihil
901 2710 1236 2765 reticentem.
1266 2704 1452 2765 Vides.
1485 2700 1694 2756 vincula
1724 2716 1844 2753 cum
1879 2696 2053 2751 mani-

473 2807 669 2862 festum
723 2803 972 2868 reddunt,
1021 2815 1130 2856 non
1179 2800 1232 2854 in
1300 2799 1532 2853 obscuro
1582 2794 1865 2849 collocant.
1921 2789 2052 2844 Cum

469 2899 656 2960 multa,
689 2895 881 2966 inquit,
915 2893 1106 2948 ﬁducia
1142 2900 1196 2947 et
1221 2889 1430 2945 dicendi
1463 2887 1733 2942 libertate.
1779 2884 1870 2938 Die
1901 2881 2052 2948 mihi,

471 3005 530 3048 tu
555 2993 772 3047 vinetus
801 3007 880 3056 es,
915 2998 968 3045 et
993 2989 1130 3043 alios
1152 2983 1475 3042 consolaris?
1501 2983 1727 3037 Maxime
1756 2999 1770 3034 :
1799 2978 2057 3049 majorem

475 3085 729 3155 ioquendi
763 3084 1066 3139 libertatem
1087 3081 1215 3135 dant
1243 3079 1371 3133 mihi
1403 3076 1610 3131 vincula
1642 3092 1656 3130 :
1686 3073 1778 3129 scd
1807 3074 1899 3128 Dei
1930 3088 2060 3141 rogo

476 3177 757 3242 auxilium,
799 3174 980 3230 audivi
1023 3173 1170 3228 enim
1206 3170 1478 3227 Christum
1521 3169 1809 3229 dicentem,
1844 3164 2060 3233 Quando

477 3285 564 3323 ros
590 3268 807 3332 tradent,
851 3267 1006 3320 nolite
1034 3282 1140 3319 esse
1166 3263 1392 3324 solliciti,
1424 3261 1673 3331 quomodo
1701 3269 1787 3312 aut
1831 3257 1953 3329 quid
1982 3256 2062 3309 lo-

479 3359 705 3426 quamini
733 3357 950 3430 (Matth.
983 3354 1072 3410 10.
1106 3353 1217 3424 19).
1251 3353 1317 3407 Et
1343 3352 1465 3407 vide
1490 3349 1760 3422 quomodo
1788 3349 1921 3403 dixit
1945 3363 2061 3401 me-

481 3449 777 3520 taphoriee,
829 3445 899 3503 Ut
948 3445 1084 3500 Deus
1127 3445 1320 3516 aperiat
1364 3443 1506 3498 nobis
1553 3443 1735 3496 ostium
1778 3439 2068 3494 sermonis?

485 3541 620 3597 Vide
640 3556 800 3612 quam
845 3541 967 3595 sita
997 3537 1133 3594 fastu
1180 3537 1407 3602 alienus,
1440 3543 1494 3590 et
1523 3550 1643 3590 cum
1689 3541 1832 3587 esset
1863 3532 1914 3585 in
1947 3530 2066 3583 vin-

484 3633 622 3688 culis
651 3648 812 3703 quam
845 3629 1121 3685 humiliter
1147 3629 1415 3700 loquatur.
1447 3626 1559 3681 Hoc
1587 3634 1686 3688 est,
1730 3622 1800 3679 Ut
1865 3620 2071 3675 molliat

488 3727 649 3781 corda
676 3725 939 3795 ipsorum.
986 3723 1103 3778 Non
1145 3725 1222 3777 sic
1266 3729 1443 3776 autem
1486 3719 1639 3780 dixit,
1670 3717 1786 3784 sed,
1817 3714 1887 3771 Ut
1915 3714 2072 3769 nobis

489 3815 581 3872 det
600 3815 845 3872 ﬁduciam
876 3824 928 3870 et
957 3814 1209 3885 loquendi
1245 3815 1582 3876 libertatem;
1613 3811 1690 3865 sic
1719 3811 1944 3878 loquens
1970 3807 2073 3860 hu-

491 3909 692 3964 militer
721 3916 777 3963 et
803 3907 1044 3963 modeste
1067 3922 1127 3960 se
1148 3919 1340 3975 gerens
1369 3921 1382 3958 :
1412 3912 1466 3959 ct
1495 3903 1544 3958 id
1575 3901 1714 3973 quod
1744 3900 1972 3955 habebat
1996 3913 2075 3952 ro-

492 4010 582 4070 gat
619 4011 677 4056 ut
709 4001 952 4070 accipiat.
985 3997 1232 4054 Ostendit
1269 4008 1446 4051 autem
1488 3995 1540 4049 in
1580 3993 1678 4048 hac
1704 3992 1949 4062 epistola,
1979 4005 2077 4044 cur

497 4101 624 4148 tunc
670 4107 781 4147 non
825 4091 1036 4147 venerit
1079 4089 1348 4150 Christus,
1395 4102 1461 4141 eo
1507 4085 1646 4154 quod
1695 4085 1780 4138 illa
1831 4082 2076 4137 umbram

496 4183 704 4239 vocarit
737 4203 750 4237 :
783 4182 979 4252 Corpus
1013 4191 1202 4245 autem,
1251 4178 1443 4250 inquit,
1476 4177 1662 4232 Chiisti
1704 4175 1836 4246 (Col.
1876 4173 1932 4227 2.
1964 4173 2076 4240 17).

1339 285 1408 343 lN
1443 281 1662 342 EPIST.
1704 277 1801 335 AD
1834 271 2107 332 COLOSS.

2147 269 2298 326 car.
2340 267 2430 325 tv.
2469 221 2700 322 nosne.
2742 261 2814 320 ξς.
3619 241 3725 305 sio

2153 387 2461 451 homicidis,
2513 385 2706 441 doctor
2749 381 2896 438 orbis
2941 387 3206 435 terrarum
3239 375 3368 446 :qui
3410 374 3462 428 in
3515 372 3728 426 tertium

2147 479 2389 535 ascendit
2414 479 2629 540 czelum,
2659 475 2747 545 qui
2777 471 2937 527 verba
2981 469 3182 524 audivit
3206 481 3398 521 arcana
3440 473 3495 518 et
3537 461 3728 516 ine-lfa-

2146 572 2295 635 bilia,
2326 580 2444 626 erat
2472 569 2704 624 vinetus.
2736 565 2841 620 Sed
2880 573 3004 618 tune
3045 559 3284 614 velocior
3320 563 3435 610 erat
3461 553 3579 624 ejus
3607 567 3732 606 cur-

2145 679 2257 719 sus.
2299 663 2398 730 Qui
2440 671 2554 717 erat
2581 661 2810 724 vinctus,
2839 664 2955 712 erat
2991 653 3230 716 solutus;
3263 656 3318 703 et
3354 648 3441 719 qui
3482 662 3588 702 non
3616 654 3728 698 erat

2146 757 2377 817 vinctus,
2419 765 2535 808 erat
2580 753 2814 807 vinctus.
2847 749 2976 803 Nam
3001 747 3090 800 ille
3120 742 3336 814 quidem
3373 740 3562 811 agi-bat
3586 736 3731 807 quod

2147 847 2365 902 volebat
2398 863 2412 898 :
2445 845 2531 898 hic
2576 853 2753 897 autem
2800 841 2974 909 ipsum
3023 853 3129 890 non
3176 832 3513 904 prohibebat,
3559 843 3733 898 neque

2149 956 2303 997 suum
2348 939 2599 1007 implebat
2646 935 2995 1005 propositum.
3045 929 3179 999 Quid
3226 927 3379 991 facis,
3427 943 3460 980 ο
3504 925 3732 980 stolide?

2149 1048 2276 1086 num
2303 1040 2382 1084 est
2427 1043 2615 1083 cursor
2644 1023 2981 1095 corporalis?
3013 1039 3136 1077 num
3182 1022 3234 1075 in
3265 1019 3438 1074 stadio
3483 1016 3622 1086 quod
3650 1025 3736 1071 est

2148 1122 2286 1192 apud
2319 1136 2418 1174 nos
2447 1117 2649 1173 certat?
2681 1117 2734 1171 lu
2777 1115 2923 1170 exulis
2966 1123 3213 1168 versatur
3243 1130 3256 1166 :
3291 1127 3412 1166 eum
3449 1111 3534 1179 qui
3565 1108 3733 1162 currit

2147 1213 2201 1269 in
2233 1212 2390 1277 exulo,
2421 1225 2526 1264 non
2571 1215 2795 1278 possunt
2823 1221 2885 1260 ea
2918 1221 3036 1275 quae
3065 1213 3185 1258 sunt
3218 1204 3270 1256 in
3317 1201 3473 1256 terris
3516 1199 3734 1268 alligare

2148 1313 2204 1359 et
2244 1304 2497 1357 retinere.
2547 1300 2662 1355 Non
2710 1298 2863 1352 vides
2904 1295 3045 1350 hunc
3086 1292 3297 1348 solem?
3345 1290 3528 1347 Rodiis
3575 1289 3735 1357 injicc

2146 1395 2381 1461 vincula,
2433 1394 2561 1447 siste
2601 1392 2722 1461 ejus
2769 1404 2984 1444 cursum
3017 1407 3030 1442 :
3061 1386 3155 1441 sed
3197 1399 3302 1440 non
3362 1383 3581 1452 poteris.
3624 1379 3736 1434 Nec

2149 1506 2276 1560 ergo
2301 1487 2539 1549 Paulum,
2567 1495 2620 1539 et
2645 1484 2813 1539 multo
2835 1483 3014 1537 minus
3040 1480 3182 1534 hunc
3203 1493 3361 1549 quam
3393 1476 3542 1530 illum
3576 1492 3591 1528 ε
3623 1487 3736 1526 ma-

2145 1582 2318 1652 jorem
2347 1580 2488 1635 enim
2518 1577 2611 1632 Dei
2639 1591 2821 1631 curam
2853 1590 2915 1629 ac
2945 1571 3331 1644 providentiam
3357 1578 3440 1624 est
3470 1567 3554 1620 hic
3575 1580 3734 1634 quam

2151 1674 2238 1726 ille
2266 1681 2649 1740 consequutus,
2682 1677 2740 1721 ut
2769 1668 2858 1737 qui
2893 1683 2997 1720 non
3031 1663 3183 1718 nobis
3216 1662 3396 1722 talem,
3429 1658 3521 1713 sed
3555 1671 3733 1710 veram

2152 1764 2288 1820 fciat
2331 1765 2526 1820 lucem.
2569 1761 2666 1818 Ubi
2708 1769 2830 1816 sunt
2867 1759 2956 1828 qui
2992 1757 3122 1811 nihil
3167 1753 3353 1808 volunt
3383 1751 3485 1820 pati
3521 1755 3738 1816 propter

2153 1854 2468 1912 Christum?
2512 1851 2639 1922 quid
2684 1861 2862 1905 autem
2895 1850 3014 1903 dico
3058 1847 3188 1917 pati,
3223 1859 3345 1898 cum
3389 1857 3455 1895 ne
3483 1837 3738 1910 pecunias

2151 1948 2368 2019 quidem
2417 1946 2582 2000 velint
2635 1939 2996 2014 profundere?
3051 1936 3324 1992 Vinciebat
3379 1945 3590 2003 quoque
3641 1928 3740 1982 ali-

2153 2039 2370 2110 quando
2397 2037 2610 2102 Paulus,
2641 2045 2698 2089 et
2717 2032 3036 2102 conjiciebat
3063 2031 3114 2084 in
3140 2040 3411 2083 carcerem
3438 2042 3450 2077 :
3476 2022 3567 2077 sed
3598 2031 3742 2090 post-

2154 2146 2314 2200 quam
2361 2129 2530 2182 factus
2559 2136 2641 2180 est
2669 2125 2866 2180 Christi
2898 2135 3108 2183 servus,
3143 2135 3247 2173 non
3293 2113 3433 2185 quod
3471 2120 3592 2182 agat
3620 2111 3739 2181 glo-

2157 2223 2344 2284 riatur,
2384 2219 2477 2275 sed
2525 2218 2666 2289 quod
2722 2217 2972 2286 patiatur.
3033 2212 3100 2266 Et
3149 2209 3249 2262 hoc
3299 2215 3382 2260 est
3427 2203 3742 2258 miraculum

2155 2312 2578 2386 praedicationis,
2611 2306 2826 2379 quando
2858 2319 2952 2375 per
2993 2303 3139 2372 ipsos
3186 2297 3471 2369 patientes,
3508 2308 3613 2348 non
3650 2307 3744 2344 au-

2160 2415 2266 2460 tem
2298 2420 2393 2474 per
2421 2405 2559 2456 male
2585 2409 2824 2470 agentes,
2854 2397 2932 2450 sic
2963 2393 3222 2449 excitatur
3251 2397 3305 2443 et
3333 2386 3577 2455 augetur.
3612 2380 3747 2437 Ubi-

2161 2513 2283 2551 nam
2325 2495 2458 2548 vidit
2499 2492 2759 2562 quispiam
2791 2484 3053 2555 ejusmodi
3101 2477 3431 2538 certamina?
3471 2475 3570 2542 Qui
3607 2470 3746 2526 male

2161 2593 2374 2663 patitur,
2411 2589 2574 2643 vineit
2608 2603 2621 2638 :
2654 2594 2708 2638 et
2746 2584 2834 2653 qui
2879 2581 3018 2636 male
3061 2577 3190 2646 agit,
3226 2573 3478 2627 vincitur.
3510 2567 3603 2622 Ille
3642 2563 3746 2619 hoc

2160 2655 2476 2756 praeclarior
2507 2695 2523 2733 :
2558 2674 2864 2746 przcdieatio
2913 2667 3148 2724 introivit
3197 2677 3294 2734 per
3339 2658 3574 2716 vincula.
3629 2655 3746 2710 Non

2162 2753 2440 2837 erubesco,
2472 2770 2664 2841 inquit,
2697 2766 2790 2822 sed
2821 2765 2982 2818 etiam
3014 2759 3233 2829 glorior,
3263 2753 3580 2808 cruciﬁxum
3612 2762 3750 2817 prte-

2161 2869 2372 2924 dicans.
2403 2863 2494 2921 Sic
2525 2870 2707 2917 autem
2736 2859 2910 2928 cogita
2944 2871 2957 2907 :
2993 2851 3289 2908 Universos
3317 2844 3466 2898 orbis
3499 2852 3655 2894 terra:
3684 2838 3748 2892 iis

2165 2961 2402 3017 dimissis
2429 2955 2523 3029 qui
2552 2967 2675 3011 sunt
2706 2950 2886 3013 soluti,
2921 2944 3127 3002 accedit
3156 2941 3220 2996 ad
3251 2940 3457 2993 vinctos
3488 2952 3502 2987 :
3535 2949 3629 2989 eos
3659 2931 3749 3000 qui

2165 3055 2407 3110 vinciunt
2435 3064 2713 3111 aversans,
2746 3045 2975 3100 honorat
3015 3055 3108 3094 eos
3149 3035 3238 3106 qui
3272 3039 3398 3086 sunt
3435 3022 3751 3083 circumdati

2166 3146 2410 3210 catenis;
2454 3156 2549 3198 eos
2588 3139 2714 3194 odio
2752 3135 2957 3191 habens
3005 3128 3094 3200 qui
3124 3127 3189 3198 in
3236 3137 3452 3180 crucem
3501 3121 3754 3187 egerunt.

2172 3237 2362 3292 adorat
2385 3231 2714 3288 cruciﬁxum.

2239 3333 2294 3386 4.
2327 3327 2513 3396 Neque
2533 3325 2709 3380 solum
2736 3326 2820 3373 est
2844 3311 3173 3374 mirandum,
3207 3305 3350 3378 quod
3373 3305 3670 3374 piscatores
3699 3303 3754 3348 et

2175 3423 2355 3480 idiota:
2375 3395 2533 3474 erant
2565 3415 2968 3486 praedicatores,
3007 3404 3095 3458 sed
3125 3401 3284 3456 etiam
3312 3397 3453 3468 quod
3487 3395 3613 3457 alia,
3632 3402 3757 3460 qua

2173 3524 2378 3568 natura:
2407 3505 2782 3578 impedimenta
2809 3509 2981 3560 erant,
3001 3512 3106 3550 non
3127 3493 3339 3548 fuerunt
3356 3483 3755 3556 impedimenta,

2175 3615 2231 3661 et
2257 3603 2427 3674 major
2448 3572 2580 3654 facta
2607 3605 2689 3652 est
2708 3594 2966 3650 accessio.
2997 3589 3114 3646 Non
3143 3587 3319 3641 solum
3349 3581 3477 3637 nihil
3519 3572 3763 3644 impediit

2179 3665 2382 3752 milites
2406 3701 2460 3746 et
2487 3688 2749 3759 imperitia
2771 3727 2786 3749 ,
2817 3683 2912 3739 sed
2940 3683 3100 3738 etiam
3130 3679 3231 3733 hoc
3276 3676 3447 3745 ipsum
3488 3665 3663 3722 ellecit
3706 3670 3766 3715 ut

2182 3784 2456 3841 manifesta
2493 3754 2642 3833 ﬁeret
2671 3774 3002 3846 praedicatio.
3032 3770 3168 3826 Audi
3196 3765 3336 3821 enim
3361 3762 3559 3817 Lucam
3583 3754 3768 3809 diceri-

2182 3886 2288 3932 tem
2323 3894 2336 3931 :
2369 3873 2433 3927 Et
2463 3887 2575 3925 cum
2602 3868 2958 3939 comperissent
2984 3906 2999 3928 ,
3028 3861 3234 3932 inquit,
3265 3856 3399 3928 quod
3432 3851 3656 3906 homines
3686 3862 3767 3900 es-

2183 3978 2288 4024 sent
2314 3963 2541 4020 illiterati
2570 3972 2616 4015 et
2642 3961 2790 4015 rudes
2809 4001 2825 4026 ,
2871 3955 3188 4011 mirabantur
3217 3949 3361 4022 (Act.
3399 3947 3451 4000 4.
3487 3944 3554 3998 15
3651 3939 3767 3993 Non

2185 4062 2358 4116 solum
2383 4056 2513 4111 nihil
2541 4051 2895 4124 prohibebant
2923 4045 3130 4101 vincula
3149 4085 3163 4108 ,
3196 4039 3291 4095 sed
3325 4054 3385 4093 ea
3415 4037 3526 4106 ips:t
3566 4030 3772 4086 elﬁcie-

2189 4153 2316 4206 bant
2335 4162 2430 4204 eos
2458 4121 2896 4200 conﬁdentiores.
2929 4138 3044 4193 Non
3078 4135 3210 4188 adeo
3238 4126 3580 4186 conﬁdebant
3605 4121 3771 4175 disci-

500 4273 860 4341 Quamobrcm
889 4271 1169 4341 oportebat
1195 4284 1288 4324 eos
1317 4269 1517 4323 umbrae
1548 4279 1880 4320 assuescere.
1910 4259 2082 4316 Simul

503 4365 664 4420 etiam
700 4379 813 4419 sua:
858 4364 910 4416 in
943 4377 1036 4416 eos
1076 4361 1315 4416 caritatis
1356 4359 1647 4413 maximum
1685 4354 1886 4409 indicat
1924 4367 2084 4421 argu-

506 4466 744 4510 mentum
773 4471 788 4507 :
813 4453 881 4509 Ut
905 4468 1021 4518 vos,
1049 4451 1237 4522 inquit,
1260 4449 1506 4514 audiatis,
1535 4447 1648 4516 Ego
1677 4454 1854 4499 autem
1881 4444 2089 4498 vinetus

509 4563 650 4602 sum.
699 4547 908 4602 Rursus
957 4544 1229 4600 vinculum
1273 4542 1490 4597 adducit
1538 4540 1590 4595 in
1647 4537 1900 4600 medium,
1945 4534 2088 4606 quod

510 4637 663 4692 valde
702 4652 844 4699 amo,
890 4634 1031 4705 quod
1066 4648 1162 4689 cor
1199 4647 1377 4688 meum
1417 4630 1635 4694 excitat,
1676 4639 1731 4683 et
1765 4627 2094 4683 desiderium

514 4746 728 4801 semper
747 4728 901 4783 aﬁert
925 4727 1138 4782 videndi
1169 4725 1390 4780 Paulum
1417 4724 1470 4778 in
1497 4721 1742 4786 vinculis,
1774 4730 1828 4775 et
1855 4719 2097 4774 scriben-

516 4832 646 4883 tem,
682 4831 738 4876 et
777 4819 1184 4890 prmdicantem,
1228 4827 1284 4872 et
1320 4816 1695 4885 baptizautem,
1734 4822 1788 4868 et
1825 4809 2097 4866 eatccliesi

522 4915 908 4969 instituentcm.
935 4911 1009 4966 De
1029 4908 1278 4966 omnibus
1302 4924 1422 4979 qua:
1450 4905 1644 4976 ubique
1670 4912 1821 4959 erant
1845 4900 2102 4957 Ecclesiis

521 5005 587 5058 ad
618 5019 742 5059 eum
775 5003 1008 5056 vinctum
1041 4999 1370 5056 referebatur
1404 5015 1416 5051 :
1451 4998 1658 5051 vinctus
1696 5009 1854 5063 supra
1886 4991 2104 5046 modum

525 5096 841 5151 aediﬁcabat.
875 5094 1024 5148 Tune
1052 5093 1216 5163 magis
1243 5100 1360 5145 erat
1382 5089 1609 5143 solutus.
1643 5085 1778 5141 Audi
1809 5085 1951 5139 enim
1983 5096 2107 5137 eum

526 5186 790 5242 dicentem
822 5203 835 5238 :
873 5183 939 5240 Ut
966 5185 1138 5255 plures
1164 5200 1190 5236 ε
1215 5182 1458 5256 fratribus
1487 5177 1794 5245 conﬁdentes
1819 5176 1870 5228 in
1897 5173 2111 5228 vinculis

531 5281 672 5346 meis,
720 5276 1063 5331 abundantius
1109 5275 1354 5328 auderent
1393 5273 1499 5325 sine
1545 5272 1720 5322 timore
1766 5267 1970 5320 verbum
2017 5263 2114 5316 Dei

534 5374 669 5441 loqui
699 5370 960 5442 (Philipp.
990 5369 1044 5423 1.
1082 5367 1189 5436 li).
1219 5366 1336 5435 Ipse
1365 5378 1576 5434 quoque
1604 5375 1790 5415 rursus
1819 5358 1921 5411 hoc
1950 5355 2117 5410 conli-

537 5476 674 5519 tetttr
705 5463 910 5522 dicens,
973 5459 1191 5526 Quando
1217 5457 1346 5511 enim
1376 5455 1627 5522 inﬁrmor,
1661 5462 1777 5504 tunc
1803 5459 1980 5519 potens
2006 5462 2118 5500 sum

539 5557 617 5623 (2.
649 5555 768 5611 Cor.
810 5553 898 5607 19.
931 5551 1039 5621 10).
1079 5550 1364 5618 PrOpterea
1407 5546 1617 5599 dicebat
1655 5543 1838 5604 etiam,
1873 5539 1977 5593 Sed
2005 5553 2120 5591 ver—

543 5650 658 5702 bum
691 5645 784 5700 Dei
810 5659 910 5698 non
936 5652 1008 5696 est
1047 5641 1312 5712 alligatum
1345 5635 1422 5706 (9..
1452 5634 1588 5689 Tim.
1616 5632 1672 5686 2.
1705 5629 1784 5703 9).
1814 5628 1868 5683 In
1901 5627 2125 5683 vinculis

548 5745 667 5794 erat
700 5750 824 5791 cum
853 5732 1107 5789 maleﬁcis
1146 5745 1210 5785 ac
1244 5727 1542 5791 sceleratis,
1579 5739 1700 5781 cum
1731 5719 1974 5792 captivis,
2000 5732 2124 5775 cum

2192 4242 2299 4313 puli
2326 4255 2447 4296 eum
2477 4237 2668 4292 Paulus
2695 4241 2838 4288 esset
2863 4231 3087 4292 solutus,
3111 4237 3269 4294 quam
3297 4233 3417 4273 cuiu
3442 4215 3671 4268 vinctus.
3703 4208 3772 4264 Ut

2193 4331 2551 4391 abundantius,
2575 4327 2766 4395 inquit,
2797 4326 3014 4376 audeant
3042 4321 3147 4371 sine
3176 4316 3354 4368 timore
3377 4321 3655 4364 sermonem
3678 4301 3773 4356 Dei

2197 4423 2334 4493 loqui
2364 4422 2383 4492 (
2408 4417 2520 4474 Col.
2553 4421 2603 4472 1.
2636 4416 2702 4470 id
2730 4419 2767 4484 ).
2805 4413 2901 4469 Ubi
2931 4418 3055 4466 sunt
3079 4408 3166 4478 qui
3197 4405 3382 4460 diciint
3406 4399 3641 4454 divinam
3670 4407 3779 4493 non

2175 4525 2319 4572 'essc
2343 4508 2816 4584 praedicationem?
2855 4504 3058 4560 ruditas
3081 4510 3134 4555 et
3164 4495 3426 4565 imperitia
3474 4503 3579 4544 non
3632 4482 3781 4540 sulti-

2201 4581 2376 4666 ciebait
2401 4606 2466 4661 ad
2493 4601 2832 4659 efﬁciendum
2859 4607 2918 4652 ut
2946 4596 3045 4666 ipsi
3073 4581 3596 4648 condemnarentur?
3623 4593 3784 4649 opor-

2204 4704 2349 4758 tebat
2388 4714 2516 4769 ergo
2543 4711 2635 4751 eos
2663 4694 2748 4747 hic
2777 4705 2990 4762 quoque
3033 4682 3273 4741 terrere?
3319 4679 3479 4736 Scitis
3522 4674 3665 4729 enim
3703 4670 3791 4723 his

2205 4796 2414 4853 duobus
2439 4789 2604 4846 animi
2637 4787 2835 4842 morbis
2865 4783 3034 4838 teneri
3063 4778 3475 4834 multitudinem,
3505 4768 3646 4824 inani
3667 4765 3786 4836 glo-

2207 4889 2287 4943 ria
2315 4895 2370 4941 et
2395 4883 2586 4953 ahjecti
2613 4879 2778 4934 animi
2806 4877 2955 4930 vitio.
3004 4869 3228 4926 Rudilas
3270 4875 3325 4921 et
3369 4860 3634 4931 imperitia
3683 4870 3793 4910 non

2213 4979 2422 5035 sinebat
2449 4947 2543 5031 eos
2572 4969 2802 5028 sufluiidi
2844 4965 3081 5037 pudore;
3125 4957 3356 5032 pericula
3401 4954 3482 5008 eis
3530 4947 3796 5004 debebant

2216 5071 2435 5139 injicere
2489 5067 2754 5120 timorem.
2810 5061 2877 5112 At
2925 5055 3223 5113 faciebant,
3280 5045 3484 5117 inquit,
3517 5038 3795 5096 miracula.

2217 5160 2444 5216 Creditis
2470 5175 2597 5227 ergo
2623 5171 2717 5212 eos
2749 5153 2938 5208 fecisse
2967 5145 3241 5204 miracula.
3274 5144 3342 5196 At
3363 5155 3468 5194 non
3500 5133 3803 5191 iaciebant?

2221 5251 2331 5309 Hoc
2362 5261 2440 5304 cst
2469 5249 2640 5319 majus
2667 5245 2975 5300 miraculum
3007 5252 3161 5309 quam
3209 5234 3384 5288 facere
3407 5273 3422 5298 ,
3468 5230 3514 5285 si
3565 5227 3797 5282 adduce-

2223 5347 2416 5401 bantur
2445 5341 2688 5394 homines
2713 5337 2912 5403 absque
2942 5329 3228 5385 miraculis.

2298 5433 2376 5488 De
2407 5428 2935 5488 Socrate.-—Vinctus
2961 5424 3121 5477 etiam
3151 5419 3249 5472 fuit
3274 5415 3413 5478 apud
3443 5412 3660 5468 Cra-eos
3703 5407 3809 5462 So-

2229 5537 2402 5582 crates
2434 5542 2446 5576 :
2477 5521 2601 5591 quid
2641 5518 2810 5588 ergo?
2855 5530 3034 5570 annon
3060 5511 3237 5566 statim
3269 5507 3534 5577 Megaram
3567 5502 3807 5570 fugerunt

2233 5617 2524 5686 discipuli?
2555 5613 2784 5669 Maxime
2813 5628 2827 5664 :
2856 5623 2960 5662 ηοω
2990 5606 3132 5661 enim
3159 5602 3492 5658 admiserunt
3523 5605 3642 5664 Quae
3667 5592 3814 5648 dice-

2238 5685 2433 5771 bantur
2459 5710 2526 5766 de
2553 5703 2972 5766 immortalitate.
3005 5698 3110 5754 Sed
3153 5696 3240 5754 hic
3285 5685 3406 5750 vide
3435 5707 3451 5745 :
3487 5690 3698 5744 vinctus
3732 5690 3816 5738 est
