4064 6210
287 229 386 287 δη

295 343 525 410 Paulus,
551 354 610 399 et
633 343 803 414 magis
844 342 1189 398 conﬁdebant
1229 337 1473 406 discipuli
1500 355 1512 390 :
1538 343 1592 388 et
1632 333 1861 388 merito:

294 437 547 492 videbant
583 438 730 492 etaim
780 453 886 491 non
933 433 1179 506 impediri
1232 430 1683 501 praedicationem.
1730 425 1868 480 Num

297 539 449 598 potes
473 528 734 598 impedire
760 527 1032 597 linguam?
1060 540 1154 593 per
1178 538 1300 578 eam
1327 521 1495 576 currit
1524 519 1774 574 maxime.
1803 517 1873 572 Ut

297 621 440 675 enim
466 636 774 685 cursorem,
803 619 902 673 nisi
945 616 1106 687 pedes
1152 614 1394 669 vinxeris
1422 654 1438 676 ,
1482 628 1511 665 a
1564 625 1722 664 cursu
1768 624 1871 662 non

298 710 636 779 prohibueris
667 726 680 762 :
712 711 783 764 ita
808 709 971 762 etiam
999 706 1341 776 evangelista:
1390 703 1492 757 nisi
1537 702 1766 770 linguam
1813 699 1875 752 li-

295 800 464 867 garis,
499 814 602 852 non
629 798 964 866 prohibueris
992 796 1274 864 quominus
1304 796 1348 848 is
1375 800 1574 848 currat.
1607 790 1710 846 Sed
1739 791 1878 845 sicut

300 890 392 945 ille
418 890 462 943 si
491 890 699 943 lumbos
725 889 928 958 ligaris,
965 889 1131 955 magis
1175 886 1343 940 currit
1387 895 1442 939 et
1491 893 1731 952 portatur
1760 897 1772 933 :
1806 882 1876 934 ita

304 979 388 1033 hic
415 993 640 1047 quoque,
674 981 880 1033 vinctus
906 981 1075 1048 magis
1117 979 1402 1048 prmdicat,
1454 976 1777 1044 liberiusque
1823 981 1876 1028 et

295 1068 674 1125 conﬁdentius.
700 1071 1007 1124 Extimescit
1029 1069 1256 1134 vinctus,
1281 1067 1493 1136 quando
1520 1066 1691 1119 solum
1720 1064 1878 1118 fuerit

301 1161 567 1216 vinculum
601 1179 613 1214 :
645 1162 732 1230 qui
786 1168 961 1215 autem
1018 1171 1243 1214 mortem
1297 1157 1558 1224 despicit,
1609 1151 1877 1223 quomodo

302 1255 464 1309 fuerit
487 1255 712 1323 ligatus?
741 1253 962 1309 Perinde
987 1252 1252 1307 faciebant
1277 1261 1436 1320 atque
1477 1251 1520 1304 si
1567 1250 1709 1303 Pauli
1757 1263 1875 1301 utn-

304 1346 454 1401 bram
485 1347 818 1411 vinxissent,
848 1353 904 1400 et
929 1360 992 1398 os
1019 1345 1133 1413 ejus
1154 1343 1512 1398 obturassent.
1563 1341 1691 1394 Erat
1734 1342 1876 1394 enim

305 1451 476 1504 pugna
506 1435 804 1490 umbratilis
839 1451 852 1487 :
884 1449 1004 1488 nam
1033 1443 1086 1488 et
1111 1433 1222 1488 suis
1251 1433 1437 1501 magis‘
1461 1440 1574 1486 erat
1608 1429 1884 1484 desidera-

304 1527 458 1587 bilis.
486 1537 542 1581 et
571 1525 800 1580 inimicis
845 1525 1012 1596 magis
1056 1523 1415 1585 reverendus;
1463 1530 1522 1575 ut
1567 1521 1655 1589 qui
1703 1519 1878 1587 magni

305 1629 360 1672 et
389 1617 537 1672 fortis
563 1616 724 1670 animi
745 1615 905 1668 ferret
929 1616 1162 1683 przcmia,
1197 1628 1388 1681 nempe
1415 1611 1642 1666 vincula.
1671 1610 1880 1664 Corona

305 1716 462 1762 ornat
490 1717 667 1775 caput,
700 1720 804 1760 non
833 1704 1032 1774 pudore
1060 1703 1242 1769 allicit,
1269 1701 1360 1757 sed
1383 1703 1544 1757 etiam
1572 1701 1881 1770 praeclarum

306 1797 491 1852 elllcit.
526 1795 676 1850 Inviti
705 1811 824 1850 eum
847 1794 1180 1850 coronabant
1203 1802 1407 1848 eatena.
1439 1791 1687 1853 Nam,dic
1716 1789 1882 1855 mihi,

307 1897 560 1958 possetne
585 1886 780 1941 ferrum
811 1885 1094 1940 formidare
1118 1885 1207 1955 qui
1248 1883 1476 1938 audebat
1516 1882 1885 1936 adamantiuas

309 1978 558 2047 frangere
603 1977 790 2031 mortis
825 1976 1046 2046 portas?

391 2067 609 2122 Vincula
642 2066 794 2120 Pauli
820 2082 972 2133 quam
1011 2065 1250 2134 pretiosa.
1273 2061 1681 2128 -—-Veniamus,
1731 2079 1765 2118 0
1807 2061 1889 2117 di-

312 2158 460 2228 lecti,
489 2157 554 2212 ad
587 2157 920 2211 vinculorum
951 2155 1139 2209 borum
1171 2155 1343 2209 zelum
1371 2164 1426 2208 et
1470 2155 1883 2210 aemulationem.

311 2250 672 2318 Qutecumque
702 2247 950 2302 mulieres
977 2263 1134 2300 aurea
1168 2247 1412 2301 induistis
1440 2247 1658 2301 monilia
1686 2288 1702 2313 ,
1740 2247 1889 2302 Pauli

313 2340 620 2396 desiderate
653 2339 882 2394 vincula.
911 2338 1024 2392 Non
1055 2340 1132 2394 sic
1158 2340 1308 2394 vobis
1341 2341 1482 2395 circa
1509 2341 1706 2394 collum
1728 2340 1892 2410 fulget

313 2430 533 2488 collare.
553 2439 605 2482 ut
635 2428 689 2483 in
705 2428 821 2498 ejus
847 2430 1021 2483 anima
1049 2429 1278 2500 fulgebat
1295 2441 1664 2486 ornamentum
1686 2431 1890 2486 ferreo-

314 2536 430 2574 rum
459 2520 807 2574 vinculorum.
838 2520 892 2576 Si
923 2522 1180 2591 quispiam
1206 2523 1293 2576 illa
1320 2523 1603 2586 desiderat,
1630 2524 1744 2578 haec
1767 2525 1893 2589 odio

315 2609 530 2665 habeat.
559 2609 695 2677 Quid
722 2612 862 2666 enim
890 2621 972 2668 est
999 2628 1282 2669 commune
1318 2614 1540 2686 ignaviae
1565 2632 1685 2671 cum
1716 2619 1890 2686 magni

315 2702 476 2757 animi
507 2702 719 2772 virtute,
745 2706 986 2775 corporis
1023 2718 1338 2762 ornamento
1369 2723 1490 2762 cum
1526 2706 1892 2780 phil050phia?

319 2792 410 2848 Illa
432 2795 640 2850 vincula
668 2808 984 2852 reverentur
1008 2799 1182 2868 angeli
1209 2815 1224 2864 ;
1256 2798 1370 2853 haec
1397 2814 1524 2854 vero
1548 2801 1705 2854 etiam
1756 2801 1893 2854 ludi-

321 2886 548 2940 licantur
575 2905 590 2942 :
622 2886 708 2941 illa
763 2888 974 2942 vincula
1019 2889 1196 2943 solent
1243 2904 1272 2942 a
1303 2898 1442 2943 terra
1471 2889 1539 2944 ad
1567 2891 1753 2944 caelum
1787 2891 1892 2945 tol-

319 2976 466 3040 lere;
497 2975 612 3031 inec
630 2975 836 3031 vincula
855 2992 884 3029 a
911 2978 1045 3031 caelo
1059 2977 1329 3032 deducunt
1348 2978 1414 3032 ad
1443 2987 1658 3034 terram.
1685 2979 1890 3034 Revera

316 3067 459 3120 enim
488 3067 602 3121 lucc
629 3075 754 3122 sunt
783 3067 991 3121 vincula
1016 3107 1033 3133 ,
1061 3082 1168 3122 non
1204 3067 1291 3140 illa
1321 3084 1335 3121 :
1363 3069 1448 3122 illa
1495 3081 1889 3136 ornamentum,

320 3159 436 3214 haec
460 3159 665 3214 vincula
696 3177 709 3213 :
741 3159 858 3214 hinc
883 3175 1002 3214 cum
1035 3175 1261 3229 corpore
1289 3161 1521 3216 animam
1552 3176 1767 3234 quoque
1789 3178 1889 3234 op-

321 3254 586 3320 primunt:
617 3252 704 3306 illa
727 3267 846 3306 cum
869 3267 1097 3324 corpore
1121 3262 1314 3308 ornant
1339 3254 1498 3308 etiam
1518 3255 1770 3310 animam.
1801 3256 1893 3311 Vis

320 3344 460 3398 scire
489 3343 631 3412 quod
663 3343 754 3398 illa
801 3345 907 3398 sint
959 3346 1370 3400 ornamentum?
1419 3347 1512 3401 Dic
1553 3348 1682 3402 mihi
1710 3390 1726 3414 ,
1777 3349 1896 3418 quis

321 3435 490 3503 magis
518 3443 847 3504 spectatores
876 3437 1128 3500 attraxit,
1163 3447 1236 3502 tu,
1285 3453 1352 3491 an
1395 3437 1624 3494 Paulus?
1668 3438 1796 3510 quid
1847 3449 1897 3493 te

320 3524 479 3579 dico?
508 3524 620 3595 ipsa
649 3524 960 3596 lmperatrix
991 3537 1099 3581 tota
1126 3542 1257 3582 auro
1281 3529 1603 3606 circumdata
1623 3571 1639 3596 ,
1684 3544 1779 3586 eos
1804 3531 1896 3601 qui

321 3617 504 3673 vident
526 3633 632 3673 non
662 3620 828 3689 magis
854 3621 1130 3675 attraxerit
1155 3637 1170 3673 :
1199 3621 1293 3674 sed
1315 3622 1358 3674 si
1385 3622 1666 3692 contigerit
1689 3632 1744 3678 et
1764 3623 1901 3678 Putt-

319 3710 434 3765 lum
461 3725 527 3764 eo
553 3719 796 3780 tempore
841 3711 1112 3774 vinctum,
1159 3720 1213 3765 et
1257 3709 1649 3780 hnperatricem
1695 3715 1899 3784 ingredi

321 3799 626 3862 ecclesiam,
657 3815 842 3853 omnes
872 3801 938 3854 ab
966 3800 1053 3854 illa
1082 3803 1135 3854 in
1179 3815 1301 3855 eum
1353 3812 1728 3858 converterent
1771 3820 1900 3858 ocu-

328 3888 409 3944 los
439 3907 452 3942 :
480 3898 534 3942 et
562 3887 775 3942 merito.
815 3888 1004 3944 Videre
1032 3890 1174 3944 enim
1207 3891 1476 3946 hominem
1524 3893 1753 3949 humana
1800 3911 1899 3950 ua-

324 3990 442 4034 tura
463 3979 814 4048 superiorem,
843 3989 898 4034 et
924 3981 1012 4050 qui
1043 3982 1174 4035 nihil
1209 3981 1368 4037 habet
1400 3982 1666 4052 hominis,
1695 3987 1788 4042 sed
1816 3997 1901 4043 est

325 4071 543 4140 angelus
564 4069 618 4124 iu
651 4077 814 4137 terra,
840 4081 922 4125 est
949 4073 1313 4128 admirabilius
1361 4090 1522 4145 quam
1570 4077 1757 4134 videre
1804 4093 1898 4134 or-

326 4172 504 4216 natam
533 4161 830 4216 mulierem.
858 4162 989 4219 Nam
1018 4165 1132 4220 haec
1159 4165 1373 4236 quidem
1400 4167 1524 4223 licet
1549 4168 1732 4224 videre
1758 4179 1810 4224 et
1845 4172 1898 4226 in

325 4255 665 4326 spectaculis,
697 4267 752 4311 et
781 4256 834 4311 in
867 4259 1094 4327 pompis,
1126 4268 1180 4313 et
1208 4263 1257 4314 in
1287 4260 1514 4327 balneis,
1542 4272 1599 4316 et
1619 4262 1800 4318 multis
1845 4263 1898 4319 in

325 4350 459 4404 locis
485 4357 539 4404 et
568 4349 764 4420 ubique
789 4367 802 4404 :
830 4350 1098 4406 hominem
1125 4361 1304 4408 autem
1353 4353 1738 4409 circumdatum
1785 4359 1904 4411 viu-

324 4443 482 4508 culis,
508 4450 564 4496 et
591 4444 984 4497 existimantem
1013 4459 1071 4498 se
1090 4445 1374 4499 maximum
1397 4445 1598 4502 habere
1617 4462 1903 4504 ornamen-

326 4544 458 4596 tum,
491 4544 543 4587 et
569 4534 792 4589 vinculis
824 4551 927 4588 non
953 4535 1228 4591 cedentem
1255 4577 1269 4602 ,
1315 4536 1428 4592 fieri
1477 4553 1584 4592 non
1630 4549 1805 4607 potest
1845 4549 1902 4595 ut

324 4623 416 4694 qui
446 4624 637 4688 cernit,
669 4633 940 4679 terrenum
981 4626 1205 4695 aspiciat
1231 4627 1615 4695 spectaculum,
1647 4629 1741 4682 sed
1772 4630 1899 4684 illud

317 4713 470 4767 caelis
496 4712 733 4782 dignum.
762 4713 864 4781 Qui
891 4726 971 4769 est
999 4715 1083 4769 his
1107 4716 1467 4770 circumdatus
1506 4718 1715 4773 animus
1739 4761 1754 4785 ,
1797 4720 1902 4774 cir-

326 4803 606 4872 cumspicit
635 4805 754 4872 quis
801 4806 1009 4868 videat,
1058 4807 1176 4872 quis
1227 4822 1333 4861 nou
1377 4807 1596 4862 videat:
1628 4819 1704 4862 est
1763 4807 1902 4863 fastu

330 4893 540 4964 plenus,
571 4896 714 4948 curis
737 4904 946 4950 tenetur
973 4905 1026 4950 et
1052 4897 1498 4952 sollicitudinibus
1521 4941 1536 4962 ,
1569 4899 1776 4953 vinctus
1821 4909 1904 4955 est

323 4985 449 5039 aliis
478 4985 954 5040 innumerabilibus
975 4988 1137 5040 animi
1165 4986 1439 5042 affectibus
1467 4991 1590 5058 :qui
1620 5000 1704 5044 est
1725 5000 1898 5044 autem

328 5077 433 5131 illis
450 5077 827 5141 circumdatus,
858 5088 940 5133 est
961 5092 1181 5150 exspers
1204 5079 1387 5141 fastus,
1416 5081 1646 5134 exsuliat
1672 5082 1898 5146 animus,

340 5169 399 5216 et
449 5161 589 5215 liber
635 5171 718 5216 est
765 5163 833 5217 ab
881 5167 1029 5218 omni
1071 5166 1461 5231 sollicitudine,
1512 5171 1670 5226 laetus
1716 5175 1909 5229 caelum

335 5251 587 5321 suspicit.
636 5253 691 5308 Si
742 5255 868 5324 quis
914 5256 1048 5309 mihi
1089 5256 1246 5311 daret
1288 5259 1590 5326 optionem,
1619 5264 1909 5320 mallemne

332 5341 526 5398 vndcre
567 5342 793 5399 Paulum
823 5362 853 5401 e
885 5347 1019 5400 caan
1051 5358 1398 5403 exserentem
1423 5363 1606 5420 caput,
1637 5364 1692 5407 et
1717 5370 1905 5412 vocem

331 5433 698 5498 emittentem,
741 5451 808 5490 an
847 5453 912 5491 ex
943 5454 1201 5506 carcere;
1232 5441 1449 5496 mallem
1480 5458 1546 5497 ex
1582 5459 1802 5501 carcere
1835 5462 1905 5502 :e

330 5523 464 5576 caelo
492 5526 638 5579 enim
685 5525 751 5580 ad
800 5527 978 5597 ipsum
1027 5531 1278 5597 veniunt,
1308 5549 1433 5587 cum
1466 5535 1536 5589 sit
1575 5536 1630 5589 in
1661 5552 1900 5594 carcere.

329 5608 618 5684 Colligatio
643 5616 1049 5686 praedicationis
1080 5633 1209 5677 sunt
1243 5625 1457 5680 vincula
1483 5625 1634 5681 Pauli
1667 5645 1680 5681 :
1711 5628 1905 5687 funda-

1008 227 1069 284 S.
1108 221 1384 282 JOANNIS
1418 209 1894 276 CHRYSOSTOMI
1931 211 2244 272 ARGHIEP.
2285 214 2831 272 CONSTANTINOP.

3450 215 3556 272 579.

1979 337 2224 381 mentum
2267 337 2352 382 est
2396 328 2484 381 illa
2514 338 2725 383 catena.
2767 327 2993 382 Viuuila
3039 328 3129 382 illa
3155 327 3548 382 desideremus.

2047 419 2101 472 5.
2129 418 2198 471 Et
2223 419 2511 487 quomodo,
2546 419 2734 488 inquit,
2762 419 2871 475 fieri
2906 422 3115 490 potest?
3144 423 3199 478 Si
3223 425 3335 480 hrec
3353 425 3553 480 contri~

1976 509 2211 562 verimus
2236 519 2290 564 et
2317 494 2748 578 perfregerimus.
2782 511 2968 567 Nullus
3013 529 3140 568 usus
3163 555 3178 575 .
3233 515 3326 570 sed
3375 517 3551 584 potius

1978 598 2228 652 damnum
2255 609 2333 652 est
2357 599 2507 654 nobis
2533 615 2600 653 ex
2627 600 2708 653 his
2731 601 2972 656 vinculis.
3016 602 3139 657 llaec
3178 619 3277 658 nos
3318 605 3425 659 illic
3462 621 3553 660 os-

1981 688 2199 742 tendent
2248 690 2486 755 vinctos;
2532 690 2678 744 Pauli
2723 701 2901 745 autem
2956 693 3162 747 vincula
3207 695 3295 748 illa
3348 696 3556 750 solvent

1983 779 2186 832 vincula
2218 797 2231 832 :
2265 795 2381 848 quae
2405 789 2488 834 est
2519 780 2600 833 his
2631 781 2715 835 hic
2744 783 2918 836 vincta
2939 822 2956 848 ,
3008 783 3397 839 immortalibus
3445 787 3556 842 Illic

1981 870 2204 923 vinculis
2234 872 2435 925 vinctas
2459 871 2674 928 habebit
2702 889 2890 928 manus
2918 885 2971 928 et
3015 876 3209 944 pedes;
3247 893 3365 945 qua:
3407 878 3555 933 Pauli

1983 962 2159 1016 vincta
2190 961 2347 1016 fuerit
2369 959 2629 1026 vinculis,
2674 964 2891 1020 habebit
2911 966 3073 1020 veluti
3103 976 3474 1022 ornamentum
3506 969 3555 1023 ei

1985 1060 2108 1106 tunc
2134 1053 2541 1129 circumdatum.
2574 1053 2733 1109 Solve
2781 1064 2835 1108 et
2876 1057 3099 1124 teipsam
3151 1073 3180 1110 a
3225 1059 3462 1124 vinculo,
3505 1069 3559 1113 et

1985 1158 2268 1213 pauperem
2300 1159 2328 1196 a
2382 1144 2540 1200 fame.
2571 1145 2680 1200 Cur
2719 1158 3054 1214 peccatorum
3095 1158 3312 1203 catenas
3356 1165 3558 1205 conne-

1983 1236 2083 1290 ctis
2101 1235 2125 1287 ?
2143 1236 2458 1302 Quomodo?
2485 1239 2668 1307 inquit.
2684 1238 2906 1305 Quando
2924 1248 2976 1294 tu
2996 1255 3181 1294 aurum
3205 1250 3404 1310 gestas,
3422 1243 3560 1298 alius

1983 1336 2158 1380 autem
2191 1327 2365 1397 perit;
2395 1329 2606 1397 quando
2627 1338 2680 1382 tu
2703 1328 2915 1398 quidem
2943 1340 3001 1383 ut
3019 1331 3228 1386 inanem
3253 1337 3558 1402 assequaris

1985 1417 2233 1486 gloriam,
2262 1429 2464 1473 tantum
2497 1420 2611 1474 auri
2643 1421 2862 1490 accipis.
2892 1421 3030 1476 alius
3058 1433 3237 1476 autem
3269 1438 3374 1478 non
3404 1424 3562 1479 habet

1987 1510 2127 1577 quod
2145 1511 2287 1576 edat,
2304 1525 2479 1564 annon
2502 1521 2712 1580 peccata
2737 1513 3051 1567 connectis?
3080 1513 3241 1568 indue
3267 1514 3558 1579 Christum,

1988 1610 2044 1654 et
2100 1615 2203 1654 non
2262 1616 2496 1655 aurum:
2543 1602 2629 1656 ubi
2681 1613 2765 1657 est
2810 1619 3094 1669 mamona,
3143 1604 3250 1659 illic
3317 1621 3422 1660 non
3481 1617 3562 1661 est

1987 1690 2278 1744 Christus:
2311 1681 2400 1744 ubi
2445 1703 2526 1746 est
2548 1691 2823 1759 Christus,
2853 1693 2961 1747 illic
3014 1710 3116 1749 non
3164 1705 3248 1749 est
3292 1711 3560 1751 mamona.

1989 1780 2107 1835 Non
2150 1783 2228 1835 vis
2269 1783 2410 1836 indui
2455 1784 2569 1853 ipso
2604 1783 2750 1853 Rege
2778 1786 3186 1840 universorum?
3215 1788 3271 1843 Si
3299 1789 3560 1859 quispiam

1992 1874 2084 1928 tibi
2108 1875 2260 1929 daret
2283 1891 2569 1944 purpuram
2599 1886 2653 1932 et
2678 1877 2925 1933 diadema
2947 1920 2961 1944 ,
3006 1896 3109 1934 non
3133 1880 3185 1934 id
3217 1882 3388 1950 potius
3423 1882 3566 1935 acci-

1995 1983 2148 2036 peres
2172 1985 2328 2038 quam
2355 1970 2577 2037 quodvis
2606 1973 2833 2025 aurum?
2860 1971 2970 2041 Ego
2995 1973 3085 2026 tibi
3111 1988 3233 2036 non
3278 1989 3565 2028 ornamen-

1993 2068 2105 2115 tum
2137 2062 2337 2130 regium
2367 2060 2459 2124 do,
2492 2062 2584 2116 sed
2616 2063 2788 2132 ipsum
2831 2064 3030 2133 Regem
3077 2065 3290 2134 praebeo
3323 2064 3414 2118 tibi
3459 2081 3566 2133 quo

1995 2151 2250 2206 induaris.
2282 2154 2347 2206 Et
2371 2155 2657 2223 quomodo,
2700 2156 2888 2225 inquit,
2920 2155 3131 2211 Christo
3154 2157 3398 2211 induetur
3423 2157 3571 2225 quis-

1995 2245 2175 2314 piam?
2201 2245 2340 2300 Audi
2375 2246 2594 2300 Paulum
2623 2248 2888 2302 dicentem
2919 2263 2932 2301 :
2963 2250 3273 2319 Quicumque
3295 2250 3348 2302 in
3368 2249 3567 2303 Clu-isto

1992 2335 2233 2405 baptizati
2261 2337 2377 2390 estis
2397 2378 2410 2400 ,
2440 2337 2696 2393 Christum
2719 2339 2953 2395 induisti:
2997 2347 3014 2412 (
3039 2341 3154 2395 Gal.
3183 2343 3234 2396 ‘5.
3259 2341 3326 2396 27
3352 2343 3369 2411 )
3397 2358 3410 2393 :
3439 2342 3561 2396 audi

2005 2426 2354 2494 aposwlicam
2379 2427 2797 2484 admonitionem
2833 2448 2846 2483 :
2878 2430 3056 2485 Carnis
3079 2472 3095 2496 ,
3130 2433 3295 2501 inquit
3324 2473 3338 2495 ,
3392 2449 3570 2485 curant

1996 2532 2058 2569 ne
2085 2519 2299 2587 feceritis
2323 2519 2390 2572 ad
2441 2522 2891 2590 concupiscentiam
2944 2521 3136 2592 (Rom.
3189 2525 3274 2579 15.
3321 2524 3440 2592 li).
3481 2524 3571 2578 Sic

1996 2610 2258 2678 quispiam
2289 2611 2502 2665 Christo
2530 2611 2788 2676 induitur,
2812 2614 2854 2666 si
2879 2615 3056 2667 carnis
3078 2629 3258 2667 curam
3285 2631 3387 2666 non
3420 2625 3572 2684 gerat

1995 2699 2060 2754 ad
2086 2701 2592 2770 concupiscentiam.
2625 2702 2679 2757 Si
2706 2701 2922 2758 Christo
2945 2704 3212 2768 induaris,
3238 2704 3335 2772 ipsi
3378 2713 3429 2759 te
3465 2705 3573 2758 for-

1997 2792 2273 2846 midahunt
2302 2796 2574 2848 dzemones
2599 2811 2612 2858 ;
2643 2795 2724 2848 sin
2753 2805 2928 2848 autem
2954 2810 3104 2859 auro,
3133 2797 3293 2849 etiam
3327 2796 3572 2851 homines

1999 2882 2294 2939 irridebunt
2323 2901 2338 2940 :
2369 2886 2412 2939 si
2446 2885 2658 2941 Christo
2685 2886 2938 2953 iuduaris,
2971 2889 3130 2942 etiam
3173 2897 3224 2943 te
3252 2887 3574 2942 reverebun-

1997 2983 2085 3029 tur
2112 2973 2374 3031 homines.

2070 3065 2254 3121 Contra
2275 3068 2482 3121 nimium
2509 3069 2775 3123 mulierum
2795 3078 3134 3124 ornatum.—
3159 3070 3246 3124 \‘is
3272 3070 3434 3124 videri
3461 3071 3575 3139 pul-

1998 3157 2126 3213 chra
2154 3169 2208 3212 et
2233 3157 2426 3212 decora
2448 3157 2472 3209 ?
2495 3159 2584 3214 tibi
2615 3160 2840 3215 sufficiat
2865 3159 3110 3214 formatio
3131 3159 3415 3215 Creatoris.
3436 3162 3574 3229 Quid

1999 3265 2159 3305 aurea
2207 3250 2413 3305 inducis
2451 3262 2800 3318 ornamenta,
2844 3264 3112 3321 tamquam
3158 3254 3208 3307 id
3249 3255 3389 3324 quod
3434 3254 3576 3309 Deus

2001 3342 2210 3399 ellinxit
2234 3344 2581 3398 correctura?
2606 3343 2696 3399 Vis
2726 3344 2898 3398 videri
2919 3345 3156 3400 decora?
3185 3346 3406 3401 induere
3437 3346 3576 3400 clee-

2002 3451 2247 3505 mosyua,
2282 3435 2506 3490 induere
2536 3435 2895 3506 benignitate,
2948 3435 3168 3492 induere
3217 3436 3472 3491 modestia
3521 3447 3578 3490 et

2005 3527 2374 3597 temperantia,
2392 3537 2446 3582 et
2463 3541 2493 3580 a
2517 3535 2568 3581 te
2588 3526 2725 3581 absit
2746 3526 2932 3582 fastus.
2957 3526 3082 3582 [huc
3101 3529 3278 3582 omnia
3303 3538 3427 3582 sunt
3447 3543 3576 3582 auro

2003 3619 2316 3689 pretiosiora
2344 3636 2356 3672 :
2393 3618 2504 3672 hzec
2524 3618 2681 3672 etiam
2707 3619 3002 3687 speciosam
3034 3619 3264 3673 reddunt
3293 3619 3459 3688 magis
3479 3618 3577 3672 de-

2004 3723 2184 3764 coram
2212 3711 2359 3763 :hzcc
2384 3709 2543 3764 etiam
2569 3726 2670 3763 non
2702 3709 2990 3766 formosam
3014 3709 3249 3765 efficiunt
3271 3710 3576 3766 formosam.

2004 3798 2228 3865 Quando
2248 3799 2388 3854 enim
2417 3801 2535 3869 quis
2560 3815 2682 3854 cum
2711 3800 3079 3854 benevolentia
3111 3801 3450 3870 conjunctam
3496 3803 3578 3854 vi-

2004 3890 2142 3944 derit
2165 3889 2408 3956 formam,
2433 3907 2497 3946 ex
2523 3893 2744 3946 caritate
2764 3891 2866 3947 fert
2883 3894 3198 3947 sententiam
3225 3911 3238 3947 :
3267 3895 3577 3964 pravitatem

2005 3991 2207 4046 autem,
2244 3995 2309 4034 ne
2334 3981 2378 4035 si
2419 3981 2488 4034 sit
2532 3981 2744 4051 quidem
2791 3983 3044 4051 pulchra,
3095 3992 3271 4053 potest
3317 3983 3579 4053 quispiam

2006 4071 2184 4126 dicere
2226 4069 2549 4141 pulchram:
2591 4073 2856 4128 sauciatus
2895 4075 3036 4128 enim
3078 4075 3288 4129 animus
3335 4091 3440 4129 non
3490 4091 3580 4128 re-

2006 4170 2147 4217 ctam
2195 4160 2298 4216 fert
2342 4163 2682 4217 sententiam.
2729 4162 2924 4219 Ornata
2951 4165 3218 4235 quondam
3271 4165 3367 4220 fuit
3411 4165 3581 4236 Egy-

2007 4256 2134 4324 ptia,
2168 4262 2386 4308 ornatus
2407 4269 2620 4324 quoque
2650 4255 2750 4310 fuit
2789 4255 2986 4325 Joseph
3020 4276 3034 4311 :
3064 4267 3182 4311 uter
3215 4269 3330 4312 erat
3377 4259 3582 4312 formo-

2008 4347 2154 4400 sior?
2179 4362 2284 4400 non
2311 4345 2433 4400 dico
2466 4345 2679 4414 quando
2712 4347 2803 4402 illa
2834 4356 2950 4402 erat
2984 4348 3036 4402 in
3069 4349 3210 4418 regia
3233 4389 3247 4410 .
3281 4348 3366 4403 hic
3403 4358 3580 4402 autem

2010 4435 2060 4489 in
2093 4450 2327 4490 carcere.
2358 4435 2456 4490 Hic
2479 4445 2598 4490 erat
2624 4436 2796 4491 nudus
2820 4476 2834 4500 ,
2877 4437 2971 4491 sed
3001 4447 3120 4492 erat
3161 4439 3373 4494 indutus
3416 4441 3583 4493 vesti-

2011 4527 2204 4581 mentis
2252 4528 2618 4598 temperantiae
2658 4537 2713 4582 et
2738 4531 3116 4585 continentiae:
3152 4532 3237 4586 illa
3277 4542 3391 4586 erat
3431 4532 3586 4586 indu-

2009 4627 2082 4684 ta,
2111 4617 2204 4673 sed
2226 4628 2342 4674 erat
2364 4620 2501 4672 nuda
2536 4621 2779 4689 turpior;
2819 4636 2924 4676 non
2958 4621 3189 4677 habebat
3211 4623 3355 4678 enim
3384 4632 3587 4692 tempe-

2009 4712 2260 4764 rantiam.
2287 4710 2510 4777 Quando
2543 4721 2593 4764 te
2626 4714 2866 4780 impense
2890 4713 3126 4775 ornaris,
3155 4728 3188 4767 ο
3214 4713 3430 4777 mulier,
3461 4723 3587 4768 tunc

2009 4800 2152 4856 nuda
2178 4799 2312 4854 facta
2337 4816 2397 4854 es
2421 4803 2663 4872 turpior;
2695 4803 2886 4856 exuisti
2909 4803 3051 4857 enim
3079 4803 3416 4859 modeSIiam.
3457 4803 3588 4858 Erat

2011 4894 2172 4948 etiam
2204 4893 2311 4946 Eva
2339 4894 2477 4948 nuda
2499 4935 2513 4958 ,
2547 4895 2637 4948 sed
2666 4895 2883 4965 quando
2921 4893 3017 4948 fuit
3053 4896 3236 4949 induta
3257 4938 3271 4960 ,
3304 4905 3430 4950 tunc
3469 4905 3588 4949 erat

2010 4987 2216 5053 turpior
2250 5002 2262 5038 :
2297 5000 2416 5038 nam
2448 4985 2659 5054 quando
2689 4995 2806 5040 erat
2836 4985 2975 5040 nuda
3004 5027 3018 5050 ,
3067 4987 3232 5055 gloria
3277 4987 3370 5042 Dei
3412 4986 3589 5042 fuerat

2010 5085 2196 5131 ornata
2227 5094 2240 5140 ;
2275 5077 2491 5146 quando
2513 5087 2685 5130 autem
2723 5077 2893 5132 induit
2919 5087 3121 5132 vestem
3172 5078 3403 5148 peccati,
3461 5087 3590 5132 tunc

2010 5179 2123 5222 crat
2153 5169 2340 5236 turpis.
2373 5169 2438 5222 Et
2463 5178 2516 5221 tu
2544 5184 2664 5223 cum
2693 5169 2962 5223 mundano
2982 5169 3588 5233 induerisornatu,luuc

2011 5274 2235 5328 appares
2258 5260 2480 5326 turpior.
2505 5258 2635 5312 Nam
2659 5259 2798 5328 quod
2827 5259 3026 5313 nimius
3051 5269 3295 5328 smnptus
3334 5268 3388 5313 et
3431 5260 3590 5314 luxus

2012 5365 2118 5402 non
2164 5347 2390 5402 sufticiat
2425 5349 2492 5403 ad
2535 5349 2921 5404 ostendendam
2971 5350 3448 5418 pulchritudinem,
3491 5347 3588 5404 sed

2012 5438 2124 5494 fieri
2154 5441 2319 5509 possit
2347 5450 2401 5493 ut
2433 5441 2614 5513 induta
2641 5444 2815 5496 minus
2853 5443 2920 5496 sit
2963 5441 3186 5497 honesta
3215 5459 3370 5511 quam
3409 5441 3547 5496 nuda
3571 5483 3587 5505 ,

2009 5547 2108 5601 ego
2135 5531 2327 5587 dicam.
2357 5530 2413 5587 Si
2458 5533 2673 5602 quando
2718 5533 2937 5589 induisti
2987 5535 3304 5590 vestimenta
3357 5536 3588 5591 tibicinis

2014 5631 2100 5676 aut
2134 5623 2391 5692 chorauli,
2423 5639 2488 5679 au
2518 5625 2568 5680 id
2593 5641 2694 5680 non
2732 5635 2843 5680 erat
2891 5626 3236 5681 inhonestum
3273 5637 3324 5682 et
3369 5627 3585 5682 indeco-
