4072 6206
459 247 566 302 373

439 362 774 435 γῳδοῖς,τοῖς
807 361 1146 433 ὑποκριταῖς,
1190 362 1302 423 τοῖς
1346 359 1550 430 μίμοιςς
1578 361 1691 423 τοῖς
1716 359 2031 432 ὀρχησταῖς,

455 452 570 514 τοῖς
609 450 745 522 πρὸς
777 451 844 504 τὰ
882 451 1046 521 θηρία
1092 450 1420 520 μαχομένοις
1444 464 1457 476 ·
1501 450 1724 511 γυναικὶ
1773 449 1831 502 δέ
1866 452 2030 522 πιστῇ

455 537 623 607 ἔτερα
649 537 859 590 δέδοται
895 539 1085 607 ίμὰτια
1120 525 1271 606 παρά
1305 535 1398 588 τοῦ
1428 536 1587 601 Θεοῦ,
1618 536 1781 600 αὐτὸς
1812 537 1841 588 6
1876 553 2033 607 μονο-

457 624 620 694 γενὴς
663 623 756 677 τοῦ
817 625 950 677 Θεοῦ
1003 626 1153 686 Παῖς.
1190 623 1367 676 Ὅσοι
1402 625 1531 692 γὰρ,
1564 624 1748 694 φησὶν,
1784 626 1872 690 είς
1904 627 2036 691 Χρι-

457 713 610 766 στὸν
663 699 1076 777 ἐϐάπτίσθητε,
1125 711 1385 779 Χριστὸν
1442 710 1838 765 ἐνεδύσασθε.
1897 712 2035 764 Είπέ

463 819 573 871 μοι,
606 801 660 853 εί
689 802 771 862 τίς
812 818 892 853 σοι
926 800 1203 868 βασιλικὸν
1233 799 1433 852 ἔδωκεν
1466 800 1698 869 ἱμάτιον,
1730 801 1793 851 σὺ
1821 798 1878 852 δὲ
1903 799 2038 852 ἐπά-

457 908 533 942 νω
565 888 770 940 ἐκείνου
805 886 864 940 τὸ
893 885 985 939 τοῦ
1041 887 1260 948 εῖλωτος
1297 885 1537 939 λαϐοῦσα
1593 886 1871 956 περιέθου,
1926 882 2036 956 ἆρα

458 976 557 1027 οὐκ
591 973 655 1027 ἂν
683 975 818 1043 μετὰ
847 973 939 1026 τοῦ
979 975 1308 1044 ἀσχημονεῖν
1335 976 1428 1025 καὶ
1458 973 1790 1040 ἐκολάσθηςε
1827 975 1918 1025 τὸν
1942 972 2034 1025 τοῦ

457 1061 684 1131 ούρανοῦ
717 1061 990 1132 Δεσπότην
1051 1061 1146 1114 καὶ
1200 1060 1309 1113 τῶν
1363 1060 1613 1127 ἀγγέλων
1644 1059 1900 1122 ἐνεδύσω,
1945 1061 2038 1112 καὶ

458 1150 588 1218 περὶ
615 1151 712 1218 τὴν
744 1149 848 1219 γῆν
879 1149 958 1201 ἔτι
1012 1149 1262 1220 στρέφῃ;
1300 1149 1489 1202 Ταῦτά
1533 1164 1624 1218 μοι
1665 1148 1900 1218 εἴρηται,
1956 1149 2038 1201 ὃτι

461 1235 605 1306 μέγα
656 1236 754 1306 μὲν
784 1238 876 1288 καὶ
908 1236 1029 1289 καθ’
1063 1237 1224 1289 ἐαυτδ
1257 1236 1425 1289 κακδν
1465 1237 1498 1306 ὴ
1548 1236 1905 1304 φιλοκοσμία,
1936 1235 2039 1288 κᾶν

461 1322 627 1392 μηδὲν
649 1319 715 1393 ἦν
741 1325 923 1391 ἕτερον
949 1322 1196 1376 ἐντεῦθεν
1226 1323 1564 1393 τικτόμενον,
1595 1324 1709 1376 ἀλλ’
1733 1323 1862 1392 ἐξῆν
1889 1325 2040 1376 ἀκιν-

457 1405 628 1474 δύνως
658 1411 799 1480 ἔχειν
832 1411 934 1482 (είς
963 1411 1069 1480 γάρ
1095 1409 1399 1474 κενοδοξίαν
1444 1410 1654 1477 ἀλείφει
1700 1411 1795 1462 καὶ
1826 1408 2035 1480 τῦφον)-

461 1495 556 1549 νῦν
583 1497 640 1548 δὲ
664 1497 754 1550 καὶ
777 1497 940 1567 ἕτερα
957 1496 1128 1549 πολλά
1150 1497 1389 1549 τίκτεται
1411 1497 1475 1549 ἐκ
1501 1495 1595 1549 τοῦ
1621 1493 2035 1564 καλλωπισμοῦ,

463 1582 687 1652 ὑποψίαι
762 1583 1010 1652 φανεραὶ,
1063 1583 1297 1636 δαπάναι
1369 1584 1609 1653 ἄκαιροι,
1672 1582 2037 1652 βλασφημίαι,

461 1671 786 1735 πλεονεξιῶν
829 1671 1132 1734 ὑποθέσεις.
1159 1672 1224 1723 Τί
1253 1671 1361 1741 γὰρ
1389 1671 1727 1744 καλλωπίζῃ.
1762 1671 1881 1723 εἰπέ
1905 1687 1995 1740 μοι
2020 1685 2035 1734 ;

463 1755 549 1811 ἵνα
578 1758 778 1828 ἀρέσης
825 1758 902 1828 τῷ
934 1759 1124 1830 ἀνδρί;
1166 1757 1375 1812 Οὐκοῦν
1405 1759 1494 1810 ἐπὶ
1517 1758 1618 1827 τῆς
1665 1758 1841 1819 οἰκίας
1881 1755 2039 1809 τοῦτο

462 1844 626 1898 ποίει.
662 1845 922 1898 Ἐνταῦθα
969 1845 1023 1897 δὲ
1064 1845 1376 1899 τούναντίον
1411 1846 1642 1914 γίνεται.
1695 1846 1758 1898 Ei
1818 1845 1926 1914 γὰρ
1960 1842 2038 1910 τῷ

461 1933 648 2003 οἰκείῳ
681 1934 871 2003 ἀρέσαι
903 1933 1075 1995 θέλεις
1100 1934 1276 2004 ἀνδρὶ,
1304 1936 1418 1997 τοῖς
1465 1933 1646 1996 ἄλλοις
1679 1933 1751 2002 μὴ
1795 1932 1993 2002 ἄρεσκε
2021 1945 2034 1958 ·

463 2021 512 2073 εί
549 2021 606 2074 δὲ
639 2025 750 2083 τοῖς
797 2021 974 2081 ἄλλοις
1004 2022 1277 2090 ἀρέσκεις,
1313 2023 1374 2073 οὑ
1424 2022 1628 2092 δυνήσῃ
1671 2020 1925 2088 ἀρέσκειν
1957 2018 2034 2087 τῷ

459 2107 666 2178 οἰκείῳ.
707 2109 868 2160 Ὥστε
901 2109 1077 2161 πάντα
1111 2107 1464 2161 ἀποτίθεσθαι
1514 2108 1606 2160 τὸν
1662 2109 1866 2176 κόσμον
1926 2105 2033 2156 ἔδει

1146 247 1206 303 S.
1247 246 1532 303 JOANNIS
1568 247 2061 304 CHRYSOSTOMI
2101 251 2421 311 ARCHIEP.
2463 255 3013 313 CONSTANTINOP.

3617 263 3720 318 ’ὅτι

2138 367 2222 428 εἰς
2255 366 2463 436 ἀγορὰν
2497 365 2894 436 ἐμϐάλλουσαν,
2943 373 3023 434 είς
3068 369 3367 441 ἐκκλησίαν
3396 372 3718 440 προϊοῦσαν.

2139 451 2350 515 ’Λλλως
2374 453 2453 516 δὲ,
2489 454 2563 523 μὴ
2591 455 2699 506 ἀπὸ
2729 456 2934 509 τούτων
2964 457 3167 529 ἄρεσκε
3197 458 3275 528 τῷ
3306 459 3483 531 ἀνδρὶ,
3520 461 3618 529 ἀφ’
3646 456 3720 515 ὧν

2137 541 2231 592 καὶ
2264 542 2322 593 αἱ
2357 541 2573 610 πόρναι,
2607 543 2722 594 ἀλλ’
2767 544 2878 596 ἀπὸ
2926 545 3118 598 τούτου
3172 547 3394 617 μᾶλλον,
3430 547 3583 622 μοι]
3629 551 3720 618 ἀφ’

2118 621 2197 680 οὗ
2232 629 2290 680 αἱ
2323 631 2580 696 γυναῖκες
2630 631 2686 682 αἱ
2740 631 3044 702 ἐλεύθεραι.
3087 633 3205 686 Τίνι
3260 634 3392 708 γάρ,
3447 637 3570 689 εἰπέ
3607 655 3718 706 μο.,

2135 715 2388 786 διέστηκε
2418 717 2554 787 γυνὴ
2587 717 2830 788 πόρνηςς
2875 720 2997 774 Ὅτι
3031 723 3064 791 ἡ
3103 722 3201 792 μὲν
3234 723 3370 794 πρὸς
3397 722 3541 797 ἓν[α]
3563 726 3722 795 μόνον

2136 804 2259 874 ὁρᾷ,
2284 804 2432 866 ὅπως
2484 803 2562 873 τῷ
2598 803 2784 858 κάλλει
2813 807 2905 859 τοῦ
2935 807 3189 878 σώματος
3219 809 3590 882 ἐφελκύσηται
3629 814 3724 864 τὸν

2138 892 2414 963 ἐρώμενον
2439 909 2450 922 ·
2485 891 2623 963 αῦτη
2655 894 2712 946 δὲ
2748 895 2841 948 καὶ
2881 897 3062 959 οίκίας
3088 900 3435 969 προΐσταται,
3487 901 3583 953 καὶ
3632 901 3722 955 τέο

2137 996 2281 1032 κνων
2305 983 2573 1044 κοινωνεῖ,
2623 981 2716 1032 καὶ
2744 981 2854 1034 τῶν
2883 981 3057 1036 ἄλλων
3087 985 3366 1039 ἀπάντων.
3414 986 3720 1060 Θυγάτριον

2138 1069 2318 1138 ἔχεις;
2379 1070 2480 1139 ὅρα
2534 1071 2607 1140 μὴ
2639 1069 2946 1142 διαδέξηται
2991 1073 3092 1141 τὴν
3139 1073 3345 1145 βλάϐην
3372 1089 3385 1105 ⁸
3435 1075 3580 1144 φιλεῖ
3610 1076 3722 1148 γάρ

2140 1174 2256 1219 πως
2283 1157 2418 1226 πρὸς
2459 1156 2554 1219 τὰς
2590 1158 2900 1226 ἀνατροφὰς
2944 1159 3010 1211 τά
3041 1159 3144 1230 ⁸ἢθη
3193 1161 3572 1232 ρυθμίζεσθαι,
3624 1164 3722 1217 καὶ

2143 1245 2425 1312 μιμεῖσθαι
2468 1244 2535 1299 τά
2568 1244 2677 1297 τῶν
2705 1246 2959 1316 μητέρων
2993 1247 3119 1319 ἤθη.
3151 1250 3285 1302 Ἕσο
3315 1251 3622 1320 ὑπόδειγμα
3649 1257 3718 1323 τῇ

2139 1328 2369 1401 θυγατρὶ
2413 1331 2786 1402 σωφροσύνης,
2821 1333 3099 1404 κόσμησαι
3128 1335 3217 1388 τὸν
3240 1337 3444 1405 κόσμον
3479 1339 3714 1403 ἐκεῖνον,

2139 1419 2234 1470 καὶ
2284 1419 2385 1489 ὅρα
2435 1419 2552 1480 πῶς
2609 1417 2799 1472 τούτου
2854 1423 3310 1492 καταφρονήσεις.
3341 1424 3550 1486 Ὄντως
3607 1425 3720 1494 γὰρ

2140 1509 2322 1560 ἐκεῖνα
2358 1506 2561 1575 κόσμος
2619 1507 2755 1572 ἐστὶ,
2791 1508 2967 1561 ταῦτα
3018 1510 3074 1562 δὲ
3125 1511 3385 1581 ἀκοσμία.
3432 1513 3721 1582 Ἀρκεῖτά

2138 1594 2425 1664 εἰρημένα.
2443 1596 2498 1647 '0
2521 1594 2577 1646 δὲ
2614 1594 2746 1656 Θεὸς
2774 1595 2801 1644 ὁ
2837 1596 2928 1648 τὸν
2955 1603 3158 1665 κόσμον
3188 1599 3442 1667 ποιήσας,
3473 1600 3566 1651 καὶ
3594 1599 3720 1664 δοὺς

2136 1682 2268 1751 ἡμῖν
2294 1679 2385 1732 τὸν
2415 1681 2512 1748 τῆς
2557 1679 2734 1750 ψυχῆς
2783 1682 3006 1751 κόσμον,
3051 1686 3381 1756 κοσμήσειεν
3413 1687 3584 1755 ἡμᾶς,
3623 1687 3718 1740 καὶ

2135 1772 2199 1838 τῇ
2229 1767 2392 1821 αὑτοῦ
2442 1767 2568 1839 δόξῃ
2621 1770 2948 1839 ἀμφιάσειεν
2973 1786 2986 1800 '
3037 1770 3125 1823 ἵνα
3179 1773 3378 1834 πάντες
3407 1775 3464 1824 ὲν
3494 1773 3719 1840 ἀγαθοῖς

2135 1857 2315 1928 ἔργοις
2369 1855 2786 1926 διαλάμποντες,
2837 1860 2933 1910 καὶ
2984 1860 3061 1922 είς
3093 1857 3252 1923 δόξαν
3294 1859 3459 1913 αὑτοῦ
3496 1860 3715 1928 ζῶντας,

2132 1943 2290 2010 δόξαν
2321 1944 2730 2014 ἀναπέμψωμεν
2768 1945 2846 2016 τῷ
2881 1947 3058 2018 Πατρὶ
3103 1948 3199 2002 καὶ
3247 1948 3324 2020 τῷ
3368 1949 3482 2020 Υἱῷ
3513 1951 3611 2004 καὶ
3643 1949 3717 2020 τῷ

2141 2034 2280 2102 ἁγίῳ
2305 2033 2598 2102 Πνεύματι.

1914 2527 2164 2581 OMIAIA
2204 2529 2306 2586 IA'.

472 2667 588 2738 'll'r_
611 2667 796 2738 σοςρίᾳ
823 2682 1192 2733 περιπατειτε
1218 2671 1367 2738 πρὸς
1395 2671 1536 2737 τοὺς
1567 2671 1704 2735 ἔξω,
1744 2671 1853 2738 τὸν
1901 2683 2032 2721 και-

522 2736 638 2811 ρὸν
666 2735 1174 2811 ἐξαὶυρᾳζόμενοι.
1216 2735 1280 2794 Ὀ
1327 2735 1525 2811 λόγος
1567 2739 1730 2811 ὑμῶν
1776 2737 2034 2811 πιζντοᾲτε

527 2808 598 2858 ἐν
624 2805 862 2878 χάριτι.
893 2805 1065 2862 ἅλατι
1111 2805 1463 2878 ἠρτυμένος,
1486 2805 1499 2808 ⁷
1519 2805 1740 2864 εἰδέναι
1781 2807 1906 2873 πῶς
1947 2805 2043 2859 δεῖ

527 2875 684 2945 ὑμᾶς
709 2876 799 2929 ἑνὶ
829 2877 1064 2941 ἑκάστῳ
1093 2875 1540 2948 ἀποκρίνεσθαι.

527 3027 598 3076 α’.
624 3023 802 3094 Ὅπερ
817 3025 846 3076 6
866 3025 1102 3096 Χριστὸς
1114 3025 1249 3097 πρὸς
1270 3029 1397 3086 τοὺς
1421 3027 1669 3099 μαθητὰς
1685 3026 1859 3096 ἔλεγε,
1877 3025 2034 3079 τοῦτο

457 3111 552 3166 καὶ
580 3109 676 3164 νῦν
704 3111 918 3175 Παῦλος
957 3117 1233 3187 παραινεῖ.
1267 3117 1330 3168 Τί
1365 3116 1420 3169 δὲ
1449 3117 1479 3170 ό
1530 3115 1764 3186 Χριστὸς
1807 3114 2033 3182 ἐλεγεν;

471 3197 617 3252 Ἰδοὺ
644 3197 759 3266 ἐγὼ
790 3199 1147 3254 ἀποστέλλω
1187 3201 1344 3270 ὑμᾶς
1370 3203 1451 3268 ὡς
1489 3204 1752 3270 πρόϐατα
1775 3202 1844 3255 ἐν
1867 3200 2037 3270 μέσῳ

457 3286 678 3342 λύκων.
731 3288 988 3342 Γίνεσθε
1041 3285 1156 3344 οὖν
1186 3291 1460 3360 φρόνιμοι
1491 3291 1636 3345 ὡσεὶ
1693 3291 1878 3360 ὄφεις,
1941 3289 2039 3343 καὶ

457 3371 726 3441 ἀκέραιοι
784 3374 926 3428 ὡσεὶ
965 3379 1332 3446 περιστεραί.
1389 3379 1671 3444 Τουτέστι,
1718 3379 2039 3448 φυλακτικοὶ

458 3460 697 3530 γίνεσθε,
739 3462 1010 3533 μηδεμίαν
1039 3464 1222 3529 αὐτοῖς
1247 3465 1417 3538 λαϐὴν
1439 3467 1675 3530 διδόντες
1703 3465 1822 3520 καθ’
1857 3464 2033 3536 ὑμῶν.

459 3548 564 3602 Διά
589 3549 698 3620 γὰρ
727 3549 886 3603 τοῦτο
908 3551 1250 3622 πρόσκειται,
1284 3553 1441 3622 Πρὸς
1467 3555 1606 3621 τοὺς
1638 3554 1776 3620 ἔξω,
1807 3554 1894 3606 ῖνα
1930 3553 2038 3620 μά-

459 3635 662 3707 θωμεν,
709 3640 791 3692 ὅτι
838 3639 975 3707 πρὸς
1015 3641 1084 3693 τὰ
1133 3641 1268 3712 μέλη
1314 3642 1384 3695 τά
1419 3643 1595 3696 οἰκεῖα
1653 3643 1714 3695 οὐ
1769 3640 2038 3712 τοσαύτης

455 3729 592 3794 ἡμῖν
619 3725 702 3778 δεῖ
723 3727 1046 3794 ἀσφαλείας,
1078 3730 1210 3798 ὅσης
1239 3730 1375 3800 πρὸς
1414 3732 1542 3792 τοὺς
1577 3723 1700 3793 ἔξω.
1729 3729 1900 3782 Ἔνθα
1938 3731 2038 3798 μὲν

457 3811 568 3880 γάρ
589 3812 827 3881 ἀδελφοὶ,
863 3814 970 3865 είσλ⁸
995 3815 1088 3867 καὶ
1120 3817 1440 3887 συγγνῶμαι
1470 3817 1664 3869 πολλα)⁸
1682 3816 1777 3869 καὶ
1801 3817 2034 3882 ἀγάπαι.

456 3899 551 3950 Δεῖ
589 3898 688 3967 μὲν
714 3895 808 3951 οὖν
846 3901 942 3951 καὶ
966 3901 1202 3954 ἐνταῦθα
1239 3903 1539 3972 ἀσφάλειαν
1573 3899 1735 3967 εἶναι,
1769 3903 1949 3973 πολλῷ
1980 3903 2038 3955 δὲ

459 3985 624 4038 πλέον
675 3986 813 4052 ἔξω·
855 3988 914 4040 ού
952 3989 1059 4058 γάρ
1097 3991 1246 4043 ἐστιν
1278 3993 1392 4044 ίσον
1435 3993 1638 4062 μεταξὺ
1687 3992 1900 4064 ἐχθρῶν
1943 3993 2039 4046 καὶ

461 4074 736 4143 πολεμίων
768 4070 931 4139 εἶναι,
967 4078 1060 4129 καὶ
1111 4077 1300 4146 φίλων.
1355 4075 1470 4133 Εἶτ’
1514 4080 1702 4151 ἐπειδὴ
1749 4080 2037 4152 ἐφόϐησεν,

462 4163 568 4233 ὅρα
604 4162 720 4224 πῶς
752 4163 915 4216 πάλιν
961 4164 1244 4236 θαρῤύνει.
1295 4168 1408 4221 Τὸν
1452 4169 1682 4236 καιρὸν,
1726 4171 1910 4240 φησὶν,
1943 4170 2042 4233 ἐξ-

457 4249 910 4319 αγοραζόμενοι·
952 4253 1224 4320 τουτέστι,
1279 4254 1488 4326 βραχὺς
1532 4257 1561 4309 ὁ
1597 4257 1785 4328 παρὼν
1827 4257 2037 4328 καιρός.

458 4337 644 4390 Ταῦτα
659 4337 717 4390 δὲ
744 4337 948 4406 ἔλεγεν,
970 4341 1032 4393 οὐ
1059 4341 1338 4406 ποικίλους
1367 4339 1507 4398 εἶναι
1538 4344 1888 4415 βουλόμενος,
1917 4346 2040 4399 οὐδὲ

462 4425 804 4495 ὑποκριτάς·
851 4427 1011 4483 τοῦτο
1066 4429 1176 4499 γὰρ
1229 4432 1290 4483 οὐ
1352 4432 1565 4501 σοφίας,
1631 4433 1770 4488 άλλά
1813 4435 2039 4498 ἀνοίας·

460 4512 596 4566 ἀλλά
633 4513 725 4578 τί;
761 4515 848 4567 Ἑν
878 4510 959 4578 οἷς
993 4515 1066 4588 μὴ
1099 4517 1416 4586 βλάπτουσι,
1447 4520 1604 4589 φησὶ,
1644 4521 1916 4592 μηδεμίαν
1947 4523 2044 4576 αύ-

460 4603 574 4664 τοῖς
628 4601 799 4655 δίδοτε
835 4603 1042 4675 λαϐήν⁹
1095 4605 1124 4658 ὃ
1162 4608 1254 4660 καὶ
1294 4607 1431 4679 πρὸς
1459 4610 1764 4680 Ῥωμαίους
1816 4611 2044 4681 γράφων

465 4689 663 4757 φησίν·
696 4691 979 4746 ’Δπόὸοτε
1019 4693 1170 4748 πᾶσι
1202 4695 1311 4761 τὰς
1347 4697 1616 4765 ὀφειλάς,
1667 4696 1746 4763 τῷ
1789 4697 1898 4751 τὸν
1937 4700 2046 4767 φό-

455 4792 595 4846 ρον,
627 4775 736 4829 τὸν
763 4779 986 4847 φόρον-ο
1037 4779 1116 4834 τῶ
1145 4782 1212 4836 τὸ
1238 4781 1435 4848 τέλος,
1473 4783 1541 4836 τὸ
1573 4784 1771 4849 τέλος·
1821 4783 1902 4853 τῷ
1929 4784 2046 4852 τὴν

462 4864 662 4934 τιμὴν,
693 4865 811 4933 τὴν
832 4866 1029 4937 τιμήν.
1058 4868 1157 4922 Διά
1181 4868 1240 4922 τὸ
1282 4871 1543 4942 κήρυγμα
1577 4871 1740 4940 μόνον
1780 4871 1920 4925 ἔστω
1961 4889 2044 4925 σοι

464 4952 722 5022 πόλεμος,
776 4954 946 5022 φησί’
984 4955 1256 5026 μηδεμίαν
1305 4958 1498 5027 ἑτέραν
1545 4961 1573 5011 ὁ
1619 4959 1855 5029 πόλεμος
1890 4951 2047 5023 οὗτος

462 5040 639 5110 ἀρχὴν
665 5039 1012 5109 λαμϐανέτω.
1049 5044 1108 5095 Et
1132 5045 1238 5114 γάρ
1272 5045 1517 5114 μέλλοιεν
1546 5048 1677 5116 ἡμῖν
1707 5047 1802 5100 καὶ
1829 5046 1896 5099 δι’
1925 5047 2045 5100 ἐτε-

467 5144 535 5199 ρα
565 5127 989 5198 ἀπεχθάνεσθαι,
1031 5129 1153 5183 οῦτε
1183 5132 1374 5200 μισθὸς
1402 5136 1533 5204 ἡμῖν
1563 5133 1738 5198 ἔσται,
1770 5135 1863 5188 καὶ
1887 5135 2043 5188 αὐτοὶ

465 5214 681 5285 χείρους
704 5217 938 5282 ἔσονται,
976 5218 1070 5270 καὶ
1099 5217 1341 5285 δόξουσιν
1363 5223 1496 5291 ἡμῖν
1529 5221 1713 5275 δίκαια
1757 5221 2006 5290 ἐγκαλεῖν
2024 5237 2040 5253 ο

465 5294 576 5354 οἷον
611 5303 678 5354 τὰ
700 5303 1006 5374 τελέσματα
1041 5304 1105 5359 ἂν
1140 5308 1212 5376 μὴ
1245 5308 1694 5379 καταϐάλλωμεν,
1748 5309 1849 5373 τάς
1875 5311 2043 5378 τιμὰς

465 5389 566 5452 τὰς
615 5393 999 5461 προσηκούσας
1050 5395 1146 5448 ὲάν
1193 5395 1266 5466 μὴ
1302 5396 1662 5468 ἀποδιδῶμεν,
1695 5399 1760 5451 ἂν
1791 5397 1865 5468 μὴ
1892 5392 2044 5467 ὦμεν

471 5476 622 5549 [i055]
645 5482 904 5536 ταπεινοί.
929 5483 1042 5552 Οὑχ
1059 5483 1195 5555 ὁρᾷς
1216 5483 1450 5549 Παῦλον,
1469 5484 1598 5538 ἔνθα
1619 5485 1785 5555 μηδὲν
1808 5484 2042 5538 ἔϐλαπτε

466 5569 528 5617 τὸ
555 5569 838 5638 κήρυγμα,
871 5571 989 5635 πῶς
1033 5574 1148 5626 ἐστι
1198 5573 1520 5642 καθυφιείςς
1575 5576 1774 5628 Ἀκουε
1801 5574 1910 5647 γὰρ
1942 5576 2045 5628 αὑοο

468 5654 561 5707 τοῦ
592 5657 836 5726 λέγοντος
865 5660 1002 5731 πρδς
1035 5662 1123 5715 τὸν
1156 5663 1491 5734 ’Δγρίππαν-
1529 5664 1840 5733 Μακάριοι·
1864 5665 2042 5734 ἐμαυο

2136 2666 2244 2721 τὸν
2277 2665 2499 2737 ἥγημαι
2529 2681 2626 2721 sm
2661 2667 2777 2721 σοῦ
2804 2666 3045 2736 μέλλων
3071 2667 3496 2736 ἀπολογεῖσθαι
3526 2669 3714 2738 σήμε-

2129 2771 2264 2821 ρον,
2310 2754 2575 2821 μάλιστα
2626 2754 2906 2826 γνώστην
2932 2771 3002 2808 σε
3029 2753 3169 2807 ὄντα
3209 2754 3328 2806 τῶν
3381 2756 3532 2809 κατὰ
3565 2758 3711 2810 Ἰου-

2136 2841 2346 2907 δαίους
2403 2841 2558 2897 ἐθῶν
2621 2859 2686 2896 τε
2740 2842 2838 2895 καὶ
2871 2840 3230 2910 ζητημάτων.
3268 2839 3331 2894 Εἰ
3382 2842 3440 2895 δὲ
3493 2842 3710 2913 ἐνόμιζε

2135 2929 2246 2982 δεῖν
2298 2929 2540 3002 ὑϐρίζειν
2588 2929 2680 2983 τὸν
2725 2931 2983 3000 ἄρχοντα,
3037 2929 3213 2982 πάντα
3273 2929 3340 2983 ἂν
3394 2931 3710 3002 ἀνέτρεψεν.

2142 3017 2339 3070 Ἀκουε
2371 3017 2428 3070 δὲ
2463 3018 2556 3071 καὶ
2598 3017 2707 3070 τῶν
2736 3016 2864 3087 περὶ
2894 3015 2985 3069 τὸν
3030 3017 3297 3087 μακάριον
3342 3018 3568 3089 Πέτρον,
3599 3018 3717 3081 πῶς

2139 3105 2400 3170 ἐπιεικῶς
2467 3106 2859 3176 ἀποκρίνονται
2922 3109 3038 3170 τοῖς
3095 3106 3372 3169 Ἰουδαίοις
3438 3106 3712 3176 λέγοντες’

2139 3194 2488 3263 Πειθαρχεῖν
2515 3193 2611 3246 δεῖ
2633 3192 2754 3257 Θεῷ
2777 3192 3043 3262 μᾶλλον,
3073 3192 3111 3261 ἢ
3141 3192 3495 3262 ἀνθρώποις.
3526 3196 3717 3248 Καίτοι

2137 3297 2202 3350 γε
2226 3280 2500 3353 ἄνθρωποι
2548 3281 2646 3350 τῆς
2700 3280 2910 3335 ἑαυτῶν
2941 3281 3120 3352 ψυχῆς
3165 3281 3566 3349 ἀπεγνωκότες,
3623 3281 3717 3335 καὶ

2139 3365 2383 3439 ὑϐρίζειν
2426 3367 2522 3421 καὶ
2570 3369 2679 3420 πᾶν
2711 3368 2888 3422 ὁτιοῦν
2925 3370 3098 3421 ποιεῖν
3127 3368 3416 3437 ἠδύναντοο
3467 3368 3602 3422 ἀλλά
3629 3369 3714 3428 διὰ

2137 3455 2294 3510 τοῦτο
2341 3455 2668 3522 ἀπέγνωσαν
2726 3455 2828 3526 τῆς
2878 3455 3078 3526 ψυχῆς,
3138 3455 3228 3510 ἵνα
3272 3454 3347 3526 μὴ
3400 3455 3714 3522 κενοδοξῶσι

2141 3539 2469 3609 (κενοδοξίας
2498 3541 2608 3610 γὰρ
2634 3539 2794 3594 τοῦτό
2838 3544 3031 3612 ἐστιν),
3082 3541 3197 3596 ἀλλ’
3239 3543 3326 3595 ἵνα
3376 3545 3712 3614 κηρύσσωσι,

2140 3628 2234 3681 καὶ
2267 3628 2352 3680 ἵνα
2384 3628 2521 3698 μετά
2548 3629 2864 3700 παρρησίας
2905 3631 3084 3684 πάντα
3116 3628 3503 3698 φθέγγωνται·
3545 3632 3716 3684 ἐκεῖνο

2138 3716 2197 3770 δὲ
2226 3717 2491 3788 ἀμετρίας
2523 3719 2691 3771 ἐστίν·
2733 3719 2793 3771 '0
2826 3719 3009 3788 λόγος
3040 3719 3209 3788 ὑμῶν
3242 3718 3501 3772 πάντοτε
3530 3719 3599 3772 ὲν
3617 3716 3718 3785 χάο

2133 3821 2274 3874 ριτι,
2306 3805 2484 3860 ἅλατι
2510 3805 2840 3874 ἠρτυμένος
2861 3823 2876 3836 ο
2907 3806 3173 3870 τουτέστι,
3203 3807 3276 3877 μὴ
3300 3811 3378 3869 είς
3398 3805 3716 3875 ἀδιαφορίαν

2139 3892 2202 3945 τὸ
2230 3893 2418 3962 χαρίεν
2445 3892 2684 3963 ἐκπίπτῃ
2733 3903 2782 3944 ι.
2806 3893 2926 3945 Ἔνι
2975 3892 3086 3963 γὰρ
3119 3894 3214 3947 καὶ
3256 3889 3712 3963 χαριεντίζεσθαι,

2142 3981 2222 4033 ἐνι
2274 3982 2370 4034 καὶ
2426 3983 2565 4052 μετὰ
2596 3983 2696 4050 τῆς
2740 3983 3126 4053 προσηκούσης
3157 3981 3521 4053 κοσμιότητος
3563 3981 3718 4033 τοῦτο

2142 4070 2335 4123 ποιεῖν.
2367 4069 2605 4122 Εὶδέναι
2635 4068 2758 4134 πῶς
2789 4069 2885 4122 δεῖ
2904 4069 3060 4138 ὑμᾶς
3085 4069 3177 4123 ἐνί
3205 4067 3443 4134 ἑκάστῳ
3472 4066 3719 4135 (1.10pr-

2141 4160 2372 4210 νεσθαι.
2407 4157 2569 4208 Ὥστε
2623 4157 2719 4226 οὑχ
2759 4157 2961 4226 ὁμοίως
3015 4159 3148 4210 πᾶσι
3189 4155 3535 4224 διαλέγεσθαι
3591 4154 3717 4226 χρὴ,

2146 4243 2370 4314 Ἕλλησι
2404 4243 2547 4312 λέγω
2593 4245 2688 4297 καὶ
2742 4244 3013 4314 ἀδελφοῖς.
3068 4243 3369 4314 Οὐδαμῶς
3408 4245 3531 4296 ἐπεὶ
3564 4242 3720 4295 τοῦτο

2143 4335 2243 4403 τῆς
2275 4331 2509 4401 ἐσχάτης
2537 4331 2720 4396 ἀνοίας
2752 4333 2889 4387 ἐστί.
2935 4332 3010 4386 Τὰ
3046 4334 3176 4386 κατ’
3210 4331 3314 4401 ἐμὲ
3341 4329 3539 4384 πάντα
3571 4345 3720 4400 γνω-

2135 4419 2297 4488 ρίσει
2318 4419 2461 4488 ὑμῖν
2480 4419 2750 4489 Τυχικὸς,
2783 4422 2815 4472 ὁ
2847 4419 3158 4489 ἀγαπητὸς
3187 4419 3472 4487 ἀδελφὸς,
3499 4418 3597 4472 καί
3628 4434 3722 4472 πι-

2144 4507 2293 4574 στὸς
2338 4505 2637 4574 διάκονος,
2671 4506 2768 4560 καὶ
2785 4507 3134 4574 σύνδουλος
3159 4507 3230 4560 ἐν
3260 4506 3477 4574 Κυρίῳ.
3510 4505 3718 4566 Βαϐαῖ,

2145 4595 2242 4666 ὅση
2269 4595 2428 4663 σοφία
2466 4594 2678 4649 Παύλου
2703 4595 2717 4648 ί
2745 4594 2867 4659 Πῶς
2894 4595 2953 4648 οὑ
2987 4593 3165 4647 πάντα
3197 4592 3476 4662 ἐντίθησιν
3506 4592 3588 4655 εἰς
3617 4591 3720 4652 τὰς

2144 4681 2450 4747 ἐπιστολάς,
2477 4681 2610 4735 ἀλλά
2644 4681 2712 4735 τὰ
2739 4682 3010 4750 ἀναγκαῖα
3054 4682 3150 4734 καὶ
3176 4680 3246 4734 τά
3279 4679 3680 4748 κατεπείγοντα
3706 4695 3720 4741 ;

2147 4771 2369 4842 Πρῶτον
2420 4771 2539 4842 μὲν,
2568 4771 2629 4823 οὑ
2665 4769 2987 4842 βουλόμενος
3017 4767 3187 4832 αὑτάς
3225 4770 3306 4831 είς
3341 4766 3518 4838 μῆκος
3548 4766 3724 4820 ἐκτεί-

2146 4875 2278 4912 νεινο
2310 4857 2561 4929 δεύτερον
2587 4858 2664 4923 δέ,
2707 4861 2803 4913 καὶ
2833 4859 2925 4912 τὸν
2955 4857 3333 4928 ἀπερχόμενον
3363 4852 3723 4925 αίδεσιμὼτε-

2151 4963 2242 5018 ρον
2269 4945 2460 5007 ποιῶν,
2486 4945 2572 4998 ἵνα
2595 4945 2694 5018 ἔχῃ
2717 4963 2770 4999 τι
2791 4948 2882 4999 καὶ
2905 4946 3210 5017 διηγεῖσθαι
3226 4961 3240 4975 ο
3278 4942 3484 5014 τρίτον.
3512 4941 3724 5002 δεικνὺς

2147 5035 2265 5098 πῶς
2300 5035 2438 5107 πρὸς
2481 5032 2642 5088 αὑτὸν
2668 5034 2957 5088 διάκειται’
3012 5035 3072 5086 οὑ
3107 5034 3216 5104 γάρ
3244 5033 3310 5086 ἂν
3352 5028 3504 5099 αὐτῷ
3555 5027 3726 5080 ταῦτα
3754 5093 3768 5118 ι

2148 5122 2497 5193 ἐνεχείρισεν.
2525 5121 2758 5175 Ἔπειτα
2807 5117 2893 5194 ἦν,
2931 5121 2965 5175 ἀ
2994 5121 3094 5175 οὐκ
3120 5121 3225 5174 ἔδει
3258 5119 3347 5172 διὰ
3375 5116 3727 5187 γραμμάτων

2143 5210 2469 5281 δηλωθῆναι.
2503 5211 2564 5264 '0
2596 5210 2921 5278 ἀγαπητὸς,
2961 5210 3149 5280 φησὶν,
3178 5207 3465 5276 ἁδελφός.
3504 5206 3567 5258 EI
3595 5207 3728 5271 ἀγα-

2145 5301 2336 5370 πητὸς,
2374 5302 2551 5353 πάντα
2575 5295 2706 5364 οἶδε,
2764 5301 2861 5352 καὶ
2913 5299 3064 5354 οὐδὲν
3113 5298 3276 5352 αὑτὸν
3318 5298 3584 5366 ἔκρυπτε.
3615 5291 3724 5346 Καὶ

2145 5387 2362 5452 πιστὸς
2392 5387 2670 5453 διάκονος
2696 5386 2795 5440 καὶ
2820 5386 3163 5453 σύνδουλος
3186 5386 3255 5439 ἐν
3283 5385 3502 5451 Κυρίῳ.
3532 5383 3597 5435 El
3632 5397 3721 5433 πι-

2147 5477 2293 5540 στὸς,
2325 5474 2477 5529 οὐδὲν
2498 5475 2758 5545 ψεύσεται
2779 5491 2791 5502 ·
2827 5475 2878 5528 εἰ
2896 5473 3198 5539 σύνδουλος,
3224 5470 3592 5541 κεκοινώνηκε
3615 5465 3726 5520 τῶν

2211 5675 2239 5706 ι
2273 5663 2430 5715 Ambo
2457 5677 2570 5716 mss.
2594 5661 2775 5714 habent
2797 5662 3049 5713 ἐκπίπτειν.
