4064 6210
382 352 480 413 575
1258 339 1321 395 IN
1363 336 1573 392 EPIST.
1618 336 1706 389 AI)
1744 329 2013 389 COLOSS.
2056 329 2205 383 CAP.
2250 326 2335 381 IV.
2380 326 2603 381 IIOMIL.
2645 326 2733 381 XI.

378 466 540 525 rutn?
568 460 734 533 Atqui
768 457 1079 515 indumenta
1127 463 1253 510 sunt
1290 469 1449 509 aurea
1479 469 1495 518 ;
1539 450 1633 507 sed
1679 461 1959 520 propterea

377 570 456 616 est
470 555 703 612 dedecus
720 567 781 607 ac
811 549 1081 621 turpitudo
1108 548 1247 618 quod
1270 547 1375 602 sint
1401 561 1581 602 aurea.
1610 544 1796 600 Scena:
1818 543 1960 597 enim

375 658 618 718 sumptus
665 661 729 701 ac
772 644 930 699 quus
977 643 1224 699 convenit
1271 641 1561 711 tragoedis,
1592 638 1956 704 histrionibus,

378 740 573 805 mimis,
606 737 949 793 saltatoribus
969 775 985 800 ,
1013 743 1068 790 et
1094 735 1158 788 iis
1188 732 1278 804 qui
1310 740 1547 802 pugnant
1574 745 1695 786 cum
1724 729 1908 785 bestiis
1940 745 1955 781 :

377 832 518 888 ﬁdeli
546 838 725 884 autem
759 826 970 881 mulieri
996 825 1115 879 alia:
1144 824 1339 878 dantur
1362 839 1391 877 a
1420 823 1529 877 Deo
1550 830 1746 888 vestes,
1768 835 1961 889 nempe

377 925 494 992 ipse
519 919 823 989 unigenitns
856 917 947 972 Dei
980 915 1166 970 Filius.
1199 913 1452 984 Quotquot
1480 913 1635 979 enim,
1667 912 1876 982 inquit,
1908 912 1961 964 in

380 1013 631 1067 Christum
652 1008 893 1080 baptisati
912 1006 1048 1071 estis,
1073 1004 1327 1059 Christum
1348 1003 1581 1057 induistis
1601 1000 1742 1070 (Gal.
1771 1003 1821 1057 5.
1843 1002 1957 1071 Ξῖ).

369 1099 766 1168 νῡὶομιιιειιθοβί
795 1098 917 1168 quis
940 1097 1142 1167 regiam
1170 1095 1409 1150 dedisset
1437 1103 1664 1160 vestem,
1700 1102 1754 1147 tu
1780 1102 1958 1147 autem

381 1191 694 1247 mercenarii
719 1190 881 1244 vilem
901 1196 1108 1244 vestem
1147 1186 1447 1260 accepisses
1466 1229 1481 1254 ,
1511 1201 1686 1241 annon
1718 1200 1784 1240 eo
1817 1184 1960 1255 quod

379 1295 435 1339 te
464 1283 673 1352 turpior
698 1296 854 1352 geras
880 1290 935 1335 et
964 1279 1217 1335 indecore
1244 1321 1259 1345 ,
1293 1280 1454 1334 etiam
1484 1276 1793 1347 punireris?
1841 1276 1959 1331 caeli

380 1387 435 1433 et
460 1377 769 1447 angelorum
796 1374 1079 1428 Dominum
1126 1372 1307 1427 induta
1341 1388 1434 1437 es,
1482 1381 1537 1426 et
1572 1372 1717 1425 circa
1763 1379 1960 1424 terram

381 1467 652 1524 versaris?
681 1466 807 1521 Haec
832 1480 860 1518 a
880 1480 966 1520 me
982 1464 1122 1519 dicta
1142 1474 1286 1529 sunt,
1320 1472 1376 1517 ut
1406 1462 1683 1518 ostendam
1707 1462 1845 1532 quod
1866 1477 1962 1532 per

381 1575 439 1614 se
468 1573 718 1627 magnum
747 1556 816 1610 sit
843 1555 1040 1608 malum
1064 1555 1261 1609 nimius
1284 1563 1719 1609 ornamentorum
1756 1552 1961 1622 appeti-

382 1662 468 1705 tus
495 1661 547 1705 et
571 1648 917 1712 desiderium,
948 1647 1157 1701 etiamsi
1185 1646 1390 1700 nullum
1421 1644 1565 1699 aliud
1593 1644 1717 1699 inde
1767 1658 1958 1698 nasce-

378 1751 547 1809 retur,
578 1742 670 1798 sed
699 1741 832 1796 citra
853 1737 1151 1809 periculum
1179 1738 1231 1793 id
1256 1738 1444 1793 liceret
1468 1737 1666 1792 habere
1693 1735 1712 1806 (
1736 1751 1855 1790 nam
1891 1735 1958 1790 ad

380 1835 594 1889 inanem
617 1831 835 1902 gloriam
864 1830 1165 1899 [astumque
1192 1838 1348 1900 parat
1387 1836 1444 1883 et
1492 1827 1742 1898 instruit)
1775 1845 1789 1881 :
1817 1842 1960 1882 nunc

383 1932 563 1978 autem
590 1921 749 1975 multa
775 1921 936 1976 etiam
964 1920 1065 1975 alia
1096 1919 1235 1977 mala
1260 1927 1551 1973 nascuntur
1580 1933 1646 1973 ex
1675 1918 1839 1972 nimia
1869 1934 1962 1974 or-

384 2012 548 2070 nandi
569 2013 648 2067 sui
673 2026 813 2077 cura,
848 2010 1142 2066 manifestae
1168 2010 1498 2080 suspiciones
1520 2051 1535 2075 ,
1583 2019 1827 2079 sumptus
1872 2008 1959 2063 in-

381 2103 718 2175 tempestivi,
763 2101 1110 2174 blasphemiae
1129 2143 1145 2167 ,
1202 2103 1438 2156 avaritiae
1464 2110 1518 2156 et
1547 2102 1697 2172 plura
1727 2099 1962 2156 habendi

374 2196 683 2266 cupiditatis
708 2196 1039 2251 occasiones.
1070 2195 1208 2261 Quid
1229 2194 1396 2261 enim,
1415 2194 1519 2261 die,
1538 2208 1748 2264 quaso,
1795 2209 1962 2249 orna-

360 2287 491 2342 ‘ris?
515 2297 573 2340 ut
597 2285 810 2355 placeas
835 2281 1069 2341 marito?
1088 2285 1202 2340 Hoc
1221 2300 1348 2355 ergo
1369 2283 1453 2339 fac
1468 2284 1751 2340 domi.‘Hic
1779 2292 1957 2339 autem

3547 330 3648 386 ’δη

2075 443 2498 498 litcontrarium.
2529 444 2657 498 Nam
2686 444 2728 497 si
2771 444 2849 497 vis
2889 452 2976 527 lup
3013 444 3224 514 placere
3265 443 3456 499 marito
3480 484 3496 511 ,
3539 444 3649 499 noli

2068 536 2279 606 placere
2299 535 2445 599 aliis;
2474 536 2517 591 si
2537 546 2710 589 autem
2732 535 2942 605 placeas
2963 536 3099 598 aliis.
3126 537 3418 593 maritotuo
3439 536 3651 608 placere

2070 643 2173 682 non
2202 629 2418 697 poteris.
2442 629 2797 695 Quamobrem
2826 643 3039 683 omnem
3071 639 3330 684 ‘ornatutn
3375 639 3651 700 oporteret

2067 721 2337 791 deponere
2357 736 2479 777 cum
2500 721 2649 775 vadis
2675 721 2741 775 ad
2766 721 2936 775 forum
2958 762 2974 788 ,
3000 736 3120 775 cum
3150 721 3329 790 prodis
3369 723 3422 776 in
3468 721 3645 777 eccle—

2068 814 2222 868 siam.
2254 813 2465 883 Alioqui
2494 821 2693 879 autem,
2727 828 2795 867 ne
2815 828 2877 867 ex
2905 813 2967 867 iis
2992 813 3202 882 placeas
3228 814 3416 869 marito
3446 828 3508 868 ex
3528 828 3647 883 ψη-

2069 906 2168 960 bus
2194 914 2249 960 et
2277 910 2606 967 meretrices,
2632 905 2726 958 sed
2753 921 2817 959 ex
2847 921 2912 959 co
2941 906 3116 973 potius
3143 922 3208 958 ex
3235 920 3341 973 quo
3389 904 3641 959 mulieres

2068 997 2274 1051 liberte.
2311 996 2363 1049 In
2393 1011 2498 1064 quo
2522 994 3022 1064 euim,dic,qu:eso,
3046 994 3225 1049 diti‘ert
3256 1009 3392 1049 uxor
3423 1010 3450 1047 a
3476 1010 3652 1049 mete-

2069 1086 2240 1141 trice?
2265 1084 2417 1153 Quod
2448 1085 2561 1138 haec
2583 1084 2798 1153 quidem
2823 1099 2984 1137 unum
3007 1085 3180 1138 solum
3203 1092 3430 1154 spectat,
3451 1092 3507 1138 ut
3524 1098 3649 1139 cor-

2069 1178 2216 1248 poris
2268 1175 2660 1246 pulchritudine
2711 1175 2912 1230 alliciat
2966 1191 3088 1231 eum
3125 1192 3282 1246 quem
3327 1187 3516 1232 amat:
3560 1177 3649 1233 il'a

2066 1283 2197 1323 vero
2225 1279 2278 1322 et
2300 1278 2497 1336 prrcest
2525 1267 2730 1333 domui,
2762 1266 3165 1337 liberorumque
3188 1279 3236 1322 et
3262 1268 3488 1322 aliorum
3535 1284 3650 1322 om-

2068 1360 2213 1414 nium
2235 1359 2394 1414 habet
2411 1358 2744 1413 societatem.
2771 1358 2945 1413 llabes
2968 1359 3222 1413 tiliolam?
3251 1358 3373 1413 vide
3396 1375 3462 1414 ne
3495 1360 3651 1414 dam-

2068 1466 2192 1505 num
2216 1450 2443 1520 accipiat
2465 1466 2478 1503 :
2498 1450 2669 1503 solent
2690 1450 2831 1503 enim
2852 1462 3027 1504 mores
3049 1463 3372 1518 componere
3404 1464 3471 1504 ex
3507 1449 3642 1505 edu-

2067 1543 2295 1607 catione,
2324 1551 2379 1597 et
2399 1552 2627 1595 matrum
2650 1555 2827 1595 mores
2848 1540 3066 1595 imitari.
3088 1541 3173 1595 Sis
3199 1540 3319 1595 tilize
3345 1540 3647 1611 exemplum

2068 1636 2342 1692 modestiae
2366 1643 2420 1689 et
2448 1632 2846 1704 temperantiae;
2876 1634 2967 1688 illo
3001 1642 3194 1688 ornatu
3222 1650 3434 1702 ornare,
3462 1634 3652 1690 etvide

2068 1736 2124 1783 ut
2142 1727 2281 1782 hunc
2296 1726 2579 1796 despicias.
2599 1725 2807 1781 Revera
2827 1724 2968 1779 enim
2992 1724 3079 1779 illa
3099 1733 3612 1780 suntornamentum
3634 1744 3648 1788 ;

2066 1820 2183 1875 haec
2201 1833 2327 1875 vero
2348 1818 2516 1888 magis
2539 1816 2774 1872 dedecus
2792 1815 3042 1883 afferunt,
3061 1832 3221 1887 quam
3238 1827 3453 1873 ornant.
3490 1816 3652 1873 Safti-

2066 1913 2214 1967 ciunt
2228 1926 2347 1982 quae
2361 1909 2499 1964 dicta
2517 1916 2663 1962 sunt.
2690 1908 2828 1962 Deus
2846 1916 3025 1962 autem
3047 1909 3135 1978 qui
3156 1909 3414 1963 mundum
3433 1908 3578 1975 fecit,
3600 1920 3653 1964 et

2066 2007 2222 2063 nobis
2237 2006 2383 2062 dedit
2410 2004 2662 2059 mundum
2688 2003 2913 2069 animae,
2954 2018 3055 2058 nos
3084 2005 3305 2060 mundet
3336 2015 3390 2061 et
3420 2014 3649 2060 exornet

2066 2108 2119 2154 et
2142 2113 2235 2153 sua
2253 2097 2423 2167 gloria
2453 2094 2636 2151 induat
2662 2111 2675 2147 :
2701 2102 2755 2148 ut
2783 2109 2972 2150 omnes
2993 2094 3047 2148 in
3078 2095 3234 2150 bouis
3270 2096 3528 2167 operibus
3555 2111 3646 2150 rc-
3742 2152 3745 2153 ν

2067 2190 2427 2262 splendentes,
2445 2196 2499 2243 et
2514 2186 2578 2241 ad
2596 2187 2712 2256 ejus
2730 2185 2953 2254 gloriam
2970 2187 3234 2253 viventes,
3256 2187 3480 2257 gloriam
3499 2187 3654 2241 emit-

2067 2293 2242 2336 tamus
2264 2281 2407 2335 Patri
2434 2291 2485 2333 et
2507 2279 2643 2334 Filio
2666 2287 2719 2332 et
2742 2276 2959 2346 Spiritui
2986 2285 3194 2332 sancto.

3233 2370 3474 2382 ——-—-_

3481 2372 3653 2382 ——-—_.

1778 2429 2110 2491 HOMILIA
2151 2428 2265 2490 XI.

374 2537 506 2594 CAP.
536 2536 628 2591 IV.
655 2551 712 2590 v.
738 2534 797 2591 5.
853 2533 921 2587 In
946 2533 1208 2604 sapientia
1252 2533 1510 2587 ambulate
1535 2532 1602 2585 ad
1625 2547 1708 2586 eos
1736 2531 1823 2600 qui
1851 2529 1977 2602 foris
2077 2538 2317 2593 acturus,
2347 2528 2435 2597 qui
2460 2543 2511 2582 es
2534 2525 2751 2581 maxime
2779 2528 2967 2596 peritus
3003 2529 3424 2583 consuetudinum
3443 2539 3491 2584 et
3518 2546 3655 2600 qut:-

442 2635 581 2692 sunt,
616 2635 811 2695 tempus
836 2623 1156 2679 redimentes.
1197 2624 1252 2680 5.
1299 2622 1478 2677 Sermo
1501 2632 1877 2691 vesteresemper
1909 2620 1964 2675 in

446 2718 634 2789 gratia,
663 2716 770 2771 sale
796 2715 862 2770 sit
888 2715 1144 2781 conditus,
1187 2724 1243 2770 ut
1267 2714 1440 2769 sciatis
1458 2717 1707 2784 quoniam)
1737 2720 1966 2785 Oporteat

448 2824 535 2863 uos
562 2807 832 2877 unicuique
856 2807 1183 2876 respondere.

450 2905 504 2957 1.
541 2900 691 2970 Quod
718 2899 963 2956 Christus
979 2899 1189 2955 dicebat
1205 2898 1504 2969 discipulis,
1533 2899 1634 2956 hoc
1661 2914 1803 2955 nunc
1828 2914 1965 2969 quo-

378 3007 489 3060 que
532 2998 715 3047 monet
755 2990 970 3045 Paulus.
1000 2989 1155 3056 :Quid
1195 2998 1374 3045 autem
1412 2989 1623 3046 dicebat
1671 2989 1965 3045 Christus?

382 3083 519 3139 Ecce
544 3100 633 3154 ego
661 3084 804 3138 mitto
830 3097 919 3137 eos
950 3082 1082 3137 sicut
1117 3098 1234 3138 oues
1260 3082 1314 3136 in
1348 3082 1514 3136 medio
1543 3081 1806 3151 luporum.
1836 3081 1964 3136 Sitis

380 3192 501 3247 ergo
542 3174 814 3243 prudentes
856 3176 985 3228 sicut
1023 3184 1297 3243 serpentes,
1340 3183 1389 3228 et
1426 3173 1685 3243 simplices
1722 3172 1851 3227 sicut
1876 3188 1963 3227 co-

377 3265 566 3321 lumba:
592 3265 804 3337 (Matth.
840 3265 927 3321 10.
971 3260 1089 3336 16).
1147 3266 1262 3322 Hoc
1283 3274 1367 3323 est
1386 3307 1401 3333 ,
1424 3265 1579 3321 Cauti
1606 3274 1781 3322 estote
1803 3307 1818 3332 ,
1844 3264 1964 3319 nul-

380 3361 486 3414 lam
514 3360 592 3414 eis
621 3360 879 3415 adversus
916 3373 1014 3415 vos
1049 3359 1240 3414 dantes
1282 3373 1468 3414 ansam
1498 3368 1553 3414 et
1596 3359 1958 3414 occasionem.

379 3453 673 3522 Propterea
704 3461 883 3506 autem
914 3450 1183 3521 adjicitur,
1210 3450 1291 3505 Ad
1326 3468 1411 3506 eos
1453 3451 1541 3521 qui
1569 3452 1694 3522 foris
1720 3459 1872 3514 sunt;
1901 3457 1961 3505 ut

377 3543 648 3599 discamus
673 3585 689 3608 ,
720 3542 863 3614 quod
891 3543 1151 3598 adversus
1181 3550 1365 3598 nostra
1411 3543 1649 3598 membra
1677 3559 1785 3599 non
1816 3551 1961 3598 tanta

286 3707 292 3711 _
379 3633 537 3689 nobis
563 3648 697 3703 opus
723 3642 807 3688 est
825 3635 1073 3689 cautione
1094 3674 1109 3699 ,
1140 3642 1339 3703 quanta
1367 3632 1623 3689 adversus
1651 3644 1958 3691 extraneos.

379 3725 483 3782 Ubi
530 3740 759 3795 namque
798 3726 987 3781 fratres
1033 3733 1187 3793 sunt,
1235 3725 1306 3781 ibi
1358 3726 1519 3780 multa
1567 3724 1959 3793 condonantur,

381 3817 454 3873 ibi
480 3819 674 3872 caritas
691 3833 903 3888 magna.
924 3816 1146 3888 Oportet
1169 3818 1328 3874 etiam
1352 3817 1438 3874 hic
1459 3833 1577 3875 esse
1596 3817 1958 3883 securitatem,

381 3911 638 3981 majorem
665 3926 795 3967 vero
827 3910 955 3966 foris
986 3926 1130 3967 :nou
1159 3919 1285 3966 sunt
1310 3911 1451 3967 enim
1481 3911 1647 3982 paria,
1676 3898 1963 3967 esse'inter

382 4003 625 4058 inimicos
648 4003 928 4069 et-hostes,
958 4012 1011 4059 et
1040 4004 1181 4059 inter
1200 4004 1422 4059 amicos.
1448 4003 1649 4061 Deinde
1678 4013 1959 4074 postquam

382 4095 600 4159 terruit,
647 4094 771 4150 vide
821 4095 1092 4165 quomodo
1138 4110 1326 4151 rursus
1372 4096 1451 4151 eis
1502 4095 1651 4151 addit
1694 4097 1955 4151 animum.

379 4183 601 4254 Tempus
620 4226 637 4252 ,
669 4180 878 4254 inquit,
908 4186 1229 4241 redintentes.
1259 4186 1371 4241 Hoc
1407 4198 1491 4242 est
1511 4228 1526 4252 ,
1556 4200 1794 4257 praesens
1820 4195 1958 4242 tem-

381 4290 480 4344 pus
505 4285 589 4330 est
617 4274 797 4330 breve.
834 4274 959 4329 Ilazc
986 4285 1177 4329 autem
1216 4275 1461 4341 dicebat,
1494 4291 1600 4330 non
1628 4276 1770 4345 quod
1799 4276 1961 4332 vellet

378 4380 474 4420 eos
520 4380 642 4419 esse
685 4367 859 4420 varios
886 4374 943 4422 et
981 4366 1291 4437 hypocritas
1330 4381 1395 4421 ac
1439 4367 1813 4432 simulatores;
1857 4365 1961 4421 hoc

379 4456 524 4508 enim
573 4470 679 4510 non
708 4465 791 4510 est
827 4458 1103 4526 sapientia:
1125 4497 1143 4523 ,
1174 4456 1269 4513 sed
1315 4458 1596 4522 amentiae;
1644 4457 1737 4511 sed
1785 4456 1959 4526 quid?

381 4544 436 4599 In
466 4545 532 4600 iis
557 4585 573 4611 ,
599 4546 791 4615 inquit,
824 4548 877 4601 in
898 4547 1092 4617 quibus
1119 4563 1223 4601 non
1254 4547 1484 4611 laedunt,
1515 4547 1713 4603 nullam
1736 4548 1812 4603 eis
1835 4546 1960 4603 date

376 4651 564 4691 ansam
586 4653 688 4691 nec
702 4638 1062 4693 occasionem.
1080 4637 1233 4705 Quod
1253 4639 1414 4694 etiam
1435 4638 1564 4695 dicit
1579 4638 1954 4704 ad'Routanos,

376 4728 598 4784 Reddite
628 4728 862 4783 omnibus
887 4729 1053 4783 debita
1089 4744 1110 4784 :
1137 4731 1221 4783 cui
1244 4730 1430 4784 debetis
1473 4731 1747 4797 tributum,
1795 4729 1956 4784 tribu-

378 4831 524 4886 tum;
566 4823 649 4875 cui
691 4823 903 4891 vectigal
929 4864 943 4891 ,
988 4824 1235 4894 vectigal;
1268 4825 1351 4878 cui
1385 4824 1660 4891 honorent,
1692 4826 1935 4880 honorem

377 4910 557 4982 (Rom.
603 4913 692 4968 15.
744 4914 822 4983 7).
852 4914 1080 4984 Propter
1124 4915 1557 4984 praedicationem
1598 4917 1771 4971 solum
1816 4923 1955 4980 esto,

381 5003 584 5073 inquit,
632 5005 727 5059 tibi
778 5005 1016 5060 bellum:
1046 5006 1252 5061 nullum
1290 5007 1432 5062 aliud
1479 5007 1686 5061 initium
1734 5008 1961 5076 accipiat

379 5091 487 5147 hoc
516 5094 735 5150 bellum.
768 5096 897 5151 Nam
929 5098 973 5151 si
1002 5098 1165 5152 etiam
1215 5107 1435 5169 propter
1458 5100 1559 5154 alia
1589 5107 1772 5155 essent
1803 5100 1958 5155 nobis

375 5198 505 5240 cum
528 5186 608 5241 eis
625 5190 881 5259 gerenda:
912 5190 1207 5245 inimicitia:
1226 5230 1243 5256 ,
1273 5205 1444 5261 neque
1473 5191 1627 5247 nobis
1648 5201 1790 5247 esset
1815 5207 1959 5247 mer-

374 5289 505 5342 ces,
536 5286 593 5332 et
619 5279 724 5350 ipsi
747 5279 907 5335 futuri
937 5290 1066 5335 sunt
1086 5280 1401 5347 deteriores,
1435 5289 1490 5335 et
1517 5280 1838 5336 videbuntur
1858 5297 1957 5336 nos

377 5370 507 5439 jure
536 5386 830 5429 accusare:
860 5373 1006 5428 velut
1048 5374 1093 5427 si
1134 5373 1410 5443 vectigalia
1438 5388 1543 5429 non
1572 5373 1842 5439 solvamus
1861 5416 1876 5438 ,
1912 5375 1957 5427 si

374 5462 617 5518 honores
642 5478 773 5533 quos
801 5465 1057 5519 convenit
1085 5480 1191 5518 non
1220 5463 1505 5520 reddamus
1523 5505 1539 5531 ,
1581 5464 1626 5518 si
1653 5479 1759 5520 non
1791 5465 1959 5519 simus

375 5550 633 5608 humiles.
662 5554 822 5611 Vides
848 5564 1104 5626 quantum
1128 5570 1189 5612 se
1218 5554 1465 5612 demittat
1492 5555 1688 5612 Paulus
1711 5597 1728 5624 ,
1761 5556 1849 5611 ubi
1873 5556 1957 5610 ni-

375 5644 451 5699 hil
481 5646 625 5700 laedit
649 5647 1127 5716 praedicationem?
1150 5647 1290 5711 Audi
1318 5649 1463 5705 enim
1491 5648 1665 5718 ipsum
1692 5647 1956 5704 dicentem

380 5738 631 5807 Agrippa:
661 5754 673 5789 :
707 5736 921 5790 Beatum
948 5754 1027 5791 me
1051 5738 1312 5803 existimo,
1347 5738 1496 5795 hodie
1523 5740 1662 5810 apud
1688 5748 1735 5795 te
1753 5755 1957 5795 causam

686 5840 961 5903 PATROL.
1010 5840 1129 5903 Gn.
1178 5843 1369 5906 LXII.

2073 2621 2295 2675 stionum
2320 2634 2434 2690 quea
2447 2627 2564 2674 sunt
2605 2619 2742 2688 apud
2774 2617 2989 2673 Judteos
3013 2621 3149 2688 (Act.
3181 2620 3269 2676 26‘.
3296 2621 3348 2674 2.
3372 2622 3449 2689 5).
3479 2622 3532 2676 Si
3560 2637 3656 2676 au-

2074 2711 2572 2771 temexistimasset
2602 2721 2854 2782 oportere
2893 2712 3216 2767 contumelia
3260 2712 3478 2769 allicere
3510 2715 3656 2784 prin-

2070 2807 2247 2876 cipem
2273 2847 2289 2873 ,
2336 2805 2515 2861 omnia
2544 2805 2845 2860 evertisset.
2876 2805 3011 2860 Audi
3053 2814 3107 2859 et
3150 2804 3363 2861 beatum
3392 2806 3607 2861 Petrum
3626 2847 3643 2871 ,

2071 2912 2230 2968 quam
2257 2897 2448 2953 leniter
2472 2908 2527 2951 et
2555 2905 2833 2952 mansuete
2860 2895 3151 2965 respondet
3170 2895 3392 2961 Judaeis,
3420 2897 3606 2952 dicens
3631 2915 3646 2951 :

2076 2988 2296 3045 Obcdire
2324 2997 2517 3060 oportet
2562 2987 2672 3043 Deo
2699 2988 2859 3058 ntagis
2896 3005 3048 3059 quam
3088 2987 3380 3043 hominibus
3428 2987 3563 3057 (Act.
3594 2989 3651 3047 5.

2069 3082 2367 3153 29).Atqui
2418 3081 2661 3137 homines
2704 3081 2794 3150 qui
2842 3081 3080 3136 animum
3119 3080 3550 3151 despomlerant,
3596 3092 3652 3136 et

2069 3175 2192 3229 vitae
2211 3189 2362 3244 spem
2394 3173 2719 3242 abjecerant,
2746 3173 3046 3243 potuissent
3067 3174 3387 3228 contumelia
3413 3173 3649 3238 allicere.

2075 3276 2129 3321 et
2158 3265 2368 3335 quidvis
2409 3264 2618 3319 facere:
2648 3263 2741 3319 sed
2774 3274 3059 3336 propterea
3088 3265 3325 3321 animum
3351 3264 3651 3335 desponde-

2067 3367 2210 3425 rant,
2232 3367 2288 3413 et
2315 3358 2437 3412 vitae
2458 3370 2611 3427 spem
2646 3357 2977 3426 abjecerant,
3009 3365 3158 3413 utne
3187 3358 3401 3413 inanem
3426 3357 3649 3428 gloriam

2068 3457 2343 3518 captarent
2368 3448 2387 3517 (
2409 3447 2511 3501 hoc
2537 3457 2624 3502 est
2648 3447 2790 3505 enim
2814 3447 2989 3502 inanis
3013 3447 3200 3518 gloria:
3224 3448 3274 3518 );
3302 3447 3397 3503 sed
3430 3456 3487 3502 ut
3509 3464 3644 3517 prino

2067 3539 2312 3595 dicarent
2329 3579 2344 3604 ,
2365 3549 2420 3592 et
2448 3549 2505 3593 ut
2534 3538 2700 3594 libere
2719 3547 2775 3594 et
2800 3537 3131 3594 conﬁdenter
3157 3540 3335 3594 omnia
3365 3540 3652 3610 loqueren-

2071 3642 2194 3688 tur:
2222 3632 2353 3689 illud
2390 3641 2604 3697 autem,
2651 3647 2845 3702 nempe
2883 3632 3097 3687 inanem
3142 3643 3360 3704 captare
3385 3634 3646 3705 gloriam.

2067 3737 2150 3782 est
2196 3725 2568 3781 immodestiae.
2602 3726 2784 3780 Sermo
2809 3736 2967 3780 vester
2992 3741 3192 3795 semper
3216 3726 3270 3780 in
3298 3727 3465 3796 gratia
3485 3767 3499 3789 ,
3542 3728 3649 3780 sale

2065 3819 2130 3872 sit
2154 3818 2412 3872 conditus.
2443 3817 2559 3873 Hoc
2587 3827 2704 3883 est,
2754 3834 2822 3874 ne
2854 3819 3132 3874 sermonis
3158 3820 3330 3888 gratia
3376 3835 3442 3875 eo
3483 3820 3647 3875 deve-

2066 3909 2211 3975 niat,
2245 3919 2300 3964 ut
2322 3924 2388 3965 eo
2417 3919 2637 3965 utantur
2658 3910 2794 3965 citra
2818 3909 3131 3967 discrimen.
3165 3910 3312 3967 Licet
3334 3914 3499 3979 enim,
3525 3911 3650 3967 licet

2065 4001 2270 4056 urbane
2294 4009 2349 4057 et
2377 4000 2555 4071 lepide
2598 4002 2741 4072 loqui
2765 4043 2782 4069 ,
2811 4002 3146 4058 sedcumea
3185 4018 3287 4073 qua
3316 4018 3417 4075 par
3441 4014 3524 4059 est
3553 4004 3649 4060 ho-

2063 4104 2275 4150 nestate
2316 4104 2371 4150 et
2398 4094 2615 4150 decore.
2670 4094 2738 4149 Ut
2779 4096 2955 4151 sciatis
2994 4096 3246 4165 quomodo
3285 4106 3516 4166 oporteat
3559 4113 3648 4152 vos

2064 4185 2331 4254 unicuique
2367 4185 2690 4254 respondere.
2720 4185 3079 4251 Quamobrem
3112 4200 3216 4239 non
3260 4195 3474 4253 Oportet
3499 4187 3647 4240 simi-

2064 4277 2189 4331 liter
2226 4276 2371 4345 loqui
2399 4290 2520 4354 cum
2566 4276 2846 4343 omnibus,
2894 4290 3013 4330 cum
3061 4275 3282 4342 Gnecis,
3323 4277 3556 4345 inquam,
3588 4287 3645 4332 et

2064 4368 2338 4423 fratribus.
2366 4366 2711 4437 Nequaquam
2735 4384 2748 4420 :
2774 4367 2875 4421 hoc
2900 4368 3044 4421 enim
3073 4377 3155 4423 est
3172 4377 3432 4423 extremae
3461 4384 3646 4423 amen-

2066 4461 2173 4514 tite.
2205 4459 2260 4512 7.
2303 4457 2430 4525 Quae
2465 4458 2601 4511 circa
2638 4473 2717 4512 me
2761 4468 2911 4522 sunt,
2943 4458 3114 4515 omnia
3156 4458 3292 4513 vobis
3333 4468 3452 4512 nota
3496 4459 3649 4529 faciet

2065 4550 2111 4605 Τ
2109 4550 2315 4621 ychirns
2338 4590 2354 4614 ,
2404 4549 2697 4605 carissimus
2724 4549 2917 4618 frater,
2949 4558 2995 4603 et
3038 4548 3205 4619 fidelis
3234 4549 3482 4615 minister,
3523 4565 3645 4603 con-

2063 4657 2236 4696 servus
2261 4642 2314 4696 in
2341 4639 2583 4695 Domino.
2621 4640 2777 4710 Papa:
2803 4641 2815 4693 l
2843 4647 3044 4711 quanta
3070 4648 3155 4696 est
3181 4640 3335 4696 Pauli
3360 4641 3640 4711 sapientia.

2062 4730 2181 4786 Non
2213 4732 2393 4789 omnia
2424 4731 2608 4787 inserit
2637 4730 2988 4801 iii-epistolis,
3027 4730 3124 4787 sed
3148 4748 3266 4801 qua:
3292 4742 3641 4788 suutneces-

2064 4827 2203 4880 saria
2226 4834 2282 4882 et
2303 4826 2541 4896 urgentia
2568 4844 2590 4882 ε.
2602 4826 2776 4893 primo
2789 4824 3005 4895 quidem
3028 4826 3219 4881 nolens
3238 4839 3330 4880 eas
3346 4826 3398 4879 in
3423 4824 3640 4879 nimiam

2064 4917 2354 4973 extendere
2400 4916 2787 4987 longitudinem
2818 4931 2834 4971 :
2866 4916 3107 4973 secundo
3132 4926 3343 4980 autem,
3390 4931 3512 4972 eum
3547 4916 3640 4985 qui

2064 5009 2420 5079 proﬁciscitur
2467 5009 2697 5067 reddens
2724 5010 2892 5078 magis
2918 5009 3312 5074 reverendam,
3346 5019 3405 5064 ut
3444 5009 3644 5065 habeat

2064 5100 2263 5169 aliquid
2292 5100 2432 5169 quod
2474 5110 2656 5156 narret
2686 5118 2699 5154 :
2736 5101 2927 5167 tertio,
2963 5101 3254 5157 ostendens
3288 5108 3545 5170 quantum
3586 5101 3642 5154 iu

2064 5207 2185 5246 eum
2215 5192 2285 5246 sit
2309 5190 2559 5258 allectus;
2610 5207 2716 5247 non
2741 5194 2885 5248 enim
2916 5193 3048 5249 alias
3086 5194 3135 5249 ei
3166 5195 3281 5247 haec
3303 5190 3635 5247 mandasset.

2068 5283 2271 5341 Deinde
2295 5293 2448 5339 erant
2476 5284 2720 5354 quaedam
2747 5300 2867 5355 qua:
2893 5300 3003 5339 non
3041 5282 3323 5354 oportebat
3349 5282 3640 5354 signiﬁcari

2064 5377 2253 5432 literis.
2276 5374 2610 5441 Carissimus,
2642 5376 2832 5445 inquit,
2875 5380 3052 5447 frater.
3080 5374 3137 5430 Si
3166 5375 3497 5441 carissimus,
3527 5375 3638 5431 sci-

2066 5467 2140 5520 vit
2162 5466 2367 5528 omnia,
2398 5473 2454 5519 et
2485 5480 2611 5519 eum
2637 5464 2769 5521 nihil
2795 5465 3023 5523 celabat.
3056 5464 3121 5519 Et
3151 5464 3319 5534 ﬁdelis
3337 5464 3568 5533 minister
3589 5475 3637 5519 et

2063 5573 2330 5613 conservus
2358 5557 2411 5610 in
2436 5556 2676 5613 Domino.
2709 5556 2767 5615 Si
2804 5555 2978 5611 ﬁdelis
3002 5597 3015 5621 ,
3058 5556 3192 5611 nihil
3235 5555 3559 5621 mentietur;
3588 5555 3637 5611 si

2063 5660 2359 5705 conservus
2381 5646 2524 5713 ,I‘uit
2551 5648 2732 5705 socius
2758 5657 2810 5704 et
2834 5646 3501 5718 partiwps-wmauwum.
3523 5644 3636 5701 Un-

2063 5738 2224 5810 dique
2249 5752 2379 5808 ergo
2406 5738 2619 5810 collegit
2647 5738 2700 5795 id
2742 5737 2883 5811 quod
2926 5737 3086 5795 (idem
3116 5737 3332 5793 faceret.
3371 5734 3427 5792 8.
3471 5735 3633 5805 Quem

3232 5840 3312 5901 25
