4064 6210
468 312 572 368 375

468 425 586 479 misi
605 424 672 478 ad
701 440 784 479 vos
809 424 876 479 ad
906 425 998 480 hoc
1020 424 1206 496 ipsum.
1240 422 1334 478 llic
1361 420 1584 476 multam
1629 418 1866 475 ostendit
1914 415 2049 472 dile-

469 517 700 571 ctionem
719 559 732 578 .
759 517 1022 587 siquidem
1053 530 1176 572 cum
1207 513 1331 570 ideo
1356 513 1500 567 misit
1520 554 1535 573 .
1565 522 1618 566 et
1660 527 1724 566 ea
1755 512 1850 565 fuit
1886 523 2046 565 causa

468 623 564 662 cur
591 623 808 678 peregre
851 609 918 661 sit
959 607 1229 676 profectus
1257 623 1270 660 :
1301 601 1444 676 quod
1473 604 1633 660 etiam
1678 604 1890 660 diccbat
1914 604 2046 660 scri-

469 699 601 754 bens
642 699 708 754 ad
760 699 1264 754 'l'hcssaloniccnscs
1288 715 1302 751 :
1329 696 1548 768 Propter
1587 697 1725 767 quod
1773 713 1875 751 non
1903 696 2054 750 δαεῖεν

469 801 638 845 nentes
667 791 886 860 amplius
905 831 922 854 ,
949 790 1140 860 placuit
1173 790 1316 844 nobis
1361 790 1481 843 solis
1508 804 1764 843 remanere
1802 787 2012 841 Athenis
2033 828 2048 852 ,

467 894 515 935 et
558 883 785 936 misimus
836 881 1156 936 Timotheum
1203 885 1414 952 fratrem
1465 891 1693 935 nostrum
1738 881 1756 950 (
1791 881 1840 935 1.
1869 878 2048 935 Thess.

465 977 516 1030 5.
552 978 601 1031 l.
630 976 708 1044 9.).
751 975 828 1030 Ad
862 975 1124 1045 Ephesios
1151 989 1364 1045 quoque
1393 989 1515 1030 cum
1560 973 1730 1042 ipsum
1763 973 1952 1037 mittil,
1995 982 2050 1028 et

464 1077 684 1138 propter
733 1067 975 1123 eamdem
1019 1082 1282 1122 causam:
1344 1064 1411 1121 Ut
1454 1073 1718 1137 cognoscat
1759 1080 1872 1136 qua:
1915 1064 2050 1118 circa

466 1177 550 1214 eos
602 1171 719 1215 sunt
762 1170 810 1214 et
862 1160 1148 1214 consoletur
1187 1157 1341 1212 corda
1389 1167 1551 1211 vestra
1579 1155 1791 1227 (Ep/tes.
1842 1157 1893 1212 6.
1926 1155 2044 1226 ‘22).

469 1251 598 1307 \‘ide
624 1252 749 1322 quid
787 1251 928 1306 dicat
957 1269 969 1300 :
999 1250 1112 1304 Non
1145 1259 1201 1304 ut
1232 1263 1327 1303 vos
1373 1264 1462 1304 res
1488 1264 1636 1302 meas
1665 1247 1882 1303 discatis
1905 1288 1919 1311 ,
1953 1247 2045 1303 scd

465 1355 646 1415 ntcgo
677 1353 882 1399 vestras
909 1361 924 1398 :
950 1343 1020 1398 ita
1070 1357 1329 1413 nusquam
1377 1342 1516 1413 quod
1558 1359 1712 1396 suum
1759 1351 1838 1397 est
1869 1342 2041 1414 ponit.

461 1435 707 1491 Ostendit
729 1451 822 1489 eos
850 1450 1071 1505 quoque
1098 1449 1219 1489 esse
1249 1433 1302 1488 in
1332 1433 1714 1489 tentatinnihus
1735 1475 1748 1496 ,
1781 1433 2007 1486 dicendo
2027 1474 2042 1498 ,

466 1527 532 1582 Ut
552 1527 834 1582 consoletur
862 1527 1018 1580 corda
1044 1535 1227 1580 vestra.
1262 1526 1319 1580 9.
1345 1524 1470 1579 Cum
1501 1525 1757 1588 ansimo,
1782 1525 2043 1579 carissimo

460 1630 506 1674 et
535 1621 671 1690 ﬁdeli
699 1626 874 1692 fratre,
905 1623 990 1692 qui
1011 1637 1077 1675 ea:
1104 1621 1240 1675 vobis
1265 1629 1358 1674 est.
1390 1619 1604 1686 Omnia,
1630 1634 1743 1689 qua:
1770 1619 1851 1673 hic
1875 1635 2041 1688 agun-

429 1694 435 1701 ’
463 1724 562 1776 tur,
592 1721 708 1766 nota
736 1713 922 1782 facient
948 1713 1102 1767 vobis.
1137 1711 1236 1766 llic
1275 1720 1358 1767 est
1384 1709 1670 1767 Onesimus
1691 1752 1704 1774 ,
1733 1709 1802 1766 de
1841 1725 1946 1780 quo
1975 1711 2039 1766 ad

460 1803 826 1859 Philemonem
870 1804 1111 1860 scribens
1155 1804 1399 1869 dicebat,
1460 1803 1618 1869 Quem
1663 1820 1752 1874 ego
1786 1804 2041 1858 volueram

457 1911 651 1948 mecum
684 1897 908 1950 detinere
931 1936 946 1960 ,
979 1903 1033 1948 ut
1061 1911 1152 1963 pro
1178 1906 1224 1949 te
1253 1895 1378 1948 mihi
1415 1894 1722 1948 ministraret
1751 1895 1802 1949 in
1825 1895 2038 1950 vinculis

457 1988 702 2058 evangelii
739 2003 757 2040 :
783 1989 891 2041 sine
933 1987 1146 2041 consilio
1175 1996 1341 2040 autent
1381 1997 1467 2040 tuo
1507 1987 1636 2040 nihil
1672 1986 1809 2040 colui
1846 1989 2017 2059 facere

459 2077 710 2144 (Philem.
740 2079 850 2146 15).
907 2077 1070 2132 Addit
1113 2077 1274 2132 etiam
1320 2078 1619 2133 eneomium
1669 2079 1921 2144 civitatis,
1979 2089 2036 2135 tit

458 2171 617 2224 ctiam
651 2169 1029 2239 gloriarentur,
1081 2184 1178 2222 nec
1210 2168 1380 2222 solum
1428 2184 1532 2222 non
1565 2167 1911 2224 afficerentur
1936 2186 2037 2241 pu-

457 2263 609 2328 dore,
641 2262 827 2317 dicens
859 2279 872 2315 :
910 2261 1010 2326 Qui
1035 2271 1107 2315 est
1132 2278 1194 2315 ea:
1225 2263 1376 2315 vobis.
1404 2261 1608 2328 Omnia,
1627 2279 1740 2330 qua:
1760 2263 1840 2318 hic
1868 2280 2037 2333 agun-

464 2365 565 2420 tur,
607 2364 727 2407 nota
765 2355 951 2424 facient
989 2353 1145 2407 vobis.
1182 2352 1268 2418 lO,
1311 2350 1516 2408 Salutat
1570 2369 1656 2409 vos
1710 2354 2032 2409 Aristarchus

460 2445 784 2516 concaptieus
827 2461 986 2498 mnus.

526 2537 582 2591 Et.
630 2537 739 2591 lloc
762 2538 1005 2592 cncomio
1029 2538 1226 2592 nullum
1249 2547 1330 2593 est
1357 2538 1544 2607 majus.
1575 2539 1670 2594 llic
1704 2549 1783 2595 est
1804 2540 1891 2610 qui
1914 2555 2032 2595 cum

457 2631 572 2695 ipso
612 2628 874 2684 abductus
912 2629 1010 2684 fuit
1056 2630 1426 2703 Jerosolymis.
1477 2631 1646 2701 Majns
1693 2629 1828 2687 dixit
1871 2648 2029 2703 quam

457 2722 733 2789 propheta:
763 2738 775 2774 :
807 2735 930 2775 nam
957 2721 1028 2776 illi
1061 2722 1276 2792 quidem
1308 2723 1516 2793 seipsos
1555 2723 1738 2779 dicunt
1765 2723 2028 2793 inpitcs,

457 2812 690 2868 advenas
733 2823 786 2870 ct
815 2814 1160 2885 peregrinos;
1205 2815 1292 2871 hic
1333 2825 1512 2872 autem
1554 2818 1714 2872 etiam
1744 2818 2032 2886 captivum.

458 2904 750 2974 Tamquam
779 2905 922 2960 enim
951 2906 1192 2975 captivus
1235 2906 1313 2961 sic
1346 2906 1605 2977 agebatur
1647 2918 1700 2964 et
1739 2909 2034 2976 ferebatur,

457 3005 508 3050 et
538 2995 604 3050 ad
634 2996 771 3052 male
801 2995 1105 3066 patiendum
1133 2997 1212 3052 sic
1253 3007 1368 3052 erat
1398 2999 1648 3054 omnibus
1688 3001 2029 3070 propositus;

457 3091 566 3144 imo
593 3105 720 3144 vero
751 3089 852 3144 illis
879 3089 1053 3160 pejus.
1086 3088 1217 3143 Nam
1246 3089 1366 3145 illos
1387 3089 1598 3159 quidem
1620 3099 1898 3160 postquam
1923 3107 2032 3147 ce—

459 3189 649 3248 perunt
689 3180 905 3248 hostes,
947 3194 1042 3236 eos
1088 3180 1242 3235 valde
1282 3190 1472 3236 curant
1513 3191 1571 3236 ut
1616 3182 1716 3237 sibi
1748 3184 2029 3252 proprios;

460 3272 602 3328 hunc
621 3281 798 3329 autem
826 3282 882 3328 ut
906 3272 1112 3329 hostem
1143 3285 1196 3328 et
1221 3274 1490 3329 inimicum
1509 3289 1698 3331 omnes
1727 3275 1957 3346 agebant
1979 3285 2033 3332 et

455 3362 727 3430 ferebant,
755 3364 1102 3422 verberantes
1121 3407 1135 3431 ,
1167 3365 1344 3438 ﬂagris
1373 3366 1666 3436 exedentes,
1695 3369 2034 3427 contumeliis

457 3455 781 3522 allicientes,
823 3457 1237 3513 calumniantes.
1288 3458 1397 3514 lloe
1428 3459 1535 3515 illis
1573 3460 1735 3515 etiam
1767 3471 1883 3517 erat
1909 3477 2036 3518 con-

451 3547 703 3602 solationi
738 3565 750 3600 :
779 3563 900 3604 cum
937 3551 1078 3605 enim
1109 3561 1409 3620 praeceptor
1453 3551 1504 3606 in
1548 3551 1738 3607 iisdem
1771 3563 2037 3622 versatur,

451 3641 714 3710 majorem
745 3641 1167 3699 consolationem
1193 3643 1460 3714 accipiunt
1490 3644 1766 3715 discipuli.
1802 3645 1866 3700 Et
1896 3646 2041 3701 Mar-

444 3747 546 3786 cus
573 3733 900 3788 consobrinus
930 3733 1202 3788 Barnabaz.
1237 3733 1390 3790 llnnc
1422 3751 1635 3806 quoque
1657 3738 1767 3808 jam
1799 3738 2038 3794 laudavit

457 3839 522 3878 ex
550 3826 865 3894 cognatione
899 3843 912 3880 :
941 3835 1058 3881 erat
1091 3826 1236 3881 enim
1270 3827 1542 3884 Barnabas
1571 3829 1654 3883 vir
1683 3846 1928 3901 magnus.
1959 3832 2036 3887 De

455 3932 554 3981 quo
576 3916 837 3984 accepistis
873 3917 1116 3970 numdata
1138 3933 1158 3972 :
1176 3919 1220 3972 si
1248 3920 1434 3972 venerit
1459 3921 1527 3972 ad
1550 3936 1667 3988 uos,
1705 3924 1942 3992 suscipite
1969 3925 2038 3978 il-

448 4005 584 4060 lum.
619 4006 756 4073 Quid
798 4007 1095 4063 vero?non
1143 4008 1301 4065 aliter
1343 4011 1750 4080 suscepissent?
1777 4013 2037 4080 Maxime;

459 4098 550 4153 sed
577 4139 592 4164 ,
622 4099 752 4154 Cum
783 4114 976 4172 magno
998 4140 1014 4166 ,
1053 4100 1228 4172 inquit
1248 4141 1264 4168 ,
1295 4102 1419 4157 volo
1447 4103 1622 4158 studio
1657 4124 1671 4159 :
1715 4115 1770 4160 ct
1795 4106 1896 4160 hoc
1927 4121 2042 4161 ma-

463 4206 618 4259 gnum
676 4191 847 4246 virum
884 4192 1148 4248 ostendit.
1185 4191 1460 4250 Undenam
1512 4205 1690 4252 autem
1737 4199 2041 4266 acceperint

449 4282 707 4337 inundata
729 4324 744 4349 ,
775 4297 878 4338 non
904 4283 1052 4339 dicit.
1078 4285 1169 4340 11.
1215 4283 1284 4338 Et
1310 4283 1483 4352 Iesus,
1513 4287 1600 4356 qui
1626 4287 1812 4341 dicitur
1833 4288 2033 4344 Justus.

452 4371 564 4426 iste
609 4373 836 4429 fortasse
884 4384 1002 4430 erat
1050 4373 1378 4431 Corinthius.
1411 4377 1614 4433 Deinde
1657 4377 1748 4431 dat
1788 4379 2040 4435 omnibus

445 4479 744 4520 connnunc
771 4466 1073 4520 cncomium
1095 4507 1111 4533 ,
1140 4480 1263 4521 cum
1291 4466 1516 4523 dixisset
1543 4470 1684 4539 quod
1715 4479 1830 4525 erat
1855 4472 2039 4526 unius-

458 4554 719 4625 cujusque
764 4557 1042 4628 proprium
1072 4573 1088 4611 :
1124 4556 1226 4622 Qui
1270 4567 1387 4612 sunt
1430 4575 1493 4613 ea:
1533 4560 1912 4616 circumcisione
1937 4577 1957 4616 :
1986 4563 2039 4616 hi

458 4648 557 4700 soli
573 4657 688 4702 sum
717 4650 978 4719 adjutores
1017 4650 1110 4703 mei
1137 4651 1190 4704 in
1214 4665 1368 4721 regno
1396 4649 1491 4705 Dei
1517 4668 1537 4704 :
1561 4653 1647 4722 qui
1681 4653 1805 4706 mihi
1832 4653 2038 4722 fuerunt

459 4737 661 4794 solatio.
703 4738 992 4810 Postquam
1027 4739 1203 4806 dixit,
1233 4739 1605 4812 Concaptivus,
1639 4757 1707 4798 ne
1735 4743 2037 4799 auditorum

463 4829 700 4884 animum
727 4831 886 4886 simul
914 4830 1127 4902 dejiciat
1150 4872 1167 4900 ,
1199 4832 1320 4888 vide
1348 4833 1616 4903 quomodo
1640 4833 1744 4889 hoc
1770 4844 1952 4904 ponat,
1983 4845 2040 4892 et

452 4937 558 4977 eos
585 4922 832 4978 excitet:
861 4922 1138 4994 Adjutores
1158 4964 1175 4990 ,
1227 4923 1414 4995 inquit,
1446 4925 1546 4980 mei
1572 4925 1640 4979 ad
1682 4942 1894 4997 regnum
1925 4927 2038 4983 Dei.

453 5016 966 5083 Quamobremcum
997 5017 1104 5072 sint
1131 5017 1265 5073 socii
1295 5017 1646 5073 tentationum
1672 5059 1687 5085 ,
1717 5027 1843 5074 sunt
1869 5019 2032 5076 etiam

457 5109 614 5177 regni
632 5107 785 5162 socii.
809 5105 910 5173 Qui
929 5105 1133 5176 [uerunt
1148 5106 1274 5160 mihi
1291 5106 1495 5162 solatio.
1523 5107 1770 5165 Ostendit
1799 5125 1894 5166 eos
1920 5125 2041 5167 esse

465 5211 708 5267 magnos,
727 5195 989 5266 siquidem
1010 5196 1173 5251 Paulo
1188 5196 1401 5253 fuerunt
1415 5197 1626 5254 solatio.
1645 5198 1751 5255 Sed
1767 5200 2041 5258 videamus

465 5288 612 5341 l’auli
629 5286 987 5357 prudentiam.
1010 5285 1075 5341 In
1084 5287 1359 5356 sapientia,
1385 5289 1574 5359 inquit,
1598 5291 1853 5346 ambulate
1873 5292 1941 5346 ad
1955 5309 2040 5347 eos

463 5380 549 5448 qui
567 5379 694 5446 {oris
706 5389 846 5445 sunt,
871 5388 1067 5450 tempus
1083 5378 1404 5434 redimentes.
1427 5378 1540 5435 Hoc
1560 5389 1663 5449 est,
1686 5380 1802 5437 Non
1828 5393 1911 5439 est
1945 5398 2038 5438 ve-

463 5482 633 5526 strum
660 5479 890 5540 tempus,
913 5470 1008 5526 sed
1035 5471 1245 5526 illorum
1273 5488 1288 5528 :
1317 5469 1484 5527 nolite
1509 5487 1638 5543 ergo
1659 5472 1954 5530 domini-nm
1985 5483 2041 5530 et

464 5563 838 5618 auctoritatem
864 5562 1016 5619 vobis
1045 5563 1316 5621 vindicare
1334 5605 1349 5630 ,
1396 5563 1492 5621 sed
1523 5574 1734 5635 tempus
1765 5567 2037 5625 redimite.

463 5653 646 5723 Neque
673 5653 809 5709 dixit
835 5651 1196 5719 solummodo,
1226 5654 1400 5711 Emito
1419 5697 1434 5722 ,
1464 5655 1593 5724 sed,
1625 5656 1891 5715 Redimitc
1910 5701 1926 5726 ,
1962 5659 2044 5714 si-

460 5742 725 5812 gnificans
777 5745 943 5813 quod,
993 5747 1072 5802 sic
1115 5745 1321 5815 allecti,
1376 5747 1534 5804 aliter
1583 5748 1757 5820 ipsum
1803 5762 2038 5809 vestrum

1140 310 1196 366 s.
1235 306 1512 367 JOANNIS
1548 300 2017 364 cnnvsosrout
2058 299 2372 357 ARCIIIEP.
2412 301 2939 396 CONSTANTINOP.
3638 323 3727 380 su

2155 413 2373 470 efﬁcite.
2420 417 2655 476 Summa:
2692 421 2834 476 enim
2864 420 3026 478 fuerit
3067 426 3316 481 amentia:
3338 469 3352 493 ,
3401 427 3656 488 bellorum
3680 447 3724 490 et

2159 505 2556 563 inimicitiarum
2592 511 2899 581 excogitare
2943 515 3276 571 occasiones.
3320 517 3452 574 Nam
3501 522 3566 576 ad
3600 524 3722 590 hoc,

2155 597 2296 666 quod
2325 600 2558 668 pericula
2585 606 2917 660 sustinemus
2943 606 3213 677 superﬂua
3255 618 3308 663 et
3340 626 3462 680 quae
3489 613 3619 669 nihil
3646 616 3726 671 ha-

2154 685 2281 743 bent
2311 688 2476 754 lucri,
2505 693 2646 749 aliud
2673 710 2888 765 quoque
2925 697 3180 752 damnum
3224 701 3465 767 accedit,
3505 706 3641 773 quod
3666 709 3723 762 ad

2157 795 2253 835 nos
2296 781 2470 838 Graeci
2513 800 2618 840 non
2654 788 2933 843 accedant.
2973 789 3107 844 Nam
3154 794 3369 862 quando
3412 795 3578 853 fueris
3605 800 3722 856 inter

2157 875 2366 941 fratres,
2397 878 2589 933 merito
2615 879 2842 935 conﬂdis
2867 900 2880 934 :
2913 881 3043 937 foris
3064 895 3242 939 autem
3269 902 3374 941 non
3402 888 3480 944 sic
3505 903 3722 961 oportet.

2156 965 2315 1022 Vides
2337 970 2604 1038 quomodo
2624 971 2818 1044 ubique
2839 989 2932 1029 eos
2954 976 3042 1045 qui
3065 986 3187 1030 stmt
3204 977 3335 1034 foris
3352 979 3481 1035 dicit
3499 981 3721 1039 Grzecos.

2155 1059 2441 1128 Propterea
2478 1061 2690 1119 diccbat
2731 1066 2890 1120 etiam
2941 1069 3184 1124 scribens
3236 1072 3303 1125 ad
3352 1073 3721 1132 Timotheum:

2156 1149 2366 1222 Oportet
2383 1154 2546 1223 ipsum
2562 1166 2610 1210 et
2627 1155 2690 1210 ab
2708 1158 2880 1242 iisqui
2905 1161 3031 1230 foris
3049 1172 3163 1215 sunt
3181 1163 3366 1218 bonum
3386 1166 3569 1223 habere
3592 1172 3718 1225 testi-

2153 1245 2376 1299 monium
2404 1247 2480 1317 (1.
2511 1246 2640 1301 Tim.
2669 1249 2722 1304 5.
2753 1249 2838 1320 7);
2868 1260 2919 1305 et
2961 1267 3166 1318 rursus,
3199 1254 3336 1322 Quid
3363 1259 3495 1312 enim
3524 1277 3630 1314 utea
3653 1279 3725 1315 re-

2149 1339 2246 1405 fert
2276 1337 2337 1390 de
2366 1338 2428 1392 iis
2465 1339 2551 1406 qui
2580 1339 2705 1410 foris
2733 1351 2849 1394 sunt
2869 1342 3106 1412 judicare
3135 1346 3221 1415 (1.
3251 1346 3369 1403 Cor.
3403 1349 3456 1405 5.
3493 1351 3636 1424 12)?
3665 1353 3723 1410 In

2149 1427 2418 1498 sapientia,
2450 1430 2641 1500 inquit,
2670 1431 2923 1487 ambulate
2945 1435 3014 1486 ad
3038 1451 3121 1489 eos
3145 1437 3232 1507 qui
3259 1439 3386 1507 foris
3412 1451 3546 1495 sunt.
3579 1442 3723 1500 Foris

2147 1519 2290 1572 enim
2314 1528 2456 1586 sunt,
2487 1522 2586 1575 etsi
2609 1522 2854 1578 eumdem
2879 1538 3036 1594 quem
3065 1541 3164 1581 nos
3187 1530 3443 1585 mundum
3471 1531 3720 1600 habitent,

2149 1620 2207 1666 ut
2248 1612 2335 1682 qui
2363 1613 2467 1667 sint
2506 1622 2656 1669 extra
2703 1630 2924 1687 regnum
2966 1626 3019 1673 et
3064 1618 3281 1674 domum
3331 1624 3516 1691 patris.
3563 1623 3721 1682 Simul

2147 1704 2307 1759 etiam
2339 1719 2432 1760 eos
2459 1706 2787 1773 consolatur,
2838 1708 2956 1762 illos
2997 1723 3195 1764 vocans
3230 1721 3516 1769 extraneos
3545 1732 3558 1767 :
3591 1719 3720 1786 quod

2147 1796 2357 1865 quidem
2382 1796 2595 1853 dicebat
2623 1799 2888 1867 superius,
2927 1799 3040 1853 Vita
3066 1812 3229 1855 vestra
3257 1803 3501 1859 absconsa
3526 1819 3596 1861 est
3617 1824 3722 1862 cum

2145 1889 2346 1945 Christo
2372 1892 2422 1944 in
2453 1890 2558 1946 Deo
2585 1891 2717 1964 (Col.
2741 1894 2793 1948 3.
2814 1892 2892 1963 5).
2921 1893 3093 1959 Tunc,
3125 1895 3316 1966 inquit,
3341 1897 3567 1966 gloriam
3593 1915 3719 1969 qua:-

2145 1985 2268 2051 rite,
2299 1993 2424 2039 tunc
2447 1985 2701 2050 honores,
2733 1995 2859 2040 tunc
2882 1986 2982 2040 alia
3005 1987 3216 2052 omnia;
3251 2005 3390 2045 nunc
3421 2000 3598 2046 autem
3629 2009 3718 2049 ne-

2144 2091 2409 2146 quaquam
2431 2121 2445 2143 ,
2479 2077 2573 2132 sed
2612 2078 2715 2133 illis
2739 2077 3004 2148 praebete.
3056 2079 3291 2148 Deinde,
3326 2097 3392 2136 ne
3426 2092 3580 2152 putes
3605 2100 3716 2140 eum

2145 2166 2210 2220 de
2242 2168 2481 2236 pecuniis
2505 2168 2670 2238 loqui,
2702 2169 2850 2224 addit
2877 2188 2892 2223 :
2923 2169 3104 2225 Sermo
3128 2180 3289 2225 vester
3314 2189 3512 2244 semper
3536 2177 3587 2228 in
3609 2193 3716 2247 gra-

2145 2258 2243 2323 tia,
2271 2259 2378 2313 sale
2407 2260 2473 2312 sit
2501 2260 2736 2314 conditus
2759 2301 2774 2325 ,
2817 2269 2872 2314 ut
2902 2261 3075 2316 sciatis
3110 2263 3359 2332 quomodo
3383 2275 3613 2332 oporteat
3641 2283 3718 2322 vos

2144 2350 2414 2422 unicuique
2432 2351 2751 2420 respondere.
2777 2350 2848 2407 Ut
2874 2366 2981 2407 non
3009 2353 3078 2407 sit
3108 2353 3297 2423 plenus
3329 2356 3615 2426 hypocrisi,
3647 2358 3720 2412 in-

2143 2444 2292 2513 quit:
2329 2443 2431 2498 lioc
2453 2444 2594 2499 enim
2624 2459 2729 2500 non
2760 2453 2842 2500 est
2867 2445 3035 2514 gratia
3059 2487 3072 2511 ,
3102 2461 3274 2515 neque
3293 2488 3308 2513 ,
3342 2446 3466 2502 Sale
3494 2458 3577 2505 est
3599 2464 3721 2506 con-

2143 2535 2332 2590 ditum.
2356 2534 2426 2592 Ut
2455 2545 2599 2605 puta,
2629 2535 2834 2607 absque
2874 2536 3112 2606 periculo
3141 2537 3321 2593 colere
3348 2548 3627 2608 oporteat,
3658 2557 3721 2597 ne

2143 2642 2358 2683 recuses
2383 2646 2396 2682 :
2421 2629 2464 2682 si
2494 2636 2703 2698 tempus
2728 2628 2798 2682 sit
2820 2628 3029 2698 placide
3056 2628 3328 2698 loquendi,
3361 2646 3427 2684 ne
3453 2646 3569 2685 eam
3602 2647 3712 2688 rem

2143 2718 2418 2775 existimes
2447 2719 2862 2775 assentationem
2886 2738 2900 2775 :
2933 2719 3013 2774 fac
3034 2720 3212 2775 omnia
3238 2736 3355 2791 quae
3375 2721 3442 2776 ad
3467 2721 3718 2778 honorem

2143 2812 2403 2876 attinent,
2453 2811 2525 2865 ita
2562 2820 2622 2865 ut
2659 2827 2764 2866 non
2805 2810 3030 2866 lmdatur
3057 2811 3241 2881 pictas.
3275 2812 3391 2867 Non
3419 2813 3566 2870 vides
3595 2829 3723 2885 quo-

2143 2904 2304 2959 modo
2334 2903 2515 2959 Daniel
2544 2903 2816 2960 hominem
2844 2905 2973 2960 colit
3001 2904 3261 2974 impium?
3289 2921 3393 2960 non
3423 2905 3571 2961 vides
3596 2921 3724 2977 quo-

2144 2995 2305 3051 modo
2327 3003 2436 3051 tres
2459 2996 2610 3066 pueri
2627 3011 2748 3051 cum
2771 2996 3029 3066 sapientia
3051 2997 3164 3067 regi
3185 2995 3477 3051 oﬂerantnr
3496 3007 3546 3052 et
3562 2997 3722 3053 animi

2144 3087 2492 3144 ostendentes
2519 3087 2890 3144 fortitudinem
2919 3097 2973 3144 et
3009 3089 3220 3144 dicendi
3255 3089 3588 3156 libertatem,
3619 3105 3722 3144 non

2143 3191 2321 3236 autem
2376 3181 2714 3236 temerariam
2761 3179 3038 3235 audaciam
3087 3190 3142 3237 et
3191 3182 3580 3248 asperitatem?
3627 3181 3728 3236 hoc

2145 3273 2286 3328 enim
2310 3287 2416 3327 non
2445 3281 2526 3327 est
2549 3271 2800 3342 loquendi
2826 3271 3089 3328 libertatis
3107 3280 3163 3327 et
3181 3271 3410 3338 ﬁducize,
3436 3271 3530 3326 sed
3555 3271 3728 3327 inanis

2143 3363 2349 3433 glorias.
2385 3361 2452 3417 Ut
2489 3363 2661 3418 sciatis
2680 3405 2696 3430 ,
2729 3362 2936 3434 inquit,
2966 3363 3218 3433 quomodo
3248 3374 3477 3433 oporteat
3506 3380 3592 3418 vos
3616 3366 3731 3418 uni-

2144 3456 2321 3523 cuique
2350 3455 2674 3526 respondere.
2707 3455 2878 3512 Aliter
2915 3457 3056 3512 enim
3083 3457 3346 3527 principi,
3379 3456 3536 3512 aliter
3559 3457 3608 3512 ei
3637 3458 3730 3529 qui

2145 3547 2365 3622 alterius
2391 3557 2546 3617 paret
2591 3548 2857 3619 imperio;
2897 3548 3054 3605 aliter
3079 3548 3272 3618 diviti,
3300 3550 3458 3604 aliter
3487 3551 3730 3622 pauperi.

2145 3616 2358 3708 Quare?
2397 3616 2686 3708 iQuoniam—
2717 3641 2940 3698 divitum
2987 3651 3039 3697 et
3071 3616 3367 3713 principum
3407 3616 3573 3700 animi
3595 3616 3737 3700 sunt

2147 3733 2543 3801 imbecilliores,
2580 3742 2637 3789 ut
2665 3736 2754 3805 qui
2786 3743 3030 3789 tumeant
3058 3744 3113 3789 et
3137 3733 3382 3789 difﬂuant
3410 3751 3424 3788 τ
3454 3750 3560 3806 quo
3585 3735 3645 3790 lit
3671 3745 3737 3790 ut

2145 3824 2286 3893 apud
2313 3839 2407 3880 eos
2434 3841 2493 3880 se
2537 3826 2704 3895 magis
2733 3823 3018 3881 demittere
3045 3832 3100 3880 ct
3143 3815 3549 3883 accommodare
3572 3842 3739 3897 opor-

2147 3925 2255 3971 teat
2279 3935 2292 3969 :
2327 3932 2619 3986 pauperum
2648 3925 2824 3973 autem
2851 3927 3116 3974 eteorum
3140 3919 3227 3990 qui
3255 3927 3381 3974 sunt
3409 3918 3631 3988 subjecti
3654 3919 3738 3974 al-

2148 4009 2277 4074 teri,
2317 4008 2600 4064 solidiores
2643 4018 2698 4064 et
2741 4009 3114 4078 prudentiores
3146 4027 3160 4063 :
3193 4024 3358 4080 quare
3385 4018 3436 4065 et
3465 4009 3552 4064 hic
3578 4018 3742 4066 uten-

2146 4099 2274 4154 dum
2300 4107 2383 4154 est
2413 4100 2600 4171 majori
2630 4101 2880 4172 loquendi
2912 4101 3176 4166 libertate,
3223 4116 3388 4155 unum
3413 4100 3736 4171 spectando,

2147 4173 2340 4261 nempe
2382 4189 2811 4246 aediﬁcationem.
2853 4189 2968 4246 Non
2997 4191 3250 4260 quoniam
3280 4191 3366 4247 hic
3407 4190 3622 4260 quidem
3652 4201 3745 4247 est

2149 4297 2371 4352 pauper,
2402 4281 2490 4337 ille
2518 4297 2649 4337 vero
2674 4283 2844 4347 dives,
2879 4281 2968 4337 ille
2999 4282 3120 4337 ideo
3150 4281 3269 4351 plus
3300 4282 3615 4348 honoretur,
3648 4283 3745 4340 hic

2148 4387 2278 4426 vero
2305 4372 2510 4437 minus;
2541 4371 2634 4426 sed
2665 4383 2882 4442 propter
2929 4372 3348 4428 imbecillitatem
3395 4373 3483 4427 hic
3514 4373 3746 4442 quidem

2150 4465 2370 4530 feratur,
2403 4465 2492 4520 ille
2523 4478 2650 4519 vero
2680 4479 2786 4518 non
2819 4463 2966 4518 item.
3014 4465 3254 4534 Exempli
3291 4479 3482 4530 causa,
3517 4465 3616 4518 nisi
3665 4465 3746 4519 sit

2148 4571 2307 4612 causa
2329 4598 2343 4624 ,
2395 4557 2639 4612 Graecum
2685 4569 2754 4610 ne
2781 4569 2940 4610 voces
2968 4554 3351 4610 exsecrandum
3373 4595 3387 4616 ,
3438 4570 3614 4626 neque
3661 4557 3746 4610 sis

2148 4650 2604 4715 contumeliosus;
2635 4647 2730 4704 sed
2775 4649 2820 4702 si
2849 4648 2916 4702 de
2959 4646 3206 4718 dogmate
3243 4645 3455 4718 quidem
3487 4645 3704 4718 rogeris
3724 4688 3742 4712 ,

2147 4743 2414 4812 responde
2440 4743 2491 4797 id
2521 4756 2642 4798 esse
2673 4739 3061 4798 exsecrandum
3089 4748 3144 4795 ct
3179 4739 3398 4808 impium
3429 4756 3443 4792 :
3485 4739 3530 4792 si
3571 4753 3747 4793 nemo

2148 4845 2328 4890 autem
2352 4843 2526 4906 roget,
2549 4849 2721 4904 neque
2751 4841 2907 4904 cogat
2933 4833 3132 4896 dicere,
3157 4845 3262 4886 non
3289 4838 3503 4900 oportet
3529 4839 3750 4885 temere

2150 4927 2480 4983 inimicitiam
2517 4926 2815 4998 suscipere.
2846 4925 2980 4992 Quid
3008 4924 3149 4980 enim
3181 4937 3403 4979 necesse
3433 4932 3516 4979 est
3541 4939 3751 4992 super-

2148 5033 2410 5075 vacaneas
2429 5017 2531 5074 sibi
2551 5031 2862 5088 comparare
2880 5015 3214 5071 inimicitias?
3236 5015 3464 5082 Rursus,
3483 5014 3528 5070 si
3548 5029 3732 5086 quem

2150 5116 2290 5184 piam
2331 5112 2599 5168 catecbesi
2627 5112 2904 5175 instituas,
2944 5109 3032 5164 die
3057 5118 3116 5164 ut
3159 5109 3393 5180 postulat
3427 5107 3748 5178 subjectum

2149 5213 2556 5274 argumentum;
2586 5202 2784 5273 alioqui
2809 5212 2950 5256 tace.
2981 5199 3038 5254 Si
3081 5214 3261 5256 sermo
3304 5199 3377 5256 sit
3402 5199 3517 5254 sale
3541 5199 3722 5256 condi

2151 5305 2254 5360 tus,
2283 5294 2492 5350 etiamsi
2520 5293 2572 5348 in
2599 5291 2928 5348 difﬂuentem
2957 5291 3204 5346 inciderit
3227 5289 3481 5354 animam,
3509 5287 3751 5344 mollem

2150 5386 2452 5457 restringit;
2485 5384 2695 5440 etiamsi
2720 5383 2774 5439 in
2814 5397 3091 5454 asperam,
3121 5382 3312 5452 levigat
3341 5380 3610 5437 duritiem.
3649 5378 3756 5435 Sis

2149 5478 2449 5548 gratiosus,
2479 5491 2580 5532 nec
2607 5474 2898 5539 molestus;
2933 5489 3036 5528 nec
3081 5487 3267 5527 rursus
3297 5471 3504 5535 mollis,
3537 5469 3639 5526 sed
3688 5479 3756 5524 et

2149 5569 2515 5625 austeritatem
2557 5565 2755 5622 habeas
2781 5574 2836 5620 et
2862 5563 3208 5634 voluptatem.
3248 5561 3379 5617 Nam
3424 5562 3470 5616 si
3512 5561 3639 5630 quis
3672 5561 3762 5617 sit.

2148 5675 2308 5732 supra
2348 5657 2564 5715 modum
2588 5664 2862 5723 austerus,
2894 5654 3064 5726 magis
3103 5653 3248 5708 lthil.
3284 5667 3443 5724 quam
3471 5651 3754 5721 prodest;

2149 5752 2232 5807 sin
2262 5757 2440 5807 autem
2469 5748 2540 5805 sit
2565 5761 2729 5820 supra
2759 5745 2977 5803 modum
3007 5743 3272 5814 urbanus,
3302 5742 3471 5816 magis
3501 5750 3585 5801 est
3616 5758 3762 5796 uio-
