  <div class='ocr_page' id='page_1' title='image "/cluster/home/n/w/nwhite01/storage/ocr_20150623/62/hvd.32044054086319/380.png"; bbox 0 0 4072 6206; ppageno 0'>
   <div class='ocr_carea' id='block_1_1' title="bbox 338 289 453 352">
    <p class='ocr_par' dir='ltr' id='par_1_1' title="bbox 338 289 453 352">
     <span class='ocr_line' id='line_1_1' title="bbox 338 289 453 352; baseline -0.052 -1"><span class='ocrx_word' id='word_1_1' title='bbox 338 289 453 352; x_wconf 75' lang='lat'><em>375</em></span> 
     </span>
    </p>
   </div>
   <div class='ocr_carea' id='block_1_2' title="bbox 340 494 1926 568">
    <p class='ocr_par' dir='ltr' id='par_1_2' title="bbox 340 494 1926 568">
     <span class='ocr_line' id='line_1_2' title="bbox 340 494 1926 568; baseline 0 -18"><span class='ocrx_word' id='word_1_2' title='bbox 340 496 575 568; x_wconf 76' lang='grc' dir='ltr'><em>ηγαγεν.</em></span> <span class='ocrx_word' id='word_1_3' title='bbox 599 496 709 549; x_wconf 86' lang='grc' dir='ltr'><em>⁸ον</em></span> <span class='ocrx_word' id='word_1_4' title='bbox 734 495 975 566; x_wconf 75' lang='grc' dir='ltr'><em>ἔπεμψα</em></span> <span class='ocrx_word' id='word_1_5' title='bbox 1019 497 1170 565; x_wconf 79' lang='grc' dir='ltr'><em>πρὸς</em></span> <span class='ocrx_word' id='word_1_6' title='bbox 1220 494 1377 566; x_wconf 83' lang='grc' dir='ltr'><em>ὑμᾶς</em></span> <span class='ocrx_word' id='word_1_7' title='bbox 1425 498 1512 561; x_wconf 86' lang='grc' dir='ltr'><em>είς</em></span> <span class='ocrx_word' id='word_1_8' title='bbox 1551 495 1699 551; x_wconf 84' lang='grc' dir='ltr'><em>αὐτὸ</em></span> <span class='ocrx_word' id='word_1_9' title='bbox 1727 495 1926 550; x_wconf 86' lang='grc' dir='ltr'><em>τοῦτο.</em></span> 
     </span>
    </p>
   </div>
   <div class='ocr_carea' id='block_1_3' title="bbox 284 570 1930 655">
    <p class='ocr_par' dir='ltr' id='par_1_3' title="bbox 284 570 1930 655">
     <span class='ocr_line' id='line_1_3' title="bbox 284 570 1930 655; baseline -0.001 -17"><span class='ocrx_word' id='word_1_10' title='bbox 284 576 319 630; x_wconf 64' lang='grc' dir='ltr'><em>’ξ</em></span> <span class='ocrx_word' id='word_1_11' title='bbox 354 576 624 638; x_wconf 77' lang='grc' dir='ltr'><em>Ἐνταῦθα</em></span> <span class='ocrx_word' id='word_1_12' title='bbox 655 582 753 654; x_wconf 77' lang='grc' dir='ltr'><em>την</em></span> <span class='ocrx_word' id='word_1_13' title='bbox 781 583 1002 655; x_wconf 84' lang='grc' dir='ltr'>ἀγάπην</span> <span class='ocrx_word' id='word_1_14' title='bbox 1027 583 1269 638; x_wconf 87' lang='grc' dir='ltr'><em>δείκνυσι</em></span> <span class='ocrx_word' id='word_1_15' title='bbox 1299 570 1642 653; x_wconf 70' lang='grc' dir='ltr'><em>τῆν’πολλὴν,</em></span> <span class='ocrx_word' id='word_1_16' title='bbox 1669 583 1722 637; x_wconf 88' lang='grc' dir='ltr'><em>εί</em></span> <span class='ocrx_word' id='word_1_17' title='bbox 1746 599 1811 652; x_wconf 88' lang='grc' dir='ltr'><em>γε</em></span> <span class='ocrx_word' id='word_1_18' title='bbox 1834 582 1930 636; x_wconf 70' lang='grc' dir='ltr'><em>καὶ</em></span> 
     </span>
    </p>
   </div>
   <div class='ocr_carea' id='block_1_4' title="bbox 333 665 1931 743">
    <p class='ocr_par' dir='ltr' id='par_1_4' title="bbox 333 665 1931 743">
     <span class='ocr_line' id='line_1_4' title="bbox 333 665 1931 743; baseline 0.001 -18"><span class='ocrx_word' id='word_1_19' title='bbox 333 670 433 725; x_wconf 77' lang='grc' dir='ltr'><em>διὰ</em></span> <span class='ocrx_word' id='word_1_20' title='bbox 450 672 609 724; x_wconf 89' lang='grc' dir='ltr'><em>τοῦτο</em></span> <span class='ocrx_word' id='word_1_21' title='bbox 641 665 803 724; x_wconf 77' lang='grc' dir='ltr'><em>αὐτὸν</em></span> <span class='ocrx_word' id='word_1_22' title='bbox 833 666 1163 738; x_wconf 80' lang='grc' dir='ltr'><em>ἀπέσταλκε,</em></span> <span class='ocrx_word' id='word_1_23' title='bbox 1192 673 1287 725; x_wconf 76' lang='grc' dir='ltr'><em>καὶ</em></span> <span class='ocrx_word' id='word_1_24' title='bbox 1314 672 1412 743; x_wconf 87' lang='grc' dir='ltr'><em>τῆς</em></span> <span class='ocrx_word' id='word_1_25' title='bbox 1441 671 1752 742; x_wconf 81' lang='grc' dir='ltr'><em>ἀποδημίας</em></span> <span class='ocrx_word' id='word_1_26' title='bbox 1783 673 1931 726; x_wconf 80' lang='grc' dir='ltr'><em>αἰτία</em></span> 
     </span>
    </p>
   </div>
   <div class='ocr_carea' id='block_1_5' title="bbox 236 754 1925 830">
    <p class='ocr_par' dir='ltr' id='par_1_5' title="bbox 236 754 1925 830">
     <span class='ocr_line' id='line_1_5' title="bbox 236 754 1925 830; baseline 0 -19"><span class='ocrx_word' id='word_1_27' title='bbox 236 756 239 759; x_wconf 66' lang='grc'><em>’</em></span> <span class='ocrx_word' id='word_1_28' title='bbox 343 757 486 828; x_wconf 78' lang='grc' dir='ltr'><em>αὕτη</em></span> <span class='ocrx_word' id='word_1_29' title='bbox 522 758 774 827; x_wconf 87' lang='grc' dir='ltr'><em>γέγονεν·</em></span> <span class='ocrx_word' id='word_1_30' title='bbox 807 754 840 810; x_wconf 78' lang='grc' dir='ltr'><em>’ὃ</em></span> <span class='ocrx_word' id='word_1_31' title='bbox 863 758 958 812; x_wconf 73' lang='grc' dir='ltr'><em>καὶ</em></span> <span class='ocrx_word' id='word_1_32' title='bbox 987 756 1441 813; x_wconf 84' lang='grc' dir='ltr'><em>Θεσσαλονικεῦσι</em></span> <span class='ocrx_word' id='word_1_33' title='bbox 1483 758 1718 830; x_wconf 80' lang='grc' dir='ltr'><em>γράφων</em></span> <span class='ocrx_word' id='word_1_34' title='bbox 1748 758 1925 825; x_wconf 79' lang='grc' dir='ltr'><em>ἔλεγε·</em></span> 
     </span>
    </p>
   </div>
   <div class='ocr_carea' id='block_1_6' title="bbox 344 844 1933 918">
    <p class='ocr_par' dir='ltr' id='par_1_6' title="bbox 344 844 1933 918">
     <span class='ocr_line' id='line_1_6' title="bbox 344 844 1933 918; baseline 0.002 -20"><span class='ocrx_word' id='word_1_35' title='bbox 344 845 444 899; x_wconf 86' lang='grc' dir='ltr'><em>Διὸ</em></span> <span class='ocrx_word' id='word_1_36' title='bbox 471 845 684 915; x_wconf 79' lang='grc' dir='ltr'><em>μηκέτι</em></span> <span class='ocrx_word' id='word_1_37' title='bbox 715 846 1037 918; x_wconf 79' lang='grc' dir='ltr'><em>στέγοντες</em></span> <span class='ocrx_word' id='word_1_38' title='bbox 1066 845 1498 917; x_wconf 77' lang='grc' dir='ltr'><em>ηὐδοκήσαμεν</em></span> <span class='ocrx_word' id='word_1_39' title='bbox 1530 844 1933 915; x_wconf 69' lang='grc' dir='ltr'><em>καταλειφθῆ-</em></span> 
     </span>
    </p>
   </div>
   <div class='ocr_carea' id='block_1_7' title="bbox 344 933 1932 1003">
    <p class='ocr_par' dir='ltr' id='par_1_7' title="bbox 344 933 1932 1003">
     <span class='ocr_line' id='line_1_7' title="bbox 344 933 1932 1003; baseline -0.001 -15"><span class='ocrx_word' id='word_1_40' title='bbox 344 949 446 988; x_wconf 88' lang='grc' dir='ltr'><em>ναι</em></span> <span class='ocrx_word' id='word_1_41' title='bbox 469 933 542 986; x_wconf 82' lang='grc' dir='ltr'><em>ἐν</em></span> <span class='ocrx_word' id='word_1_42' title='bbox 568 933 839 1001; x_wconf 80' lang='grc' dir='ltr'><em>’Δθήναις</em></span> <span class='ocrx_word' id='word_1_43' title='bbox 887 934 1086 1003; x_wconf 81' lang='grc' dir='ltr'><em>μόνοι,</em></span> <span class='ocrx_word' id='word_1_44' title='bbox 1121 933 1222 988; x_wconf 76' lang='grc' dir='ltr'><em>καὶ</em></span> <span class='ocrx_word' id='word_1_45' title='bbox 1259 933 1615 1003; x_wconf 67' lang='grc' dir='ltr'><em>ἐπέμψαμεν</em></span> <span class='ocrx_word' id='word_1_46' title='bbox 1652 933 1932 1002; x_wconf 83' lang='grc' dir='ltr'><em>Τιμόθεον</em></span> 
     </span>
    </p>
   </div>
   <div class='ocr_carea' id='block_1_8' title="bbox 344 1019 1930 1091">
    <p class='ocr_par' dir='ltr' id='par_1_8' title="bbox 344 1019 1930 1091">
     <span class='ocr_line' id='line_1_8' title="bbox 344 1019 1930 1091; baseline 0 -17"><span class='ocrx_word' id='word_1_47' title='bbox 344 1019 457 1074; x_wconf 84' lang='grc' dir='ltr'><em>τὸν</em></span> <span class='ocrx_word' id='word_1_48' title='bbox 484 1019 761 1089; x_wconf 72' lang='grc' dir='ltr'><em>ἀδελφὸν</em></span> <span class='ocrx_word' id='word_1_49' title='bbox 786 1021 976 1090; x_wconf 76' lang='grc' dir='ltr'><em>ἡμῶν.</em></span> <span class='ocrx_word' id='word_1_50' title='bbox 1018 1022 1132 1074; x_wconf 72' lang='grc' dir='ltr'><em>Καὶ</em></span> <span class='ocrx_word' id='word_1_51' title='bbox 1161 1021 1429 1091; x_wconf 78' lang='grc' dir='ltr'><em>Ἐφεσίοις</em></span> <span class='ocrx_word' id='word_1_52' title='bbox 1471 1021 1527 1074; x_wconf 81' lang='grc' dir='ltr'><em>δὲ</em></span> <span class='ocrx_word' id='word_1_53' title='bbox 1554 1020 1721 1075; x_wconf 77' lang='grc' dir='ltr'><em>αὐτὸν</em></span> <span class='ocrx_word' id='word_1_54' title='bbox 1742 1021 1930 1074; x_wconf 87' lang='grc' dir='ltr'><em>τοῦτον</em></span> 
     </span>
    </p>
   </div>
   <div class='ocr_carea' id='block_1_9' title="bbox 350 1106 1928 1179">
    <p class='ocr_par' dir='ltr' id='par_1_9' title="bbox 350 1106 1928 1179">
     <span class='ocr_line' id='line_1_9' title="bbox 350 1106 1928 1179; baseline 0 -18"><span class='ocrx_word' id='word_1_55' title='bbox 350 1106 582 1179; x_wconf 82' lang='grc' dir='ltr'><em>πέμπει,</em></span> <span class='ocrx_word' id='word_1_56' title='bbox 612 1107 705 1161; x_wconf 78' lang='grc' dir='ltr'><em>καὶ</em></span> <span class='ocrx_word' id='word_1_57' title='bbox 729 1107 869 1178; x_wconf 84' lang='grc' dir='ltr'><em>ὑπὲρ</em></span> <span class='ocrx_word' id='word_1_58' title='bbox 890 1108 990 1178; x_wconf 80' lang='grc' dir='ltr'><em>τῆς</em></span> <span class='ocrx_word' id='word_1_59' title='bbox 1021 1108 1195 1178; x_wconf 84' lang='grc' dir='ltr'><em>αὐτῆς</em></span> <span class='ocrx_word' id='word_1_60' title='bbox 1223 1108 1432 1171; x_wconf 77' lang='grc' dir='ltr'><em>αἰτίας·</em></span> <span class='ocrx_word' id='word_1_61' title='bbox 1459 1107 1587 1162; x_wconf 85' lang='grc' dir='ltr'><em>Ἵνα</em></span> <span class='ocrx_word' id='word_1_62' title='bbox 1607 1106 1751 1177; x_wconf 77' lang='grc' dir='ltr'><em>γνῷ,</em></span> <span class='ocrx_word' id='word_1_63' title='bbox 1774 1108 1928 1178; x_wconf 75' lang='grc' dir='ltr'><em>φησὶ,</em></span> 
     </span>
    </p>
   </div>
   <div class='ocr_carea' id='block_1_10' title="bbox 345 1194 1931 1265">
    <p class='ocr_par' dir='ltr' id='par_1_10' title="bbox 345 1194 1931 1265">
     <span class='ocr_line' id='line_1_10' title="bbox 345 1194 1931 1265; baseline 0 -17"><span class='ocrx_word' id='word_1_64' title='bbox 345 1196 424 1249; x_wconf 84' lang='grc' dir='ltr'><em>τὰ</em></span> <span class='ocrx_word' id='word_1_65' title='bbox 471 1195 604 1265; x_wconf 75' lang='grc' dir='ltr'><em>περὶ</em></span> <span class='ocrx_word' id='word_1_66' title='bbox 660 1194 850 1263; x_wconf 84' lang='grc' dir='ltr'><em>ὑμῶν,</em></span> <span class='ocrx_word' id='word_1_67' title='bbox 894 1194 993 1249; x_wconf 80' lang='grc' dir='ltr'><em>καὶ</em></span> <span class='ocrx_word' id='word_1_68' title='bbox 1054 1195 1456 1264; x_wconf 81' lang='grc' dir='ltr'><em>παρακαλέσῃ</em></span> <span class='ocrx_word' id='word_1_69' title='bbox 1517 1194 1625 1261; x_wconf 84' lang='grc' dir='ltr'><em>τὰς</em></span> <span class='ocrx_word' id='word_1_70' title='bbox 1684 1194 1931 1264; x_wconf 76' lang='grc' dir='ltr'><em>καρδίας</em></span> 
     </span>
    </p>
   </div>
   <div class='ocr_carea' id='block_1_11' title="bbox 347 1283 1929 1356">
    <p class='ocr_par' dir='ltr' id='par_1_11' title="bbox 347 1283 1929 1356">
     <span class='ocr_line' id='line_1_11' title="bbox 347 1283 1929 1356; baseline -0.002 -16"><span class='ocrx_word' id='word_1_71' title='bbox 347 1283 535 1352; x_wconf 82' lang='grc' dir='ltr'><em>ὑμῶν.</em></span> <span class='ocrx_word' id='word_1_72' title='bbox 567 1287 707 1356; x_wconf 84' lang='grc' dir='ltr'><em>Ὅρα</em></span> <span class='ocrx_word' id='word_1_73' title='bbox 736 1284 788 1343; x_wconf 86' lang='grc' dir='ltr'><em>τί</em></span> <span class='ocrx_word' id='word_1_74' title='bbox 814 1299 1006 1354; x_wconf 84' lang='grc' dir='ltr'><em>φησιν·</em></span> <span class='ocrx_word' id='word_1_75' title='bbox 1040 1286 1152 1355; x_wconf 89' lang='grc' dir='ltr'><em>Οὐχ</em></span> <span class='ocrx_word' id='word_1_76' title='bbox 1180 1285 1266 1338; x_wconf 77' lang='grc' dir='ltr'><em>ἴνα</em></span> <span class='ocrx_word' id='word_1_77' title='bbox 1292 1284 1537 1356; x_wconf 71' lang='grc' dir='ltr'><em>ὑμεῖς,τά</em></span> <span class='ocrx_word' id='word_1_78' title='bbox 1561 1285 1669 1355; x_wconf 81' lang='grc' dir='ltr'><em>ἐμά</em></span> <span class='ocrx_word' id='word_1_79' title='bbox 1696 1284 1929 1355; x_wconf 78' lang='grc' dir='ltr'><em>μάθητε,</em></span> 
     </span>
    </p>
   </div>
   <div class='ocr_carea' id='block_1_12' title="bbox 350 1371 1930 1444">
    <p class='ocr_par' dir='ltr' id='par_1_12' title="bbox 350 1371 1930 1444">
     <span class='ocr_line' id='line_1_12' title="bbox 350 1371 1930 1444; baseline -0.001 -17"><span class='ocrx_word' id='word_1_80' title='bbox 350 1373 468 1427; x_wconf 81' lang='grc' dir='ltr'><em>ἀλλ’</em></span> <span class='ocrx_word' id='word_1_81' title='bbox 498 1372 584 1427; x_wconf 84' lang='grc' dir='ltr'><em>ίνα</em></span> <span class='ocrx_word' id='word_1_82' title='bbox 604 1371 718 1441; x_wconf 75' lang='grc' dir='ltr'><em>ἐγὼ</em></span> <span class='ocrx_word' id='word_1_83' title='bbox 754 1372 824 1427; x_wconf 76' lang='grc' dir='ltr'><em>τά</em></span> <span class='ocrx_word' id='word_1_84' title='bbox 867 1372 1140 1444; x_wconf 75' lang='grc' dir='ltr'><em>ὑμέτερα·</em></span> <span class='ocrx_word' id='word_1_85' title='bbox 1186 1372 1361 1436; x_wconf 79' lang='grc' dir='ltr'><em>οὕτως</em></span> <span class='ocrx_word' id='word_1_86' title='bbox 1401 1372 1638 1444; x_wconf 86' lang='grc' dir='ltr'><em>οὐδαμοῦ</em></span> <span class='ocrx_word' id='word_1_87' title='bbox 1668 1371 1727 1425; x_wconf 83' lang='grc' dir='ltr'><em>τὸ</em></span> <span class='ocrx_word' id='word_1_88' title='bbox 1765 1372 1930 1426; x_wconf 83' lang='grc' dir='ltr'><em>αὐτοῦ</em></span> 
     </span>
    </p>
   </div>
   <div class='ocr_carea' id='block_1_13' title="bbox 352 1462 1934 1533">
    <p class='ocr_par' dir='ltr' id='par_1_13' title="bbox 352 1462 1934 1533">
     <span class='ocr_line' id='line_1_13' title="bbox 352 1462 1934 1533; baseline 0 -18"><span class='ocrx_word' id='word_1_89' title='bbox 352 1462 555 1532; x_wconf 85' lang='grc' dir='ltr'><em>τίθησι.</em></span> <span class='ocrx_word' id='word_1_90' title='bbox 607 1462 893 1517; x_wconf 81' lang='grc' dir='ltr'><em>Δείκνυσιν</em></span> <span class='ocrx_word' id='word_1_91' title='bbox 939 1462 1137 1527; x_wconf 77' lang='grc' dir='ltr'><em>αὐτοὺς</em></span> <span class='ocrx_word' id='word_1_92' title='bbox 1166 1462 1262 1516; x_wconf 74' lang='grc' dir='ltr'><em>καὶ</em></span> <span class='ocrx_word' id='word_1_93' title='bbox 1300 1464 1359 1515; x_wconf 78' lang='grc' dir='ltr'><em>ἐν</em></span> <span class='ocrx_word' id='word_1_94' title='bbox 1411 1465 1740 1533; x_wconf 80' lang='grc' dir='ltr'><em>πειρασμοῖς</em></span> <span class='ocrx_word' id='word_1_95' title='bbox 1772 1462 1934 1527; x_wconf 73' lang='grc' dir='ltr'><em>ὄντας</em></span> 
     </span>
    </p>
   </div>
   <div class='ocr_carea' id='block_1_14' title="bbox 351 1547 1930 1621">
    <p class='ocr_par' dir='ltr' id='par_1_14' title="bbox 351 1547 1930 1621">
     <span class='ocr_line' id='line_1_14' title="bbox 351 1547 1930 1621; baseline 0.001 -18"><span class='ocrx_word' id='word_1_96' title='bbox 351 1550 430 1619; x_wconf 83' lang='grc' dir='ltr'><em>τῷ</em></span> <span class='ocrx_word' id='word_1_97' title='bbox 475 1551 675 1603; x_wconf 74' lang='grc' dir='ltr'><em>εἰπεῖν·</em></span> <span class='ocrx_word' id='word_1_98' title='bbox 702 1550 836 1606; x_wconf 72' lang='grc' dir='ltr'><em>Ἵνα</em></span> <span class='ocrx_word' id='word_1_99' title='bbox 866 1550 1264 1621; x_wconf 80' lang='grc' dir='ltr'><em>παρακαλέσῃ</em></span> <span class='ocrx_word' id='word_1_100' title='bbox 1306 1548 1415 1616; x_wconf 83' lang='grc' dir='ltr'><em>τὰς</em></span> <span class='ocrx_word' id='word_1_101' title='bbox 1463 1549 1716 1617; x_wconf 79' lang='grc' dir='ltr'><em>καρδίας</em></span> <span class='ocrx_word' id='word_1_102' title='bbox 1746 1547 1930 1618; x_wconf 80' lang='grc' dir='ltr'><em>ὑμῶν.</em></span> 
     </span>
    </p>
   </div>
   <div class='ocr_carea' id='block_1_15' title="bbox 353 1635 1932 1707">
    <p class='ocr_par' dir='ltr' id='par_1_15' title="bbox 353 1635 1932 1707">
     <span class='ocr_line' id='line_1_15' title="bbox 353 1635 1932 1707; baseline 0 -17"><span class='ocrx_word' id='word_1_103' title='bbox 353 1636 480 1690; x_wconf 85' lang='grc' dir='ltr'><em>Σὺν</em></span> <span class='ocrx_word' id='word_1_104' title='bbox 514 1638 821 1705; x_wconf 80' lang='grc' dir='ltr'><em>Ὀνησίμῳ</em></span> <span class='ocrx_word' id='word_1_105' title='bbox 851 1635 930 1704; x_wconf 82' lang='grc' dir='ltr'>τῷ</span> <span class='ocrx_word' id='word_1_106' title='bbox 961 1637 1247 1707; x_wconf 74' lang='grc' dir='ltr'><em>ἀγαπητῷ</em></span> <span class='ocrx_word' id='word_1_107' title='bbox 1300 1638 1400 1692; x_wconf 81' lang='grc' dir='ltr'><em>καὶ</em></span> <span class='ocrx_word' id='word_1_108' title='bbox 1436 1635 1631 1702; x_wconf 79' lang='grc' dir='ltr'><em>πιστῷ</em></span> <span class='ocrx_word' id='word_1_109' title='bbox 1663 1635 1932 1705; x_wconf 70' lang='grc' dir='ltr'><em>ἀδελφῷ,</em></span> 
     </span>
    </p>
   </div>
   <div class='ocr_carea' id='block_1_16' title="bbox 344 1715 1931 1794">
    <p class='ocr_par' dir='ltr' id='par_1_16' title="bbox 344 1715 1931 1794">
     <span class='ocr_line' id='line_1_16' title="bbox 344 1715 1931 1794; baseline 0 -18"><span class='ocrx_word' id='word_1_110' title='bbox 344 1723 423 1790; x_wconf 62' lang='grc' dir='ltr'><em>’ὅς</em></span> <span class='ocrx_word' id='word_1_111' title='bbox 458 1725 633 1778; x_wconf 84' lang='grc' dir='ltr'><em>ἐστιν</em></span> <span class='ocrx_word' id='word_1_112' title='bbox 658 1724 727 1788; x_wconf 80' lang='grc' dir='ltr'><em>ἐξ</em></span> <span class='ocrx_word' id='word_1_113' title='bbox 752 1723 941 1794; x_wconf 81' lang='grc' dir='ltr'><em>ὑμῶν.</em></span> <span class='ocrx_word' id='word_1_114' title='bbox 961 1724 1165 1779; x_wconf 76' lang='grc' dir='ltr'><em>Πάντα</em></span> <span class='ocrx_word' id='word_1_115' title='bbox 1186 1722 1330 1793; x_wconf 80' lang='grc' dir='ltr'><em>ὑμῖν</em></span> <span class='ocrx_word' id='word_1_116' title='bbox 1359 1721 1679 1793; x_wconf 78' lang='grc' dir='ltr'><em>τνωριοῦσι</em></span> <span class='ocrx_word' id='word_1_117' title='bbox 1699 1721 1774 1776; x_wconf 88' lang='grc' dir='ltr'><em>τὰ</em></span> <span class='ocrx_word' id='word_1_118' title='bbox 1796 1715 1931 1776; x_wconf 85' lang='grc' dir='ltr'><em>ὧδε.</em></span> 
     </span>
    </p>
   </div>
   <div class='ocr_carea' id='block_1_17' title="bbox 344 1805 1936 1886">
    <p class='ocr_par' dir='ltr' id='par_1_17' title="bbox 344 1805 1936 1886">
     <span class='ocr_line' id='line_1_17' title="bbox 344 1805 1936 1886; baseline -0.003 -19"><span class='ocrx_word' id='word_1_119' title='bbox 344 1812 511 1886; x_wconf 66' lang='grc' dir='ltr'><em>μθθ]</em></span> <span class='ocrx_word' id='word_1_120' title='bbox 551 1814 842 1885; x_wconf 84' lang='grc' dir='ltr'><em>Ὀνήσιμος</em></span> <span class='ocrx_word' id='word_1_121' title='bbox 872 1809 1027 1877; x_wconf 77' lang='grc' dir='ltr'><em>οὗτός</em></span> <span class='ocrx_word' id='word_1_122' title='bbox 1052 1815 1192 1879; x_wconf 68' lang='grc' dir='ltr'><em>ἔστι,</em></span> <span class='ocrx_word' id='word_1_123' title='bbox 1229 1812 1360 1883; x_wconf 67' lang='grc' dir='ltr'><em>περὶ</em></span> <span class='ocrx_word' id='word_1_124' title='bbox 1388 1805 1449 1866; x_wconf 70' lang='grc' dir='ltr'><em>οὗ</em></span> <span class='ocrx_word' id='word_1_125' title='bbox 1486 1809 1716 1883; x_wconf 86' lang='grc' dir='ltr'><em>γράφων</em></span> <span class='ocrx_word' id='word_1_126' title='bbox 1739 1810 1818 1881; x_wconf 85' lang='grc' dir='ltr'><em>τῷ</em></span> <span class='ocrx_word' id='word_1_127' title='bbox 1843 1810 1936 1863; x_wconf 82' lang='grc' dir='ltr'><em>Φι-</em></span> 
     </span>
    </p>
   </div>
   <div class='ocr_carea' id='block_1_18' title="bbox 352 1896 1936 1970">
    <p class='ocr_par' dir='ltr' id='par_1_18' title="bbox 352 1896 1936 1970">
     <span class='ocr_line' id='line_1_18' title="bbox 352 1896 1936 1970; baseline -0.003 -17"><span class='ocrx_word' id='word_1_128' title='bbox 352 1899 553 1970; x_wconf 82' lang='grc' dir='ltr'><em>λήμονι</em></span> <span class='ocrx_word' id='word_1_129' title='bbox 579 1900 779 1967; x_wconf 72' lang='grc' dir='ltr'><em>ἔλεγεν·</em></span> <span class='ocrx_word' id='word_1_130' title='bbox 813 1903 926 1953; x_wconf 74' lang='grc' dir='ltr'><em>’ον</em></span> <span class='ocrx_word' id='word_1_131' title='bbox 954 1898 1297 1969; x_wconf 75' lang='grc' dir='ltr'><em>ἐϐουλόμην</em></span> <span class='ocrx_word' id='word_1_132' title='bbox 1336 1898 1485 1967; x_wconf 82' lang='grc' dir='ltr'><em>πρὸς</em></span> <span class='ocrx_word' id='word_1_133' title='bbox 1511 1896 1773 1967; x_wconf 81' lang='grc' dir='ltr'><em>ἐμαυτὸν</em></span> <span class='ocrx_word' id='word_1_134' title='bbox 1797 1913 1936 1950; x_wconf 84' lang='grc' dir='ltr'><em>κατ-</em></span> 
     </span>
    </p>
   </div>
   <div class='ocr_carea' id='block_1_19' title="bbox 350 1982 1937 2057">
    <p class='ocr_par' dir='ltr' id='par_1_19' title="bbox 350 1982 1937 2057">
     <span class='ocr_line' id='line_1_19' title="bbox 350 1982 1937 2057; baseline -0.003 -16"><span class='ocrx_word' id='word_1_135' title='bbox 350 1988 545 2056; x_wconf 77' lang='grc' dir='ltr'><em>έχειν,</em></span> <span class='ocrx_word' id='word_1_136' title='bbox 577 1989 676 2041; x_wconf 80' lang='grc' dir='ltr'><em>ἵνα</em></span> <span class='ocrx_word' id='word_1_137' title='bbox 709 1988 862 2056; x_wconf 79' lang='grc' dir='ltr'><em>ὑπὲρ</em></span> <span class='ocrx_word' id='word_1_138' title='bbox 890 1986 1007 2042; x_wconf 86' lang='grc' dir='ltr'><em>σοῦ</em></span> <span class='ocrx_word' id='word_1_139' title='bbox 1035 2004 1136 2057; x_wconf 88' lang='grc' dir='ltr'><em>μοι</em></span> <span class='ocrx_word' id='word_1_140' title='bbox 1167 1983 1420 2055; x_wconf 76' lang='grc' dir='ltr'><em>διακονῇ</em></span> <span class='ocrx_word' id='word_1_141' title='bbox 1448 1986 1517 2038; x_wconf 84' lang='grc' dir='ltr'><em>ἐν</em></span> <span class='ocrx_word' id='word_1_142' title='bbox 1538 1984 1661 2049; x_wconf 83' lang='grc' dir='ltr'><em>τοῖς</em></span> <span class='ocrx_word' id='word_1_143' title='bbox 1691 1982 1937 2053; x_wconf 83' lang='grc' dir='ltr'><em>δεσμοῖς</em></span> 
     </span>
    </p>
   </div>
   <div class='ocr_carea' id='block_1_20' title="bbox 354 2068 1939 2147">
    <p class='ocr_par' dir='ltr' id='par_1_20' title="bbox 354 2068 1939 2147">
     <span class='ocr_line' id='line_1_20' title="bbox 354 2068 1939 2147; baseline -0.003 -18"><span class='ocrx_word' id='word_1_144' title='bbox 354 2076 465 2130; x_wconf 78' lang='grc' dir='ltr'><em>τοῦ</em></span> <span class='ocrx_word' id='word_1_145' title='bbox 488 2076 858 2147; x_wconf 77' lang='grc' dir='ltr'><em>Εὺατγελίου</em></span> <span class='ocrx_word' id='word_1_146' title='bbox 878 2090 894 2108; x_wconf 84' lang='grc'><em>·</em></span> <span class='ocrx_word' id='word_1_147' title='bbox 929 2073 1108 2144; x_wconf 82' lang='grc' dir='ltr'><em>χωρὶς</em></span> <span class='ocrx_word' id='word_1_148' title='bbox 1129 2074 1197 2127; x_wconf 83' lang='grc' dir='ltr'><em>δὲ</em></span> <span class='ocrx_word' id='word_1_149' title='bbox 1223 2073 1334 2142; x_wconf 80' lang='grc' dir='ltr'><em>τῆς</em></span> <span class='ocrx_word' id='word_1_150' title='bbox 1352 2070 1473 2143; x_wconf 80' lang='grc' dir='ltr'><em>σῆς</em></span> <span class='ocrx_word' id='word_1_151' title='bbox 1492 2068 1731 2145; x_wconf 76' lang='grc' dir='ltr'><em>τνώμης</em></span> <span class='ocrx_word' id='word_1_152' title='bbox 1756 2071 1939 2126; x_wconf 81' lang='grc' dir='ltr'><em>οὐδὲν</em></span> 
     </span>
    </p>
   </div>
   <div class='ocr_carea' id='block_1_21' title="bbox 354 2156 1938 2233">
    <p class='ocr_par' dir='ltr' id='par_1_21' title="bbox 354 2156 1938 2233">
     <span class='ocr_line' id='line_1_21' title="bbox 354 2156 1938 2233; baseline -0.002 -16"><span class='ocrx_word' id='word_1_153' title='bbox 354 2163 634 2233; x_wconf 77' lang='grc' dir='ltr'><em>ἠθέλησα</em></span> <span class='ocrx_word' id='word_1_154' title='bbox 666 2156 939 2232; x_wconf 80' lang='grc' dir='ltr'><em>ποιῆσαι.</em></span> <span class='ocrx_word' id='word_1_155' title='bbox 999 2163 1112 2216; x_wconf 75' lang='grc' dir='ltr'><em>Καὶ</em></span> <span class='ocrx_word' id='word_1_156' title='bbox 1135 2162 1196 2216; x_wconf 89' lang='grc' dir='ltr'><em>τδ</em></span> <span class='ocrx_word' id='word_1_157' title='bbox 1224 2161 1498 2233; x_wconf 82' lang='grc' dir='ltr'><em>ἐγκώμιον</em></span> <span class='ocrx_word' id='word_1_158' title='bbox 1527 2158 1587 2216; x_wconf 69' lang='grc' dir='ltr'><em>δὲ</em></span> <span class='ocrx_word' id='word_1_159' title='bbox 1613 2159 1938 2232; x_wconf 85' lang='grc' dir='ltr'><em>προστίθητι</em></span> 
     </span>
    </p>
   </div>
   <div class='ocr_carea' id='block_1_22' title="bbox 356 2246 1937 2320">
    <p class='ocr_par' dir='ltr' id='par_1_22' title="bbox 356 2246 1937 2320">
     <span class='ocr_line' id='line_1_22' title="bbox 356 2246 1937 2320; baseline -0.002 -16"><span class='ocrx_word' id='word_1_160' title='bbox 356 2251 458 2320; x_wconf 72' lang='grc' dir='ltr'><em>τῆς</em></span> <span class='ocrx_word' id='word_1_161' title='bbox 500 2251 727 2314; x_wconf 86' lang='grc' dir='ltr'><em>πόλεως,</em></span> <span class='ocrx_word' id='word_1_162' title='bbox 775 2250 861 2303; x_wconf 81' lang='grc' dir='ltr'><em>ἵνα</em></span> <span class='ocrx_word' id='word_1_163' title='bbox 910 2250 1002 2303; x_wconf 75' lang='grc' dir='ltr'><em>καὶ</em></span> <span class='ocrx_word' id='word_1_164' title='bbox 1038 2247 1578 2318; x_wconf 70' lang='grc' dir='ltr'><em>ὲγκαλλωττίζωνται,</em></span> <span class='ocrx_word' id='word_1_165' title='bbox 1642 2246 1723 2320; x_wconf 80' lang='grc' dir='ltr'><em>μὴ</em></span> <span class='ocrx_word' id='word_1_166' title='bbox 1779 2248 1937 2318; x_wconf 86' lang='grc' dir='ltr'><em>μόνον</em></span> 
     </span>
    </p>
   </div>
   <div class='ocr_carea' id='block_1_23' title="bbox 350 2334 1939 2410">
    <p class='ocr_par' dir='ltr' id='par_1_23' title="bbox 350 2334 1939 2410">
     <span class='ocr_line' id='line_1_23' title="bbox 350 2334 1939 2410; baseline -0.001 -18"><span class='ocrx_word' id='word_1_167' title='bbox 350 2340 461 2392; x_wconf 78' lang='grc' dir='ltr'><em>ὀὐκ</em></span> <span class='ocrx_word' id='word_1_168' title='bbox 519 2338 977 2409; x_wconf 82' lang='grc' dir='ltr'><em>ὲπαισχύνωνται.</em></span> <span class='ocrx_word' id='word_1_169' title='bbox 1018 2334 1119 2404; x_wconf 63' lang='lat' dir='ltr'><em>“Oc</em></span> <span class='ocrx_word' id='word_1_170' title='bbox 1180 2338 1333 2402; x_wconf 83' lang='grc' dir='ltr'><em>ἐστι,</em></span> <span class='ocrx_word' id='word_1_171' title='bbox 1391 2338 1577 2410; x_wconf 74' lang='grc' dir='ltr'><em>φησὶν,</em></span> <span class='ocrx_word' id='word_1_172' title='bbox 1625 2335 1694 2401; x_wconf 79' lang='grc' dir='ltr'><em>ἐξ</em></span> <span class='ocrx_word' id='word_1_173' title='bbox 1749 2335 1939 2405; x_wconf 83' lang='grc' dir='ltr'><em>ὑμῶν·</em></span> 
     </span>
    </p>
   </div>
   <div class='ocr_carea' id='block_1_24' title="bbox 358 2418 1943 2496">
    <p class='ocr_par' dir='ltr' id='par_1_24' title="bbox 358 2418 1943 2496">
     <span class='ocr_line' id='line_1_24' title="bbox 358 2418 1943 2496; baseline 0 -16"><span class='ocrx_word' id='word_1_174' title='bbox 358 2426 565 2480; x_wconf 81' lang='grc' dir='ltr'><em>Πάντα</em></span> <span class='ocrx_word' id='word_1_175' title='bbox 609 2426 754 2495; x_wconf 80' lang='grc' dir='ltr'><em>ὑμῖν</em></span> <span class='ocrx_word' id='word_1_176' title='bbox 786 2425 1104 2496; x_wconf 80' lang='grc' dir='ltr'><em>γνωριοῦσι</em></span> <span class='ocrx_word' id='word_1_177' title='bbox 1135 2426 1207 2480; x_wconf 84' lang='grc' dir='ltr'><em>τὰ</em></span> <span class='ocrx_word' id='word_1_178' title='bbox 1238 2418 1374 2479; x_wconf 89' lang='grc' dir='ltr'><em>ὦδε.</em></span> <span class='ocrx_word' id='word_1_179' title='bbox 1407 2420 1750 2485; x_wconf 73' lang='grc' dir='ltr'><em>Ἀσπάζεται</em></span> <span class='ocrx_word' id='word_1_180' title='bbox 1786 2421 1943 2493; x_wconf 79' lang='grc' dir='ltr'><em>ὑμᾶς</em></span> 
     </span>
    </p>
   </div>
   <div class='ocr_carea' id='block_1_25' title="bbox 373 2511 1527 2583">
    <p class='ocr_par' dir='ltr' id='par_1_25' title="bbox 373 2511 1527 2583">
     <span class='ocr_line' id='line_1_25' title="bbox 373 2511 1527 2583; baseline -0.001 -15"><span class='ocrx_word' id='word_1_181' title='bbox 373 2515 763 2583; x_wconf 70' lang='grc' dir='ltr'><em>Ἀρίσταρχος</em></span> <span class='ocrx_word' id='word_1_182' title='bbox 799 2517 833 2567; x_wconf 88' lang='grc' dir='ltr'><em>ὁ</em></span> <span class='ocrx_word' id='word_1_183' title='bbox 865 2511 1364 2583; x_wconf 73' lang='grc' dir='ltr'><em>συναιχμάλωτός</em></span> <span class='ocrx_word' id='word_1_184' title='bbox 1387 2530 1527 2583; x_wconf 83' lang='grc' dir='ltr'><em>μου.</em></span> 
     </span>
    </p>
   </div>
   <div class='ocr_carea' id='block_1_26' title="bbox 435 2646 1940 2723">
    <p class='ocr_par' dir='ltr' id='par_1_26' title="bbox 435 2646 1940 2723">
     <span class='ocr_line' id='line_1_26' title="bbox 435 2646 1940 2723; baseline -0.001 -15"><span class='ocrx_word' id='word_1_185' title='bbox 435 2653 499 2723; x_wconf 84' lang='grc' dir='ltr'><em>β’.</em></span> <span class='ocrx_word' id='word_1_186' title='bbox 530 2653 696 2707; x_wconf 86' lang='grc' dir='ltr'><em>Οὐδὲν</em></span> <span class='ocrx_word' id='word_1_187' title='bbox 722 2654 910 2708; x_wconf 87' lang='grc' dir='ltr'><em>τούτου</em></span> <span class='ocrx_word' id='word_1_188' title='bbox 940 2652 1034 2706; x_wconf 89' lang='grc' dir='ltr'><em>τοῦ</em></span> <span class='ocrx_word' id='word_1_189' title='bbox 1064 2652 1340 2723; x_wconf 81' lang='grc' dir='ltr'><em>ἐγκωμίου</em></span> <span class='ocrx_word' id='word_1_190' title='bbox 1361 2652 1560 2723; x_wconf 75' lang='grc' dir='ltr'><em>μεῖζον.</em></span> <span class='ocrx_word' id='word_1_191' title='bbox 1594 2646 1761 2715; x_wconf 70' lang='grc' dir='ltr'><em>Οὗτός</em></span> <span class='ocrx_word' id='word_1_192' title='bbox 1795 2653 1940 2706; x_wconf 82' lang='grc' dir='ltr'><em>ἐστιν</em></span> 
     </span>
    </p>
   </div>
   <div class='ocr_carea' id='block_1_27' title="bbox 351 2736 1942 2815">
    <p class='ocr_par' dir='ltr' id='par_1_27' title="bbox 351 2736 1942 2815">
     <span class='ocr_line' id='line_1_27' title="bbox 351 2736 1942 2815; baseline -0.003 -18"><span class='ocrx_word' id='word_1_193' title='bbox 351 2747 389 2798; x_wconf 86' lang='lat'><em>6</em></span> <span class='ocrx_word' id='word_1_194' title='bbox 429 2743 538 2798; x_wconf 80' lang='grc' dir='ltr'><em>ἀπὸ</em></span> <span class='ocrx_word' id='word_1_195' title='bbox 561 2742 951 2815; x_wconf 84' lang='grc' dir='ltr'><em>Ἰεροσολύμων</em></span> <span class='ocrx_word' id='word_1_196' title='bbox 968 2742 1225 2812; x_wconf 71' lang='grc' dir='ltr'><em>ἀναχθεὶς</em></span> <span class='ocrx_word' id='word_1_197' title='bbox 1246 2743 1361 2812; x_wconf 85' lang='grc' dir='ltr'><em>μετ’</em></span> <span class='ocrx_word' id='word_1_198' title='bbox 1379 2740 1565 2795; x_wconf 83' lang='grc' dir='ltr'><em>αὐτοῦ.</em></span> <span class='ocrx_word' id='word_1_199' title='bbox 1593 2739 1793 2806; x_wconf 81' lang='grc' dir='ltr'><em>Μεῖζον</em></span> <span class='ocrx_word' id='word_1_200' title='bbox 1819 2736 1942 2794; x_wconf 77' lang='grc' dir='ltr'><em>εἶπε</em></span> 
     </span>
    </p>
   </div>
   <div class='ocr_carea' id='block_1_28' title="bbox 360 2821 1943 2903">
    <p class='ocr_par' dir='ltr' id='par_1_28' title="bbox 360 2821 1943 2903">
     <span class='ocr_line' id='line_1_28' title="bbox 360 2821 1943 2903; baseline -0.001 -19"><span class='ocrx_word' id='word_1_201' title='bbox 360 2831 472 2884; x_wconf 85' lang='grc' dir='ltr'><em>τῶν</em></span> <span class='ocrx_word' id='word_1_202' title='bbox 506 2831 804 2903; x_wconf 83' lang='grc' dir='ltr'><em>προφητῶν</em></span> <span class='ocrx_word' id='word_1_203' title='bbox 849 2821 1032 2893; x_wconf 79' lang='grc' dir='ltr'><em>οὗτος·</em></span> <span class='ocrx_word' id='word_1_204' title='bbox 1088 2830 1286 2883; x_wconf 75' lang='grc' dir='ltr'><em>ἐκεῖνοι</em></span> <span class='ocrx_word' id='word_1_205' title='bbox 1325 2830 1426 2898; x_wconf 82' lang='grc' dir='ltr'><em>μὲν</em></span> <span class='ocrx_word' id='word_1_206' title='bbox 1476 2830 1582 2901; x_wconf 74' lang='grc' dir='ltr'><em>γὰρ</em></span> <span class='ocrx_word' id='word_1_207' title='bbox 1622 2825 1808 2894; x_wconf 78' lang='grc' dir='ltr'><em>ξένους</em></span> <span class='ocrx_word' id='word_1_208' title='bbox 1846 2828 1943 2884; x_wconf 72' lang='grc' dir='ltr'><em>καὶ</em></span> 
     </span>
    </p>
   </div>
   <div class='ocr_carea' id='block_1_29' title="bbox 354 2908 1942 2988">
    <p class='ocr_par' dir='ltr' id='par_1_29' title="bbox 354 2908 1942 2988">
     <span class='ocr_line' id='line_1_29' title="bbox 354 2908 1942 2988; baseline -0.001 -16"><span class='ocrx_word' id='word_1_209' title='bbox 354 2918 778 2988; x_wconf 72' lang='grc' dir='ltr'><em>’παρεπιδήμους</em></span> <span class='ocrx_word' id='word_1_210' title='bbox 805 2914 1033 2981; x_wconf 69' lang='grc' dir='ltr'><em>ἑαυτοὺς</em></span> <span class='ocrx_word' id='word_1_211' title='bbox 1062 2915 1339 2983; x_wconf 84' lang='grc' dir='ltr'><em>καλοῦσιν,</em></span> <span class='ocrx_word' id='word_1_212' title='bbox 1377 2908 1532 2981; x_wconf 70' lang='grc' dir='ltr'><em>οὗτος</em></span> <span class='ocrx_word' id='word_1_213' title='bbox 1568 2914 1627 2970; x_wconf 76' lang='grc' dir='ltr'><em>δὲ</em></span> <span class='ocrx_word' id='word_1_214' title='bbox 1656 2914 1751 2970; x_wconf 61' lang='grc' dir='ltr'><em>καλ⁵</em></span> <span class='ocrx_word' id='word_1_215' title='bbox 1779 2918 1942 2988; x_wconf 70' lang='grc' dir='ltr'><em>αἰχμ-</em></span> 
     </span>
    </p>
   </div>
   <div class='ocr_carea' id='block_1_30' title="bbox 363 2996 1944 3075">
    <p class='ocr_par' dir='ltr' id='par_1_30' title="bbox 363 2996 1944 3075">
     <span class='ocr_line' id='line_1_30' title="bbox 363 2996 1944 3075; baseline -0.004 -14"><span class='ocrx_word' id='word_1_216' title='bbox 363 3006 596 3061; x_wconf 86' lang='grc' dir='ltr'><em>άλωτον.</em></span> <span class='ocrx_word' id='word_1_217' title='bbox 626 3004 897 3075; x_wconf 81' lang='grc' dir='ltr'><em>Καθάπερ</em></span> <span class='ocrx_word' id='word_1_218' title='bbox 920 3005 1028 3074; x_wconf 78' lang='grc' dir='ltr'><em>γὰρ</em></span> <span class='ocrx_word' id='word_1_219' title='bbox 1057 2996 1424 3074; x_wconf 71' lang='grc' dir='ltr'><em>αἰχμάλωτος,</em></span> <span class='ocrx_word' id='word_1_220' title='bbox 1451 3002 1627 3067; x_wconf 71' lang='grc' dir='ltr'><em>οὔτως</em></span> <span class='ocrx_word' id='word_1_221' title='bbox 1652 3000 1819 3074; x_wconf 65' lang='grc' dir='ltr'><em>ἤγετο</em></span> <span class='ocrx_word' id='word_1_222' title='bbox 1850 3002 1944 3057; x_wconf 72' lang='grc' dir='ltr'><em>καὶ</em></span> 
     </span>
    </p>
   </div>
   <div class='ocr_carea' id='block_1_31' title="bbox 354 3084 1940 3163">
    <p class='ocr_par' dir='ltr' id='par_1_31' title="bbox 354 3084 1940 3163">
     <span class='ocr_line' id='line_1_31' title="bbox 354 3084 1940 3163; baseline -0.001 -19"><span class='ocrx_word' id='word_1_223' title='bbox 354 3092 612 3163; x_wconf 67' lang='grc' dir='ltr'><em>ἐφέρετο,</em></span> <span class='ocrx_word' id='word_1_224' title='bbox 644 3093 740 3145; x_wconf 75' lang='grc' dir='ltr'><em>καὶ</em></span> <span class='ocrx_word' id='word_1_225' title='bbox 764 3092 931 3143; x_wconf 83' lang='grc' dir='ltr'><em>πᾶσιν</em></span> <span class='ocrx_word' id='word_1_226' title='bbox 954 3089 1035 3153; x_wconf 76' lang='grc' dir='ltr'><em>εἷς</em></span> <span class='ocrx_word' id='word_1_227' title='bbox 1061 3091 1123 3143; x_wconf 85' lang='grc' dir='ltr'><em>τὸ</em></span> <span class='ocrx_word' id='word_1_228' title='bbox 1154 3089 1341 3152; x_wconf 91' lang='grc' dir='ltr'><em>κακῶς</em></span> <span class='ocrx_word' id='word_1_229' title='bbox 1371 3088 1600 3160; x_wconf 77' lang='grc' dir='ltr'><em>πάσχειν</em></span> <span class='ocrx_word' id='word_1_230' title='bbox 1626 3084 1940 3162; x_wconf 74' lang='grc' dir='ltr'><em>προύκειτο,</em></span> 
     </span>
    </p>
   </div>
   <div class='ocr_carea' id='block_1_32' title="bbox 367 3172 1940 3250">
    <p class='ocr_par' dir='ltr' id='par_1_32' title="bbox 367 3172 1940 3250">
     <span class='ocr_line' id='line_1_32' title="bbox 367 3172 1940 3250; baseline -0.001 -17"><span class='ocrx_word' id='word_1_231' title='bbox 367 3179 568 3250; x_wconf 82' lang='grc' dir='ltr'><em>μᾶλλον</em></span> <span class='ocrx_word' id='word_1_232' title='bbox 614 3177 670 3232; x_wconf 80' lang='grc' dir='ltr'><em>δὲ</em></span> <span class='ocrx_word' id='word_1_233' title='bbox 720 3178 814 3232; x_wconf 70' lang='grc' dir='ltr'><em>καὶ</em></span> <span class='ocrx_word' id='word_1_234' title='bbox 863 3176 1088 3231; x_wconf 76' lang='grc' dir='ltr'><em>ἐκείνων</em></span> <span class='ocrx_word' id='word_1_235' title='bbox 1118 3178 1324 3248; x_wconf 87' lang='grc' dir='ltr'><em>χεῖρον.</em></span> <span class='ocrx_word' id='word_1_236' title='bbox 1364 3172 1638 3240; x_wconf 83' lang='grc' dir='ltr'><em>Ἐκείνους</em></span> <span class='ocrx_word' id='word_1_237' title='bbox 1682 3176 1783 3248; x_wconf 74' lang='grc' dir='ltr'><em>μὲν</em></span> <span class='ocrx_word' id='word_1_238' title='bbox 1811 3176 1940 3247; x_wconf 81' lang='grc' dir='ltr'><em>γὰρ,</em></span> 
     </span>
    </p>
   </div>
   <div class='ocr_carea' id='block_1_33' title="bbox 355 3258 1946 3335">
    <p class='ocr_par' dir='ltr' id='par_1_33' title="bbox 355 3258 1946 3335">
     <span class='ocr_line' id='line_1_33' title="bbox 355 3258 1946 3335; baseline -0.003 -15"><span class='ocrx_word' id='word_1_239' title='bbox 355 3266 585 3321; x_wconf 69' lang='grc' dir='ltr'><em>ἱπειδάν</em></span> <span class='ocrx_word' id='word_1_240' title='bbox 643 3263 883 3319; x_wconf 79' lang='grc' dir='ltr'><em>λάόωσιν</em></span> <span class='ocrx_word' id='word_1_241' title='bbox 919 3265 968 3318; x_wconf 77' lang='grc' dir='ltr'><em>οἱ</em></span> <span class='ocrx_word' id='word_1_242' title='bbox 1012 3258 1282 3335; x_wconf 77' lang='grc' dir='ltr'><em>πολέμιοι,</em></span> <span class='ocrx_word' id='word_1_243' title='bbox 1342 3263 1400 3316; x_wconf 80' lang='grc' dir='ltr'><em>ὲν</em></span> <span class='ocrx_word' id='word_1_244' title='bbox 1446 3262 1613 3334; x_wconf 78' lang='grc' dir='ltr'><em>πολλῇ</em></span> <span class='ocrx_word' id='word_1_245' title='bbox 1677 3263 1946 3334; x_wconf 86' lang='grc' dir='ltr'><em>θεραπείᾳ</em></span> 
     </span>
    </p>
   </div>
   <div class='ocr_carea' id='block_1_34' title="bbox 354 3345 1946 3424">
    <p class='ocr_par' dir='ltr' id='par_1_34' title="bbox 354 3345 1946 3424">
     <span class='ocr_line' id='line_1_34' title="bbox 354 3345 1946 3424; baseline -0.004 -14"><span class='ocrx_word' id='word_1_246' title='bbox 354 3349 551 3410; x_wconf 58' lang='grc' dir='ltr'><em>’λοιπὸν</em></span> <span class='ocrx_word' id='word_1_247' title='bbox 582 3353 821 3424; x_wconf 79' lang='grc' dir='ltr'><em>ἔχουσιν,</em></span> <span class='ocrx_word' id='word_1_248' title='bbox 851 3350 944 3406; x_wconf 79' lang='grc' dir='ltr'><em>ἆτε</em></span> <span class='ocrx_word' id='word_1_249' title='bbox 978 3345 1055 3414; x_wconf 79' lang='grc' dir='ltr'><em>ὥς</em></span> <span class='ocrx_word' id='word_1_250' title='bbox 1081 3351 1296 3405; x_wconf 70' lang='grc' dir='ltr'><em>οἰκείων</em></span> <span class='ocrx_word' id='word_1_251' title='bbox 1332 3351 1627 3423; x_wconf 81' lang='grc' dir='ltr'><em>κτημάτων</em></span> <span class='ocrx_word' id='word_1_252' title='bbox 1657 3350 1946 3422; x_wconf 74' lang='grc' dir='ltr'><em>ἐπιμελού-</em></span> 
     </span>
    </p>
   </div>
   <div class='ocr_carea' id='block_1_35' title="bbox 365 3435 1944 3510">
    <p class='ocr_par' dir='ltr' id='par_1_35' title="bbox 365 3435 1944 3510">
     <span class='ocr_line' id='line_1_35' title="bbox 365 3435 1944 3510; baseline 0 -17"><span class='ocrx_word' id='word_1_253' title='bbox 365 3454 546 3510; x_wconf 79' lang='grc' dir='ltr'><em>μενοι·</em></span> <span class='ocrx_word' id='word_1_254' title='bbox 609 3437 798 3492; x_wconf 86' lang='grc' dir='ltr'><em>τοῦτον</em></span> <span class='ocrx_word' id='word_1_255' title='bbox 830 3435 888 3491; x_wconf 78' lang='grc' dir='ltr'><em>δὲ</em></span> <span class='ocrx_word' id='word_1_256' title='bbox 916 3437 994 3500; x_wconf 84' lang='grc' dir='ltr'><em>ὼς</em></span> <span class='ocrx_word' id='word_1_257' title='bbox 1044 3437 1240 3508; x_wconf 74' lang='grc' dir='ltr'><em>ἐχθρὸν</em></span> <span class='ocrx_word' id='word_1_258' title='bbox 1284 3438 1379 3492; x_wconf 81' lang='grc' dir='ltr'><em>καὶ</em></span> <span class='ocrx_word' id='word_1_259' title='bbox 1425 3436 1687 3509; x_wconf 87' lang='grc' dir='ltr'><em>πολέμιον</em></span> <span class='ocrx_word' id='word_1_260' title='bbox 1742 3438 1944 3503; x_wconf 81' lang='grc' dir='ltr'><em>πάντες</em></span> 
     </span>
    </p>
   </div>
   <div class='ocr_carea' id='block_1_36' title="bbox 361 3518 1939 3597">
    <p class='ocr_par' dir='ltr' id='par_1_36' title="bbox 361 3518 1939 3597">
     <span class='ocr_line' id='line_1_36' title="bbox 361 3518 1939 3597; baseline -0.001 -16"><span class='ocrx_word' id='word_1_261' title='bbox 361 3522 501 3597; x_wconf 76' lang='grc' dir='ltr'><em>ἦγον</em></span> <span class='ocrx_word' id='word_1_262' title='bbox 529 3526 624 3581; x_wconf 72' lang='grc' dir='ltr'><em>καὶ</em></span> <span class='ocrx_word' id='word_1_263' title='bbox 655 3526 872 3597; x_wconf 73' lang='grc' dir='ltr'><em>ἔφερον,</em></span> <span class='ocrx_word' id='word_1_264' title='bbox 897 3523 1167 3595; x_wconf 82' lang='grc' dir='ltr'><em>δέροντες,</em></span> <span class='ocrx_word' id='word_1_265' title='bbox 1202 3524 1578 3595; x_wconf 82' lang='grc' dir='ltr'><em>μαστίζοντες,</em></span> <span class='ocrx_word' id='word_1_266' title='bbox 1607 3518 1939 3595; x_wconf 78' lang='grc' dir='ltr'><em>ὑϐρίζοντες,</em></span> 
     </span>
    </p>
   </div>
   <div class='ocr_carea' id='block_1_37' title="bbox 362 3608 1940 3685">
    <p class='ocr_par' dir='ltr' id='par_1_37' title="bbox 362 3608 1940 3685">
     <span class='ocr_line' id='line_1_37' title="bbox 362 3608 1940 3685; baseline -0.001 -17"><span class='ocrx_word' id='word_1_267' title='bbox 362 3608 852 3684; x_wconf 83' lang='grc' dir='ltr'><em>συκοφαντοῦντες.</em></span> <span class='ocrx_word' id='word_1_268' title='bbox 891 3610 1063 3665; x_wconf 87' lang='grc' dir='ltr'><em>Τοῦτο</em></span> <span class='ocrx_word' id='word_1_269' title='bbox 1090 3611 1184 3665; x_wconf 71' lang='grc' dir='ltr'><em>καὶ</em></span> <span class='ocrx_word' id='word_1_270' title='bbox 1210 3610 1442 3675; x_wconf 77' lang='grc' dir='ltr'><em>ἐκείνοις</em></span> <span class='ocrx_word' id='word_1_271' title='bbox 1475 3611 1821 3684; x_wconf 85' lang='grc' dir='ltr'><em>παράκλησις</em></span> <span class='ocrx_word' id='word_1_272' title='bbox 1852 3609 1940 3685; x_wconf 82' lang='grc' dir='ltr'><em>ἦν·</em></span> 
     </span>
    </p>
   </div>
   <div class='ocr_carea' id='block_1_38' title="bbox 364 3694 1947 3774">
    <p class='ocr_par' dir='ltr' id='par_1_38' title="bbox 364 3694 1947 3774">
     <span class='ocr_line' id='line_1_38' title="bbox 364 3694 1947 3774; baseline -0.001 -20"><span class='ocrx_word' id='word_1_273' title='bbox 364 3702 494 3755; x_wconf 84' lang='grc' dir='ltr'><em>ὅταν</em></span> <span class='ocrx_word' id='word_1_274' title='bbox 512 3701 623 3772; x_wconf 84' lang='grc' dir='ltr'><em>γὰρ</em></span> <span class='ocrx_word' id='word_1_275' title='bbox 645 3699 738 3754; x_wconf 76' lang='grc' dir='ltr'><em>καὶ</em></span> <span class='ocrx_word' id='word_1_276' title='bbox 761 3700 789 3752; x_wconf 90' lang='grc' dir='ltr'><strong>ὁ</strong></span> <span class='ocrx_word' id='word_1_277' title='bbox 815 3694 1134 3761; x_wconf 81' lang='grc' dir='ltr'><em>διδάσκαλος</em></span> <span class='ocrx_word' id='word_1_278' title='bbox 1158 3700 1217 3752; x_wconf 83' lang='grc' dir='ltr'><em>ὲν</em></span> <span class='ocrx_word' id='word_1_279' title='bbox 1239 3701 1353 3761; x_wconf 83' lang='grc' dir='ltr'><em>τοῖς</em></span> <span class='ocrx_word' id='word_1_280' title='bbox 1378 3698 1642 3763; x_wconf 84' lang='grc' dir='ltr'><em>τοιούτοις</em></span> <span class='ocrx_word' id='word_1_281' title='bbox 1668 3694 1724 3774; x_wconf 82' lang='grc' dir='ltr'><em>ᾖ.</em></span> <span class='ocrx_word' id='word_1_282' title='bbox 1746 3696 1947 3769; x_wconf 82' lang='grc' dir='ltr'><em>μᾶλλον</em></span> 
     </span>
    </p>
   </div>
   <div class='ocr_carea' id='block_1_39' title="bbox 365 3780 1947 3860">
    <p class='ocr_par' dir='ltr' id='par_1_39' title="bbox 365 3780 1947 3860">
     <span class='ocr_line' id='line_1_39' title="bbox 365 3780 1947 3860; baseline -0.001 -17"><span class='ocrx_word' id='word_1_283' title='bbox 365 3787 808 3860; x_wconf 75' lang='grc' dir='ltr'><em>παρακαλοῦνται</em></span> <span class='ocrx_word' id='word_1_284' title='bbox 831 3784 882 3839; x_wconf 85' lang='grc' dir='ltr'><em>οἱ</em></span> <span class='ocrx_word' id='word_1_285' title='bbox 913 3785 1174 3858; x_wconf 86' lang='grc' dir='ltr'><em>μαθηταί.</em></span> <span class='ocrx_word' id='word_1_286' title='bbox 1204 3782 1315 3840; x_wconf 83' lang='grc' dir='ltr'><em>Καὶ</em></span> <span class='ocrx_word' id='word_1_287' title='bbox 1345 3780 1589 3854; x_wconf 75' lang='grc' dir='ltr'><em>Μάρκος</em></span> <span class='ocrx_word' id='word_1_288' title='bbox 1626 3789 1660 3841; x_wconf 85' lang='grc' dir='ltr'><em>ό</em></span> <span class='ocrx_word' id='word_1_289' title='bbox 1693 3786 1947 3856; x_wconf 76' lang='grc' dir='ltr'><em>ἀνεψιὸς</em></span> 
     </span>
    </p>
   </div>
   <div class='ocr_carea' id='block_1_40' title="bbox 365 3873 1947 3946">
    <p class='ocr_par' dir='ltr' id='par_1_40' title="bbox 365 3873 1947 3946">
     <span class='ocr_line' id='line_1_40' title="bbox 365 3873 1947 3946; baseline -0.002 -15"><span class='ocrx_word' id='word_1_290' title='bbox 365 3873 666 3945; x_wconf 77' lang='grc' dir='ltr'><em>Βαρνάϐα.</em></span> <span class='ocrx_word' id='word_1_291' title='bbox 706 3874 817 3928; x_wconf 74' lang='grc' dir='ltr'><em>Καὶ</em></span> <span class='ocrx_word' id='word_1_292' title='bbox 865 3873 1053 3927; x_wconf 90' lang='grc' dir='ltr'><em>τοῦτον</em></span> <span class='ocrx_word' id='word_1_293' title='bbox 1100 3873 1443 3945; x_wconf 78' lang='grc' dir='ltr'><em>ἐνεκωμίασε</em></span> <span class='ocrx_word' id='word_1_294' title='bbox 1495 3875 1634 3939; x_wconf 88' lang='grc' dir='ltr'><em>τέως</em></span> <span class='ocrx_word' id='word_1_295' title='bbox 1684 3874 1794 3929; x_wconf 79' lang='grc' dir='ltr'><em>ἀπὸ</em></span> <span class='ocrx_word' id='word_1_296' title='bbox 1847 3876 1947 3946; x_wconf 79' lang='grc' dir='ltr'><em>τῆς</em></span> 
     </span>
    </p>
   </div>
   <div class='ocr_carea' id='block_1_41' title="bbox 369 3953 1945 4032">
    <p class='ocr_par' dir='ltr' id='par_1_41' title="bbox 369 3953 1945 4032">
     <span class='ocr_line' id='line_1_41' title="bbox 369 3953 1945 4032; baseline -0.001 -16"><span class='ocrx_word' id='word_1_297' title='bbox 369 3961 691 4030; x_wconf 81' lang='grc' dir='ltr'><em>συγγενείας</em></span> <span class='ocrx_word' id='word_1_298' title='bbox 716 3978 732 3993; x_wconf 88' lang='grc'><em>·</em></span> <span class='ocrx_word' id='word_1_299' title='bbox 781 3958 955 4031; x_wconf 80' lang='grc' dir='ltr'><strong>μέγας</strong></span> <span class='ocrx_word' id='word_1_300' title='bbox 976 3958 1084 4031; x_wconf 85' lang='grc' dir='ltr'><em>γὰρ</em></span> <span class='ocrx_word' id='word_1_301' title='bbox 1112 3953 1180 4031; x_wconf 77' lang='grc' dir='ltr'><em>ἦν</em></span> <span class='ocrx_word' id='word_1_302' title='bbox 1209 3961 1352 4032; x_wconf 74' lang='grc' dir='ltr'><em>ἀνὴρ</em></span> <span class='ocrx_word' id='word_1_303' title='bbox 1388 3960 1418 4013; x_wconf 97' lang='lat'><em>6</em></span> <span class='ocrx_word' id='word_1_304' title='bbox 1446 3954 1753 4031; x_wconf 83' lang='grc' dir='ltr'><em>Βαρνά6ας.</em></span> <span class='ocrx_word' id='word_1_305' title='bbox 1804 3961 1945 4030; x_wconf 74' lang='grc' dir='ltr'><em>Περὶ</em></span> 
     </span>
    </p>
   </div>
   <div class='ocr_carea' id='block_1_42' title="bbox 365 4047 1948 4120">
    <p class='ocr_par' dir='ltr' id='par_1_42' title="bbox 365 4047 1948 4120">
     <span class='ocr_line' id='line_1_42' title="bbox 365 4047 1948 4120; baseline -0.002 -12"><span class='ocrx_word' id='word_1_306' title='bbox 365 4047 438 4110; x_wconf 84' lang='grc' dir='ltr'><em>οὗ</em></span> <span class='ocrx_word' id='word_1_307' title='bbox 484 4051 729 4106; x_wconf 77' lang='grc' dir='ltr'><em>ἐλάϐετε</em></span> <span class='ocrx_word' id='word_1_308' title='bbox 781 4049 1065 4116; x_wconf 81' lang='grc' dir='ltr'><em>ἐντολάς·</em></span> <span class='ocrx_word' id='word_1_309' title='bbox 1119 4049 1228 4104; x_wconf 81' lang='grc' dir='ltr'><em>ἐὰν</em></span> <span class='ocrx_word' id='word_1_310' title='bbox 1255 4050 1405 4118; x_wconf 71' lang='grc' dir='ltr'><em>ἔλθῃ</em></span> <span class='ocrx_word' id='word_1_311' title='bbox 1436 4051 1589 4119; x_wconf 82' lang='grc' dir='ltr'><em>πρὸς</em></span> <span class='ocrx_word' id='word_1_312' title='bbox 1641 4049 1819 4120; x_wconf 84' lang='grc' dir='ltr'><em>ὑμᾶς,</em></span> <span class='ocrx_word' id='word_1_313' title='bbox 1852 4050 1948 4105; x_wconf 84' lang='grc' dir='ltr'><em>δέ·</em></span> 
     </span>
    </p>
   </div>
   <div class='ocr_carea' id='block_1_43' title="bbox 360 4137 1947 4210">
    <p class='ocr_par' dir='ltr' id='par_1_43' title="bbox 360 4137 1947 4210">
     <span class='ocr_line' id='line_1_43' title="bbox 360 4137 1947 4210; baseline -0.004 -13"><span class='ocrx_word' id='word_1_314' title='bbox 360 4138 557 4207; x_wconf 76' lang='grc' dir='ltr'><em>ξασθε</em></span> <span class='ocrx_word' id='word_1_315' title='bbox 607 4139 835 4204; x_wconf 84' lang='grc' dir='ltr'><em>αὐτόν;</em></span> <span class='ocrx_word' id='word_1_316' title='bbox 889 4138 955 4192; x_wconf 93' lang='grc' dir='ltr'><em>Τί</em></span> <span class='ocrx_word' id='word_1_317' title='bbox 1005 4137 1150 4210; x_wconf 85' lang='grc' dir='ltr'><em>γάρ;</em></span> <span class='ocrx_word' id='word_1_318' title='bbox 1191 4138 1293 4192; x_wconf 87' lang='grc' dir='ltr'><em>οὐκ</em></span> <span class='ocrx_word' id='word_1_319' title='bbox 1343 4139 1590 4210; x_wconf 78' lang='grc' dir='ltr'><em>ἐδέχοντο</em></span> <span class='ocrx_word' id='word_1_320' title='bbox 1642 4140 1735 4193; x_wconf 78' lang='grc' dir='ltr'><em>καὶ</em></span> <span class='ocrx_word' id='word_1_321' title='bbox 1775 4139 1947 4210; x_wconf 67' lang='grc' dir='ltr'><em>χωρὶς</em></span> 
     </span>
    </p>
   </div>
   <div class='ocr_carea' id='block_1_44' title="bbox 364 4222 1944 4297">
    <p class='ocr_par' dir='ltr' id='par_1_44' title="bbox 364 4222 1944 4297">
     <span class='ocr_line' id='line_1_44' title="bbox 364 4222 1944 4297; baseline -0.001 -16"><span class='ocrx_word' id='word_1_322' title='bbox 364 4228 585 4294; x_wconf 84' lang='grc' dir='ltr'><em>τούτου;</em></span> <span class='ocrx_word' id='word_1_323' title='bbox 615 4225 755 4280; x_wconf 85' lang='grc' dir='ltr'><em>Ναί·</em></span> <span class='ocrx_word' id='word_1_324' title='bbox 792 4222 931 4279; x_wconf 82' lang='grc' dir='ltr'><em>ἀλλά</em></span> <span class='ocrx_word' id='word_1_325' title='bbox 959 4225 1098 4296; x_wconf 70' lang='grc' dir='ltr'><em>μετὰ</em></span> <span class='ocrx_word' id='word_1_326' title='bbox 1126 4222 1330 4295; x_wconf 79' lang='grc' dir='ltr'><em>πολλῆς</em></span> <span class='ocrx_word' id='word_1_327' title='bbox 1356 4225 1459 4296; x_wconf 82' lang='grc' dir='ltr'><em>τῆς</em></span> <span class='ocrx_word' id='word_1_328' title='bbox 1489 4226 1724 4297; x_wconf 82' lang='grc' dir='ltr'><em>σπουδῆς</em></span> <span class='ocrx_word' id='word_1_329' title='bbox 1749 4224 1944 4296; x_wconf 76' lang='grc' dir='ltr'><em>βούλοο</em></span> 
     </span>
    </p>
   </div>
   <div class='ocr_carea' id='block_1_45' title="bbox 366 4308 1944 4389">
    <p class='ocr_par' dir='ltr' id='par_1_45' title="bbox 366 4308 1944 4389">
     <span class='ocr_line' id='line_1_45' title="bbox 366 4308 1944 4389; baseline -0.001 -19"><span class='ocrx_word' id='word_1_330' title='bbox 366 4334 493 4387; x_wconf 88' lang='grc' dir='ltr'><em>μαι,</em></span> <span class='ocrx_word' id='word_1_331' title='bbox 553 4314 721 4385; x_wconf 76' lang='grc' dir='ltr'><em>φησι·</em></span> <span class='ocrx_word' id='word_1_332' title='bbox 785 4311 1067 4367; x_wconf 71' lang='grc' dir='ltr'><em>καὶτοῦτο</em></span> <span class='ocrx_word' id='word_1_333' title='bbox 1098 4311 1191 4365; x_wconf 82' lang='grc' dir='ltr'><em>τὸν</em></span> <span class='ocrx_word' id='word_1_334' title='bbox 1241 4312 1411 4383; x_wconf 82' lang='grc' dir='ltr'><em>ἄνδρα</em></span> <span class='ocrx_word' id='word_1_335' title='bbox 1446 4308 1686 4389; x_wconf 82' lang='grc' dir='ltr'><em>δείκνυσι</em></span> <span class='ocrx_word' id='word_1_336' title='bbox 1748 4313 1944 4383; x_wconf 84' lang='grc' dir='ltr'><em>μέγαν.</em></span> 
     </span>
    </p>
   </div>
   <div class='ocr_carea' id='block_1_46' title="bbox 365 4396 1947 4470">
    <p class='ocr_par' dir='ltr' id='par_1_46' title="bbox 365 4396 1947 4470">
     <span class='ocr_line' id='line_1_46' title="bbox 365 4396 1947 4470; baseline -0.002 -11"><span class='ocrx_word' id='word_1_337' title='bbox 365 4404 541 4459; x_wconf 81' lang='grc' dir='ltr'><em>Πόθεν</em></span> <span class='ocrx_word' id='word_1_338' title='bbox 573 4403 671 4467; x_wconf 79' lang='grc' dir='ltr'><em>τὰς</em></span> <span class='ocrx_word' id='word_1_339' title='bbox 701 4401 921 4465; x_wconf 78' lang='grc' dir='ltr'><em>ἐντολὰς</em></span> <span class='ocrx_word' id='word_1_340' title='bbox 952 4396 1166 4467; x_wconf 76' lang='grc' dir='ltr'><em>ἔλαῦον,</em></span> <span class='ocrx_word' id='word_1_341' title='bbox 1198 4401 1260 4455; x_wconf 89' lang='grc' dir='ltr'><em>οὐ</em></span> <span class='ocrx_word' id='word_1_342' title='bbox 1293 4396 1465 4470; x_wconf 80' lang='grc' dir='ltr'><em>λέγει.</em></span> <span class='ocrx_word' id='word_1_343' title='bbox 1501 4401 1613 4455; x_wconf 82' lang='grc' dir='ltr'><em>Καὶ</em></span> <span class='ocrx_word' id='word_1_344' title='bbox 1653 4402 1890 4469; x_wconf 83' lang='grc' dir='ltr'><em>Ἰησοῦς</em></span> <span class='ocrx_word' id='word_1_345' title='bbox 1914 4404 1947 4456; x_wconf 82' lang='grc' dir='ltr'><em>ὁ</em></span> 
     </span>
    </p>
   </div>
   <div class='ocr_carea' id='block_1_47' title="bbox 360 4483 1948 4563">
    <p class='ocr_par' dir='ltr' id='par_1_47' title="bbox 360 4483 1948 4563">
     <span class='ocr_line' id='line_1_47' title="bbox 360 4483 1948 4563; baseline -0.003 -15"><span class='ocrx_word' id='word_1_346' title='bbox 360 4493 690 4563; x_wconf 76' lang='grc' dir='ltr'><em>λεγόμενος</em></span> <span class='ocrx_word' id='word_1_347' title='bbox 717 4491 1007 4558; x_wconf 84' lang='grc' dir='ltr'><em>Ἰοῦστος.</em></span> <span class='ocrx_word' id='word_1_348' title='bbox 1032 4491 1194 4554; x_wconf 83' lang='grc' dir='ltr'><em>Ἴσως</em></span> <span class='ocrx_word' id='word_1_349' title='bbox 1222 4489 1509 4560; x_wconf 87' lang='grc' dir='ltr'><em>Κορίνθιος</em></span> <span class='ocrx_word' id='word_1_350' title='bbox 1529 4484 1600 4560; x_wconf 78' lang='grc' dir='ltr'><em>ἦν</em></span> <span class='ocrx_word' id='word_1_351' title='bbox 1620 4483 1795 4553; x_wconf 74' lang='grc' dir='ltr'><em>οὗτος.</em></span> <span class='ocrx_word' id='word_1_352' title='bbox 1814 4487 1948 4544; x_wconf 75' lang='grc' dir='ltr'><em>Εἶτα</em></span> 
     </span>
    </p>
   </div>
   <div class='ocr_carea' id='block_1_48' title="bbox 363 4573 1948 4650">
    <p class='ocr_par' dir='ltr' id='par_1_48' title="bbox 363 4573 1948 4650">
     <span class='ocr_line' id='line_1_48' title="bbox 363 4573 1948 4650; baseline -0.001 -16"><span class='ocrx_word' id='word_1_353' title='bbox 363 4583 505 4634; x_wconf 80' lang='grc' dir='ltr'><em>πᾶσι</em></span> <span class='ocrx_word' id='word_1_354' title='bbox 530 4580 592 4632; x_wconf 78' lang='grc' dir='ltr'><em>τὸ</em></span> <span class='ocrx_word' id='word_1_355' title='bbox 619 4577 893 4650; x_wconf 78' lang='grc' dir='ltr'><em>ἐγκώμιον</em></span> <span class='ocrx_word' id='word_1_356' title='bbox 925 4575 1105 4631; x_wconf 78' lang='grc' dir='ltr'><em>κοινὸν</em></span> <span class='ocrx_word' id='word_1_357' title='bbox 1138 4574 1488 4641; x_wconf 86' lang='grc' dir='ltr'><em>ἀποδίδωσιν,</em></span> <span class='ocrx_word' id='word_1_358' title='bbox 1522 4573 1691 4631; x_wconf 87' lang='grc' dir='ltr'><em>είπὼν</em></span> <span class='ocrx_word' id='word_1_359' title='bbox 1720 4577 1781 4630; x_wconf 79' lang='grc' dir='ltr'><em>τὸ</em></span> <span class='ocrx_word' id='word_1_360' title='bbox 1811 4577 1948 4633; x_wconf 74' lang='grc' dir='ltr'><em>ἰδιά-</em></span> 
     </span>
    </p>
   </div>
   <div class='ocr_carea' id='block_1_49' title="bbox 362 4654 1948 4735">
    <p class='ocr_par' dir='ltr' id='par_1_49' title="bbox 362 4654 1948 4735">
     <span class='ocr_line' id='line_1_49' title="bbox 362 4654 1948 4735; baseline -0.001 -13"><span class='ocrx_word' id='word_1_361' title='bbox 362 4668 458 4733; x_wconf 78' lang='grc' dir='ltr'><em>ζον</em></span> <span class='ocrx_word' id='word_1_362' title='bbox 487 4666 750 4720; x_wconf 80' lang='grc' dir='ltr'><em>ἑκάστου·</em></span> <span class='ocrx_word' id='word_1_363' title='bbox 782 4668 847 4720; x_wconf 88' lang='lat' dir='ltr'><strong><em>Ol</em></strong></span> <span class='ocrx_word' id='word_1_364' title='bbox 880 4662 1052 4732; x_wconf 80' lang='grc' dir='ltr'><em>ὄντες</em></span> <span class='ocrx_word' id='word_1_365' title='bbox 1080 4661 1149 4718; x_wconf 83' lang='grc' dir='ltr'><em>ἐκ</em></span> <span class='ocrx_word' id='word_1_366' title='bbox 1192 4664 1547 4735; x_wconf 75' lang='grc' dir='ltr'><em>περιτομῆς·</em></span> <span class='ocrx_word' id='word_1_367' title='bbox 1580 4654 1746 4720; x_wconf 85' lang='grc' dir='ltr'><em>οὗτοι</em></span> <span class='ocrx_word' id='word_1_368' title='bbox 1769 4667 1948 4734; x_wconf 87' lang='grc' dir='ltr'><em>μόνοι</em></span> 
     </span>
    </p>
   </div>
   <div class='ocr_carea' id='block_1_50' title="bbox 362 4749 1949 4823">
    <p class='ocr_par' dir='ltr' id='par_1_50' title="bbox 362 4749 1949 4823">
     <span class='ocr_line' id='line_1_50' title="bbox 362 4749 1949 4823; baseline -0.002 -14"><span class='ocrx_word' id='word_1_369' title='bbox 362 4753 650 4823; x_wconf 72' lang='grc' dir='ltr'><em>συνεργοί</em></span> <span class='ocrx_word' id='word_1_370' title='bbox 695 4755 784 4820; x_wconf 85' lang='grc' dir='ltr'><em>είς</em></span> <span class='ocrx_word' id='word_1_371' title='bbox 825 4753 941 4821; x_wconf 80' lang='grc' dir='ltr'><em>τὴν</em></span> <span class='ocrx_word' id='word_1_372' title='bbox 990 4749 1321 4818; x_wconf 77' lang='grc' dir='ltr'><em>βασιλείαν</em></span> <span class='ocrx_word' id='word_1_373' title='bbox 1347 4751 1455 4806; x_wconf 87' lang='grc' dir='ltr'><em>τοῦ</em></span> <span class='ocrx_word' id='word_1_374' title='bbox 1511 4752 1682 4813; x_wconf 85' lang='grc' dir='ltr'><em>Θεοῦ,</em></span> <span class='ocrx_word' id='word_1_375' title='bbox 1728 4752 1949 4819; x_wconf 80' lang='grc' dir='ltr'><em>οἵτινες</em></span> 
     </span>
    </p>
   </div>
   <div class='ocr_carea' id='block_1_51' title="bbox 360 4835 1948 4911">
    <p class='ocr_par' dir='ltr' id='par_1_51' title="bbox 360 4835 1948 4911">
     <span class='ocr_line' id='line_1_51' title="bbox 360 4835 1948 4911; baseline 0 -17"><span class='ocrx_word' id='word_1_376' title='bbox 360 4840 746 4910; x_wconf 74' lang='grc' dir='ltr'><em>ἐγενήθησάν</em></span> <span class='ocrx_word' id='word_1_377' title='bbox 797 4858 899 4910; x_wconf 86' lang='grc' dir='ltr'><em>μοι</em></span> <span class='ocrx_word' id='word_1_378' title='bbox 952 4840 1304 4910; x_wconf 78' lang='grc' dir='ltr'><em>παρηγορία.</em></span> <span class='ocrx_word' id='word_1_379' title='bbox 1350 4839 1570 4911; x_wconf 81' lang='grc' dir='ltr'><em>Ἐπειδὴ</em></span> <span class='ocrx_word' id='word_1_380' title='bbox 1619 4835 1765 4905; x_wconf 80' lang='grc' dir='ltr'><em>εἶπε,</em></span> <span class='ocrx_word' id='word_1_381' title='bbox 1796 4843 1948 4894; x_wconf 86' lang='grc' dir='ltr'><em>Συν-</em></span> 
     </span>
    </p>
   </div>
   <div class='ocr_carea' id='block_1_52' title="bbox 361 4926 1948 5001">
    <p class='ocr_par' dir='ltr' id='par_1_52' title="bbox 361 4926 1948 5001">
     <span class='ocr_line' id='line_1_52' title="bbox 361 4926 1948 5001; baseline -0.001 -19"><span class='ocrx_word' id='word_1_382' title='bbox 361 4928 766 4998; x_wconf 77' lang='grc' dir='ltr'><em>αιχμάλωτος,</em></span> <span class='ocrx_word' id='word_1_383' title='bbox 801 4929 889 4982; x_wconf 74' lang='grc' dir='ltr'><em>ἵνα</em></span> <span class='ocrx_word' id='word_1_384' title='bbox 937 4928 1013 5000; x_wconf 80' lang='grc' dir='ltr'><em>μὴ</em></span> <span class='ocrx_word' id='word_1_385' title='bbox 1064 4927 1480 5001; x_wconf 81' lang='grc' dir='ltr'><em>συγκατενέγκῃ</em></span> <span class='ocrx_word' id='word_1_386' title='bbox 1506 4928 1606 4998; x_wconf 74' lang='grc' dir='ltr'><em>τὴν</em></span> <span class='ocrx_word' id='word_1_387' title='bbox 1633 4926 1811 4999; x_wconf 79' lang='grc' dir='ltr'><em>ψυχὴν</em></span> <span class='ocrx_word' id='word_1_388' title='bbox 1838 4926 1948 4981; x_wconf 91' lang='grc' dir='ltr'><em>τῶν</em></span> 
     </span>
    </p>
   </div>
   <div class='ocr_carea' id='block_1_53' title="bbox 362 5013 1947 5087">
    <p class='ocr_par' dir='ltr' id='par_1_53' title="bbox 362 5013 1947 5087">
     <span class='ocr_line' id='line_1_53' title="bbox 362 5013 1947 5087; baseline 0 -18"><span class='ocrx_word' id='word_1_389' title='bbox 362 5014 824 5086; x_wconf 82' lang='grc' dir='ltr'><em>ἆκουόντων,ὅρα</em></span> <span class='ocrx_word' id='word_1_390' title='bbox 867 5016 985 5079; x_wconf 88' lang='grc' dir='ltr'><em>πῶς</em></span> <span class='ocrx_word' id='word_1_391' title='bbox 1029 5013 1188 5068; x_wconf 87' lang='grc' dir='ltr'><em>τοῦτο</em></span> <span class='ocrx_word' id='word_1_392' title='bbox 1217 5014 1420 5087; x_wconf 87' lang='grc' dir='ltr'><em>τίθησι,</em></span> <span class='ocrx_word' id='word_1_393' title='bbox 1469 5015 1566 5068; x_wconf 74' lang='grc' dir='ltr'><em>καὶ</em></span> <span class='ocrx_word' id='word_1_394' title='bbox 1613 5014 1947 5086; x_wconf 86' lang='grc' dir='ltr'><em>διανίστησιν</em></span> 
     </span>
    </p>
   </div>
   <div class='ocr_carea' id='block_1_54' title="bbox 362 5101 1945 5173">
    <p class='ocr_par' dir='ltr' id='par_1_54' title="bbox 362 5101 1945 5173">
     <span class='ocr_line' id='line_1_54' title="bbox 362 5101 1945 5173; baseline 0.002 -18"><span class='ocrx_word' id='word_1_395' title='bbox 362 5102 566 5165; x_wconf 80' lang='grc' dir='ltr'><em>αὐτούς</em></span> <span class='ocrx_word' id='word_1_396' title='bbox 586 5119 600 5133; x_wconf 94' lang='grc'><em>·</em></span> <span class='ocrx_word' id='word_1_397' title='bbox 638 5102 947 5173; x_wconf 78' lang='grc' dir='ltr'><em>Συνεργοὶ,</em></span> <span class='ocrx_word' id='word_1_398' title='bbox 992 5103 1180 5172; x_wconf 81' lang='grc' dir='ltr'><em>φησὶν,</em></span> <span class='ocrx_word' id='word_1_399' title='bbox 1226 5105 1312 5169; x_wconf 80' lang='grc' dir='ltr'><em>είς</em></span> <span class='ocrx_word' id='word_1_400' title='bbox 1341 5103 1455 5170; x_wconf 84' lang='grc' dir='ltr'><em>τήν</em></span> <span class='ocrx_word' id='word_1_401' title='bbox 1476 5101 1809 5167; x_wconf 80' lang='grc' dir='ltr'><em>βασιλείαν</em></span> <span class='ocrx_word' id='word_1_402' title='bbox 1836 5103 1945 5158; x_wconf 85' lang='grc' dir='ltr'><em>τοῦ</em></span> 
     </span>
    </p>
   </div>
   <div class='ocr_carea' id='block_1_55' title="bbox 365 5184 1945 5262">
    <p class='ocr_par' dir='ltr' id='par_1_55' title="bbox 365 5184 1945 5262">
     <span class='ocr_line' id='line_1_55' title="bbox 365 5184 1945 5262; baseline 0.001 -18"><span class='ocrx_word' id='word_1_403' title='bbox 365 5187 540 5245; x_wconf 78' lang='grc' dir='ltr'><em>Θεοῦ.</em></span> <span class='ocrx_word' id='word_1_404' title='bbox 562 5190 726 5243; x_wconf 81' lang='grc' dir='ltr'><em>’Ὥστε</em></span> <span class='ocrx_word' id='word_1_405' title='bbox 755 5184 862 5242; x_wconf 88' lang='grc' dir='ltr'><em>τῶν</em></span> <span class='ocrx_word' id='word_1_406' title='bbox 885 5189 1204 5260; x_wconf 84' lang='grc' dir='ltr'><em>πειρασμῶν</em></span> <span class='ocrx_word' id='word_1_407' title='bbox 1226 5189 1629 5255; x_wconf 78' lang='grc' dir='ltr'><em>κοινωνοῦντες,</em></span> <span class='ocrx_word' id='word_1_408' title='bbox 1660 5189 1762 5261; x_wconf 81' lang='grc' dir='ltr'><em>τῆς</em></span> <span class='ocrx_word' id='word_1_409' title='bbox 1790 5190 1945 5262; x_wconf 87' lang='grc' dir='ltr'><em>βασι-</em></span> 
     </span>
    </p>
   </div>
   <div class='ocr_carea' id='block_1_56' title="bbox 362 5274 1943 5349">
    <p class='ocr_par' dir='ltr' id='par_1_56' title="bbox 362 5274 1943 5349">
     <span class='ocr_line' id='line_1_56' title="bbox 362 5274 1943 5349; baseline 0.001 -18"><span class='ocrx_word' id='word_1_410' title='bbox 362 5276 517 5341; x_wconf 83' lang='grc' dir='ltr'><em>λείας</em></span> <span class='ocrx_word' id='word_1_411' title='bbox 546 5275 918 5332; x_wconf 89' lang='grc' dir='ltr'><em>κοινωνοῦσιν.</em></span> <span class='ocrx_word' id='word_1_412' title='bbox 965 5278 1196 5344; x_wconf 82' lang='grc' dir='ltr'><em>Οἵτινες</em></span> <span class='ocrx_word' id='word_1_413' title='bbox 1231 5274 1611 5347; x_wconf 77' lang='grc' dir='ltr'><em>ἐγενήθησάν</em></span> <span class='ocrx_word' id='word_1_414' title='bbox 1645 5295 1751 5347; x_wconf 87' lang='grc' dir='ltr'><em>μοι</em></span> <span class='ocrx_word' id='word_1_415' title='bbox 1796 5294 1943 5349; x_wconf 59' lang='grc' dir='ltr'><em>παρ’</em></span> 
     </span>
    </p>
   </div>
   <div class='ocr_carea' id='block_1_57' title="bbox 364 5363 1945 5439">
    <p class='ocr_par' dir='ltr' id='par_1_57' title="bbox 364 5363 1945 5439">
     <span class='ocr_line' id='line_1_57' title="bbox 364 5363 1945 5439; baseline 0.001 -20"><span class='ocrx_word' id='word_1_416' title='bbox 364 5368 601 5436; x_wconf 76' lang='grc' dir='ltr'><em>ητορία.</em></span> <span class='ocrx_word' id='word_1_417' title='bbox 618 5365 902 5420; x_wconf 87' lang='grc' dir='ltr'><em>Δείκνυσιν</em></span> <span class='ocrx_word' id='word_1_418' title='bbox 918 5366 1116 5430; x_wconf 76' lang='grc' dir='ltr'><em>αὐτοὺς</em></span> <span class='ocrx_word' id='word_1_419' title='bbox 1136 5363 1422 5435; x_wconf 77' lang='grc' dir='ltr'><em>μεγάλους,</em></span> <span class='ocrx_word' id='word_1_420' title='bbox 1441 5364 1570 5434; x_wconf 82' lang='grc' dir='ltr'><em>είγε</em></span> <span class='ocrx_word' id='word_1_421' title='bbox 1590 5364 1790 5437; x_wconf 80' lang='grc' dir='ltr'><em>Παύλῳ</em></span> <span class='ocrx_word' id='word_1_422' title='bbox 1810 5384 1945 5439; x_wconf 64' lang='grc' dir='ltr'><em>παρ.</em></span> 
     </span>
    </p>
   </div>
   <div class='ocr_carea' id='block_1_58' title="bbox 364 5452 1940 5526">
    <p class='ocr_par' dir='ltr' id='par_1_58' title="bbox 364 5452 1940 5526">
     <span class='ocr_line' id='line_1_58' title="bbox 364 5452 1940 5526; baseline 0.001 -18"><span class='ocrx_word' id='word_1_423' title='bbox 364 5454 567 5526; x_wconf 87' lang='grc' dir='ltr'><em>ηγορία</em></span> <span class='ocrx_word' id='word_1_424' title='bbox 589 5454 933 5524; x_wconf 85' lang='grc' dir='ltr'><em>γεγένηνται.</em></span> <span class='ocrx_word' id='word_1_425' title='bbox 963 5453 1104 5507; x_wconf 78' lang='grc' dir='ltr'><em>Ἀλλ’</em></span> <span class='ocrx_word' id='word_1_426' title='bbox 1129 5453 1330 5523; x_wconf 74' lang='grc' dir='ltr'><em>ἴδωμεν</em></span> <span class='ocrx_word' id='word_1_427' title='bbox 1340 5455 1439 5525; x_wconf 83' lang='grc' dir='ltr'><em>τὴν</em></span> <span class='ocrx_word' id='word_1_428' title='bbox 1461 5452 1679 5508; x_wconf 87' lang='grc' dir='ltr'><em>σύνεσιν</em></span> <span class='ocrx_word' id='word_1_429' title='bbox 1708 5454 1940 5511; x_wconf 85' lang='grc' dir='ltr'><em>Παύλου.</em></span> 
     </span>
    </p>
   </div>
   <div class='ocr_carea' id='block_1_59' title="bbox 380 5540 1946 5612">
    <p class='ocr_par' dir='ltr' id='par_1_59' title="bbox 380 5540 1946 5612">
     <span class='ocr_line' id='line_1_59' title="bbox 380 5540 1946 5612; baseline 0.001 -15"><span class='ocrx_word' id='word_1_430' title='bbox 380 5542 487 5597; x_wconf 81' lang='grc' dir='ltr'><em>Ἔν</em></span> <span class='ocrx_word' id='word_1_431' title='bbox 513 5541 724 5610; x_wconf 78' lang='grc' dir='ltr'><em>σοφίᾳ,</em></span> <span class='ocrx_word' id='word_1_432' title='bbox 743 5543 898 5612; x_wconf 78' lang='grc' dir='ltr'><em>φησὶ,</em></span> <span class='ocrx_word' id='word_1_433' title='bbox 927 5541 1303 5610; x_wconf 78' lang='grc' dir='ltr'><em>περιπατεῖτε</em></span> <span class='ocrx_word' id='word_1_434' title='bbox 1327 5540 1476 5609; x_wconf 80' lang='grc' dir='ltr'><em>πρὸς</em></span> <span class='ocrx_word' id='word_1_435' title='bbox 1506 5540 1650 5607; x_wconf 87' lang='grc' dir='ltr'><em>τοὺς</em></span> <span class='ocrx_word' id='word_1_436' title='bbox 1678 5540 1816 5608; x_wconf 72' lang='grc' dir='ltr'><em>ἔξω,</em></span> <span class='ocrx_word' id='word_1_437' title='bbox 1839 5543 1946 5598; x_wconf 88' lang='grc' dir='ltr'><em>τὸν</em></span> 
     </span>
    </p>
   </div>
   <div class='ocr_carea' id='block_1_60' title="bbox 372 5627 1945 5699">
    <p class='ocr_par' dir='ltr' id='par_1_60' title="bbox 372 5627 1945 5699">
     <span class='ocr_line' id='line_1_60' title="bbox 372 5627 1945 5699; baseline 0.001 -17"><span class='ocrx_word' id='word_1_438' title='bbox 372 5627 580 5698; x_wconf 76' lang='grc' dir='ltr'><em>καιρὸν</em></span> <span class='ocrx_word' id='word_1_439' title='bbox 599 5627 1422 5697; x_wconf 76' lang='grc' dir='ltr'><em>ἐξαγοραζόμενοι.Τουτέστιν,</em></span> <span class='ocrx_word' id='word_1_440' title='bbox 1443 5629 1558 5684; x_wconf 85' lang='grc' dir='ltr'><em>Οὐκ</em></span> <span class='ocrx_word' id='word_1_441' title='bbox 1583 5628 1729 5683; x_wconf 69' lang='grc' dir='ltr'><em>ἔστιν</em></span> <span class='ocrx_word' id='word_1_442' title='bbox 1747 5630 1945 5699; x_wconf 83' lang='grc' dir='ltr'><em>ὑμέτε-</em></span> 
     </span>
    </p>
   </div>
   <div class='ocr_carea' id='block_1_61' title="bbox 380 5711 1939 5787">
    <p class='ocr_par' dir='ltr' id='par_1_61' title="bbox 380 5711 1939 5787">
     <span class='ocr_line' id='line_1_61' title="bbox 380 5711 1939 5787; baseline 0.004 -20"><span class='ocrx_word' id='word_1_443' title='bbox 380 5731 469 5779; x_wconf 71' lang='grc' dir='ltr'><em>ρος</em></span> <span class='ocrx_word' id='word_1_444' title='bbox 488 5716 516 5767; x_wconf 89' lang='lat'><em>6</em></span> <span class='ocrx_word' id='word_1_445' title='bbox 548 5712 764 5785; x_wconf 77' lang='grc' dir='ltr'><em>καιρὸς,</em></span> <span class='ocrx_word' id='word_1_446' title='bbox 793 5711 905 5767; x_wconf 83' lang='grc' dir='ltr'><em>ἀλλ’</em></span> <span class='ocrx_word' id='word_1_447' title='bbox 929 5713 1153 5772; x_wconf 74' lang='grc' dir='ltr'><em>ἐκείνων</em></span> <span class='ocrx_word' id='word_1_448' title='bbox 1179 5715 1294 5767; x_wconf 76' lang='grc' dir='ltr'><em>ὲστί</em></span> <span class='ocrx_word' id='word_1_449' title='bbox 1315 5730 1329 5746; x_wconf 90' lang='grc'><em>·</em></span> <span class='ocrx_word' id='word_1_450' title='bbox 1374 5714 1449 5786; x_wconf 82' lang='grc' dir='ltr'><em>μὴ</em></span> <span class='ocrx_word' id='word_1_451' title='bbox 1481 5715 1661 5770; x_wconf 83' lang='grc' dir='ltr'><em>τοίνυν</em></span> <span class='ocrx_word' id='word_1_452' title='bbox 1684 5715 1939 5787; x_wconf 84' lang='grc' dir='ltr'><em>βούλεσθε</em></span> 
     </span>
    </p>
   </div>
   <div class='ocr_carea' id='block_1_62' title="bbox 1231 284 2737 345">
    <p class='ocr_par' dir='ltr' id='par_1_62' title="bbox 1231 284 2737 345">
     <span class='ocr_line' id='line_1_62' title="bbox 1231 284 2737 345; baseline 0.001 -2"><span class='ocrx_word' id='word_1_453' title='bbox 1231 284 1301 343; x_wconf 74' lang='grc' dir='ltr'><em>ΙΝ</em></span> <span class='ocrx_word' id='word_1_454' title='bbox 1340 284 1558 344; x_wconf 77' lang='lat' dir='ltr'><em>EPIST.</em></span> <span class='ocrx_word' id='word_1_455' title='bbox 1588 285 1679 340; x_wconf 81' lang='lat' dir='ltr'><em>Al)</em></span> <span class='ocrx_word' id='word_1_456' title='bbox 1715 285 2004 344; x_wconf 81' lang='lat' dir='ltr'><em>COLOSS.</em></span> <span class='ocrx_word' id='word_1_457' title='bbox 2046 287 2198 343; x_wconf 72' lang='lat' dir='ltr'><em>CAP.</em></span> <span class='ocrx_word' id='word_1_458' title='bbox 2242 287 2329 343; x_wconf 73' lang='lat' dir='ltr'><em>lV&#39;.</em></span> <span class='ocrx_word' id='word_1_459' title='bbox 2373 288 2607 345; x_wconf 76' lang='lat' dir='ltr'><em>HOMlL.</em></span> <span class='ocrx_word' id='word_1_460' title='bbox 2645 290 2737 345; x_wconf 71' lang='lat' dir='ltr'><em>XI.</em></span> 
     </span>
    </p>
   </div>
   <div class='ocr_carea' id='block_1_63' title="bbox 339 403 1987 480">
    <p class='ocr_par' dir='ltr' id='par_1_63' title="bbox 339 403 1987 480">
     <span class='ocr_line' id='line_1_63' title="bbox 339 403 1987 480; baseline -0.001 -20"><span class='ocrx_word' id='word_1_461' title='bbox 339 403 696 480; x_wconf 77' lang='grc' dir='ltr'><em>πειρασμῶν·</em></span> <span class='ocrx_word' id='word_1_462' title='bbox 727 404 868 459; x_wconf 83' lang='grc' dir='ltr'><em>ὥστε</em></span> <span class='ocrx_word' id='word_1_463' title='bbox 897 404 1046 479; x_wconf 81' lang='grc' dir='ltr'><em>αὐτῷ</em></span> <span class='ocrx_word' id='word_1_464' title='bbox 1076 406 1342 462; x_wconf 77' lang='grc' dir='ltr'><em>πάντοθεν</em></span> <span class='ocrx_word' id='word_1_465' title='bbox 1373 406 1433 460; x_wconf 83' lang='grc' dir='ltr'><em>τὸ</em></span> <span class='ocrx_word' id='word_1_466' title='bbox 1459 404 1769 470; x_wconf 81' lang='grc' dir='ltr'><em>ἀξιόπιστον</em></span> <span class='ocrx_word' id='word_1_467' title='bbox 1803 423 1926 459; x_wconf 82' lang='grc' dir='ltr'><em>συν·</em></span> <span class='ocrx_word' id='word_1_468' title='bbox 1966 419 1987 467; x_wconf 72' lang='grc' dir='ltr'><strong><em>τ</em></strong></span> 
     </span>
    </p>
   </div>
   <div class='ocr_carea' id='block_1_64' title="bbox 3511 292 3615 347">
    <p class='ocr_par' dir='ltr' id='par_1_64' title="bbox 3511 292 3615 347">
     <span class='ocr_line' id='line_1_64' title="bbox 3511 292 3615 347; baseline 0 0"><span class='ocrx_word' id='word_1_469' title='bbox 3511 292 3615 347; x_wconf 74' lang='lat'><em>376</em></span> 
     </span>
    </p>
   </div>
   <div class='ocr_carea' id='block_1_65' title="bbox 2035 405 3617 479">
    <p class='ocr_par' dir='ltr' id='par_1_65' title="bbox 2035 405 3617 479">
     <span class='ocr_line' id='line_1_65' title="bbox 2035 405 3617 479; baseline 0.003 -20"><span class='ocrx_word' id='word_1_470' title='bbox 2035 406 2332 473; x_wconf 85' lang='grc' dir='ltr'><em>αὐθεντεῖν,</em></span> <span class='ocrx_word' id='word_1_471' title='bbox 2350 407 2466 462; x_wconf 87' lang='grc' dir='ltr'><em>ἀλλ’</em></span> <span class='ocrx_word' id='word_1_472' title='bbox 2490 405 2855 479; x_wconf 75' lang='grc' dir='ltr'><em>ὲξαγοράξετε</em></span> <span class='ocrx_word' id='word_1_473' title='bbox 2877 407 2967 461; x_wconf 74' lang='grc' dir='ltr'><em>τὸν</em></span> <span class='ocrx_word' id='word_1_474' title='bbox 2981 406 3192 477; x_wconf 84' lang='grc' dir='ltr'><em>καιρόν.</em></span> <span class='ocrx_word' id='word_1_475' title='bbox 3218 410 3328 464; x_wconf 79' lang='grc' dir='ltr'><em>Καὶ</em></span> <span class='ocrx_word' id='word_1_476' title='bbox 3346 410 3446 464; x_wconf 85' lang='grc' dir='ltr'><em>οὐκ</em></span> <span class='ocrx_word' id='word_1_477' title='bbox 3464 405 3617 464; x_wconf 85' lang='grc' dir='ltr'><em>εἶπεν</em></span> 
     </span>
    </p>
   </div>
   <div class='ocr_carea' id='block_1_66' title="bbox 2029 492 3618 568">
    <p class='ocr_par' dir='ltr' id='par_1_66' title="bbox 2029 492 3618 568">
     <span class='ocr_line' id='line_1_66' title="bbox 2029 492 3618 568; baseline 0.004 -22"><span class='ocrx_word' id='word_1_478' title='bbox 2029 493 2235 559; x_wconf 82' lang='grc' dir='ltr'><em>ἁπλῶς,</em></span> <span class='ocrx_word' id='word_1_479' title='bbox 2274 494 2621 565; x_wconf 76' lang='grc' dir='ltr'><em>’Δγοράζετε,</em></span> <span class='ocrx_word' id='word_1_480' title='bbox 2651 493 2788 559; x_wconf 77' lang='grc' dir='ltr'><em>ἀλλ’,</em></span> <span class='ocrx_word' id='word_1_481' title='bbox 2836 492 3248 567; x_wconf 72' lang='grc' dir='ltr'><em>Ἑξαγοράζετε,</em></span> <span class='ocrx_word' id='word_1_482' title='bbox 3300 495 3500 568; x_wconf 84' lang='grc' dir='ltr'><em>δηλῶν,</em></span> <span class='ocrx_word' id='word_1_483' title='bbox 3535 498 3618 552; x_wconf 83' lang='grc' dir='ltr'><em>ὅτι</em></span> 
     </span>
    </p>
   </div>
   <div class='ocr_carea' id='block_1_67' title="bbox 2032 579 3616 657">
    <p class='ocr_par' dir='ltr' id='par_1_67' title="bbox 2032 579 3616 657">
     <span class='ocr_line' id='line_1_67' title="bbox 2032 579 3616 657; baseline 0.004 -23"><span class='ocrx_word' id='word_1_484' title='bbox 2032 580 2191 635; x_wconf 76' lang='grc' dir='ltr'><em>Οὕτω</em></span> <span class='ocrx_word' id='word_1_485' title='bbox 2242 579 2626 654; x_wconf 83' lang='grc' dir='ltr'><em>διατιθέμενοι,</em></span> <span class='ocrx_word' id='word_1_486' title='bbox 2677 583 2945 655; x_wconf 79' lang='grc' dir='ltr'><em>ὑμέτερον</em></span> <span class='ocrx_word' id='word_1_487' title='bbox 2976 584 3139 637; x_wconf 75' lang='grc' dir='ltr'><em>αὐτὸν</em></span> <span class='ocrx_word' id='word_1_488' title='bbox 3165 587 3371 639; x_wconf 84' lang='grc' dir='ltr'><em>ποιεῖτε</em></span> <span class='ocrx_word' id='word_1_489' title='bbox 3392 585 3616 657; x_wconf 78' lang='grc' dir='ltr'><em>ἑτέρως.</em></span> 
     </span>
    </p>
   </div>
   <div class='ocr_carea' id='block_1_68' title="bbox 2045 670 3621 744">
    <p class='ocr_par' dir='ltr' id='par_1_68' title="bbox 2045 670 3621 744">
     <span class='ocr_line' id='line_1_68' title="bbox 2045 670 3621 744; baseline 0.003 -21"><span class='ocrx_word' id='word_1_490' title='bbox 2045 670 2254 735; x_wconf 81' lang='grc' dir='ltr'><em>Ἀνοίας</em></span> <span class='ocrx_word' id='word_1_491' title='bbox 2279 670 2388 742; x_wconf 89' lang='grc' dir='ltr'><em>γάρ</em></span> <span class='ocrx_word' id='word_1_492' title='bbox 2416 672 2698 743; x_wconf 83' lang='grc' dir='ltr'><em>περιττῆς,</em></span> <span class='ocrx_word' id='word_1_493' title='bbox 2730 672 2983 744; x_wconf 84' lang='grc' dir='ltr'><em>πολέμων</em></span> <span class='ocrx_word' id='word_1_494' title='bbox 3013 674 3107 727; x_wconf 77' lang='grc' dir='ltr'><em>καὶ</em></span> <span class='ocrx_word' id='word_1_495' title='bbox 3137 672 3436 744; x_wconf 83' lang='grc' dir='ltr'><em>ἀπεχθείας</em></span> <span class='ocrx_word' id='word_1_496' title='bbox 3482 691 3621 743; x_wconf 80' lang='grc' dir='ltr'><em>προ-</em></span> 
     </span>
    </p>
   </div>
   <div class='ocr_carea' id='block_1_69' title="bbox 2034 763 3621 839">
    <p class='ocr_par' dir='ltr' id='par_1_69' title="bbox 2034 763 3621 839">
     <span class='ocr_line' id='line_1_69' title="bbox 2034 763 3621 839; baseline 0.003 -21"><span class='ocrx_word' id='word_1_497' title='bbox 2034 763 2229 831; x_wconf 81' lang='grc' dir='ltr'><em>φάσεις</em></span> <span class='ocrx_word' id='word_1_498' title='bbox 2259 765 2513 818; x_wconf 83' lang='grc' dir='ltr'><em>ἐπινοείν.</em></span> <span class='ocrx_word' id='word_1_499' title='bbox 2551 765 2696 836; x_wconf 75' lang='grc' dir='ltr'><em>Πρὸς</em></span> <span class='ocrx_word' id='word_1_500' title='bbox 2749 766 2858 837; x_wconf 79' lang='grc' dir='ltr'><em>γὰρ</em></span> <span class='ocrx_word' id='word_1_501' title='bbox 2890 766 2970 836; x_wconf 80' lang='grc' dir='ltr'><em>τῷ</em></span> <span class='ocrx_word' id='word_1_502' title='bbox 3003 764 3283 831; x_wconf 86' lang='grc' dir='ltr'><em>κινδύνους</em></span> <span class='ocrx_word' id='word_1_503' title='bbox 3333 768 3621 839; x_wconf 79' lang='grc' dir='ltr'><em>περιττοὺς</em></span> 
     </span>
    </p>
   </div>
   <div class='ocr_carea' id='block_1_70' title="bbox 2034 855 3618 932">
    <p class='ocr_par' dir='ltr' id='par_1_70' title="bbox 2034 855 3618 932">
     <span class='ocr_line' id='line_1_70' title="bbox 2034 855 3618 932; baseline 0.004 -24"><span class='ocrx_word' id='word_1_504' title='bbox 2034 855 2326 926; x_wconf 83' lang='grc' dir='ltr'><em>ὑπομένειν</em></span> <span class='ocrx_word' id='word_1_505' title='bbox 2355 857 2451 910; x_wconf 75' lang='grc' dir='ltr'><em>καὶ</em></span> <span class='ocrx_word' id='word_1_506' title='bbox 2486 855 2674 928; x_wconf 84' lang='grc' dir='ltr'><em>κέρδος</em></span> <span class='ocrx_word' id='word_1_507' title='bbox 2698 857 2796 911; x_wconf 88' lang='grc' dir='ltr'><em>οὐκ</em></span> <span class='ocrx_word' id='word_1_508' title='bbox 2818 858 3060 929; x_wconf 80' lang='grc' dir='ltr'><em>ἔχοντας,</em></span> <span class='ocrx_word' id='word_1_509' title='bbox 3093 860 3187 912; x_wconf 78' lang='grc' dir='ltr'><em>καὶ</em></span> <span class='ocrx_word' id='word_1_510' title='bbox 3215 860 3378 932; x_wconf 81' lang='grc' dir='ltr'><em>ἑτέρα</em></span> <span class='ocrx_word' id='word_1_511' title='bbox 3407 860 3618 930; x_wconf 85' lang='grc' dir='ltr'><em>γίνεται</em></span> 
     </span>
    </p>
   </div>
   <div class='ocr_carea' id='block_1_71' title="bbox 2035 948 3618 1026">
    <p class='ocr_par' dir='ltr' id='par_1_71' title="bbox 2035 948 3618 1026">
     <span class='ocr_line' id='line_1_71' title="bbox 2035 948 3618 1026; baseline 0.005 -26"><span class='ocrx_word' id='word_1_512' title='bbox 2035 948 2229 1019; x_wconf 81' lang='grc' dir='ltr'><em>βλάϐη,</em></span> <span class='ocrx_word' id='word_1_513' title='bbox 2256 950 2317 1003; x_wconf 85' lang='grc' dir='ltr'><em>τὸ</em></span> <span class='ocrx_word' id='word_1_514' title='bbox 2347 952 2473 1014; x_wconf 79' lang='grc' dir='ltr'><em>τοὺς</em></span> <span class='ocrx_word' id='word_1_515' title='bbox 2495 951 2761 1020; x_wconf 83' lang='grc' dir='ltr'><em>Ἕλληνας</em></span> <span class='ocrx_word' id='word_1_516' title='bbox 2783 953 2860 1023; x_wconf 80' lang='grc' dir='ltr'><em>μὴ</em></span> <span class='ocrx_word' id='word_1_517' title='bbox 2887 953 3169 1025; x_wconf 80' lang='grc' dir='ltr'><em>προσιέναι</em></span> <span class='ocrx_word' id='word_1_518' title='bbox 3204 956 3356 1026; x_wconf 80' lang='grc' dir='ltr'><em>ἡμῖν.</em></span> <span class='ocrx_word' id='word_1_519' title='bbox 3388 956 3480 1010; x_wconf 84' lang='grc' dir='ltr'><em>Ἐν</em></span> <span class='ocrx_word' id='word_1_520' title='bbox 3508 955 3618 1026; x_wconf 79' lang='grc' dir='ltr'><em>γὰρ</em></span> 
     </span>
    </p>
   </div>
   <div class='ocr_carea' id='block_1_72' title="bbox 2032 1036 3620 1115">
    <p class='ocr_par' dir='ltr' id='par_1_72' title="bbox 2032 1036 3620 1115">
     <span class='ocr_line' id='line_1_72' title="bbox 2032 1036 3620 1115; baseline 0.004 -26"><span class='ocrx_word' id='word_1_521' title='bbox 2032 1038 2147 1100; x_wconf 82' lang='grc' dir='ltr'><em>τοῖς</em></span> <span class='ocrx_word' id='word_1_522' title='bbox 2176 1036 2423 1107; x_wconf 78' lang='grc' dir='ltr'><em>ἀδελφοῖς</em></span> <span class='ocrx_word' id='word_1_523' title='bbox 2454 1039 2583 1092; x_wconf 84' lang='grc' dir='ltr'><em>ὅταν</em></span> <span class='ocrx_word' id='word_1_524' title='bbox 2616 1036 2703 1113; x_wconf 76' lang='grc' dir='ltr'><em>ᾖς,</em></span> <span class='ocrx_word' id='word_1_525' title='bbox 2738 1039 2965 1103; x_wconf 81' lang='grc' dir='ltr'><em>εἰκότως</em></span> <span class='ocrx_word' id='word_1_526' title='bbox 3015 1040 3258 1113; x_wconf 71' lang='grc' dir='ltr'><em>θαρρεῖς·</em></span> <span class='ocrx_word' id='word_1_527' title='bbox 3295 1040 3401 1108; x_wconf 80' lang='grc' dir='ltr'><em>ἔξω</em></span> <span class='ocrx_word' id='word_1_528' title='bbox 3430 1042 3487 1095; x_wconf 81' lang='grc' dir='ltr'><em>δὲ</em></span> <span class='ocrx_word' id='word_1_529' title='bbox 3519 1044 3620 1115; x_wconf 87' lang='grc' dir='ltr'><em>οὐχ</em></span> 
     </span>
    </p>
   </div>
   <div class='ocr_carea' id='block_1_73' title="bbox 2031 1122 3622 1204">
    <p class='ocr_par' dir='ltr' id='par_1_73' title="bbox 2031 1122 3622 1204">
     <span class='ocr_line' id='line_1_73' title="bbox 2031 1122 3622 1204; baseline 0.005 -26"><span class='ocrx_word' id='word_1_530' title='bbox 2031 1122 2174 1179; x_wconf 74' lang='grc' dir='ltr'><em>οὕτω</em></span> <span class='ocrx_word' id='word_1_531' title='bbox 2199 1127 2327 1197; x_wconf 82' lang='grc' dir='ltr'><em>χρή.</em></span> <span class='ocrx_word' id='word_1_532' title='bbox 2373 1127 2533 1200; x_wconf 81' lang='grc' dir='ltr'><em>Ὁρᾷς</em></span> <span class='ocrx_word' id='word_1_533' title='bbox 2551 1128 2668 1192; x_wconf 86' lang='grc' dir='ltr'><em>πῶς</em></span> <span class='ocrx_word' id='word_1_534' title='bbox 2688 1129 2961 1200; x_wconf 87' lang='grc' dir='ltr'><em>πανταχοῦ</em></span> <span class='ocrx_word' id='word_1_535' title='bbox 2983 1129 3108 1193; x_wconf 80' lang='grc' dir='ltr'><em>τοὺς</em></span> <span class='ocrx_word' id='word_1_536' title='bbox 3126 1129 3251 1196; x_wconf 79' lang='grc' dir='ltr'><em>ἔξω,</em></span> <span class='ocrx_word' id='word_1_537' title='bbox 3281 1131 3407 1195; x_wconf 74' lang='grc' dir='ltr'><em>τοὺς</em></span> <span class='ocrx_word' id='word_1_538' title='bbox 3423 1131 3622 1204; x_wconf 85' lang='grc' dir='ltr'><em>’Έλλη-</em></span> 
     </span>
    </p>
   </div>
   <div class='ocr_carea' id='block_1_74' title="bbox 2033 1217 3621 1293">
    <p class='ocr_par' dir='ltr' id='par_1_74' title="bbox 2033 1217 3621 1293">
     <span class='ocr_line' id='line_1_74' title="bbox 2033 1217 3621 1293; baseline 0.004 -22"><span class='ocrx_word' id='word_1_539' title='bbox 2033 1235 2128 1282; x_wconf 87' lang='grc' dir='ltr'><em>νας</em></span> <span class='ocrx_word' id='word_1_540' title='bbox 2148 1217 2322 1288; x_wconf 84' lang='grc' dir='ltr'><em>λέγει;</em></span> <span class='ocrx_word' id='word_1_541' title='bbox 2361 1219 2462 1273; x_wconf 81' lang='grc' dir='ltr'><em>Διὰ</em></span> <span class='ocrx_word' id='word_1_542' title='bbox 2483 1220 2640 1274; x_wconf 86' lang='grc' dir='ltr'><em>τοῦτο</em></span> <span class='ocrx_word' id='word_1_543' title='bbox 2668 1221 2760 1274; x_wconf 71' lang='grc' dir='ltr'><em>καὶ</em></span> <span class='ocrx_word' id='word_1_544' title='bbox 2783 1221 3032 1292; x_wconf 78' lang='grc' dir='ltr'><em>Τιμοθέῳ</em></span> <span class='ocrx_word' id='word_1_545' title='bbox 3061 1223 3290 1293; x_wconf 72' lang='grc' dir='ltr'><em>γράφων</em></span> <span class='ocrx_word' id='word_1_546' title='bbox 3311 1222 3487 1291; x_wconf 74' lang='grc' dir='ltr'><em>ἔλεγε·</em></span> <span class='ocrx_word' id='word_1_547' title='bbox 3516 1223 3621 1278; x_wconf 86' lang='grc' dir='ltr'><em>Δεῖ</em></span> 
     </span>
    </p>
   </div>
   <div class='ocr_carea' id='block_1_75' title="bbox 2032 1308 3625 1382">
    <p class='ocr_par' dir='ltr' id='par_1_75' title="bbox 2032 1308 3625 1382">
     <span class='ocr_line' id='line_1_75' title="bbox 2032 1308 3625 1382; baseline 0.005 -21"><span class='ocrx_word' id='word_1_548' title='bbox 2032 1308 2101 1362; x_wconf 85' lang='grc' dir='ltr'><em>δὲ</em></span> <span class='ocrx_word' id='word_1_549' title='bbox 2121 1309 2309 1363; x_wconf 82' lang='grc' dir='ltr'><em>αὐτὸν</em></span> <span class='ocrx_word' id='word_1_550' title='bbox 2332 1310 2431 1364; x_wconf 76' lang='grc' dir='ltr'><em>καὶ</em></span> <span class='ocrx_word' id='word_1_551' title='bbox 2444 1313 2780 1380; x_wconf 75' lang='grc' dir='ltr'><em>μαρτιφίαν</em></span> <span class='ocrx_word' id='word_1_552' title='bbox 2803 1310 3002 1378; x_wconf 76' lang='grc' dir='ltr'><em>καλὴν</em></span> <span class='ocrx_word' id='word_1_553' title='bbox 3014 1312 3181 1382; x_wconf 77' lang='grc' dir='ltr'><em>ἔχειν</em></span> <span class='ocrx_word' id='word_1_554' title='bbox 3202 1313 3319 1368; x_wconf 80' lang='grc' dir='ltr'><em>ἀπὸ</em></span> <span class='ocrx_word' id='word_1_555' title='bbox 3346 1314 3464 1368; x_wconf 84' lang='grc' dir='ltr'><em>τῶν</em></span> <span class='ocrx_word' id='word_1_556' title='bbox 3480 1315 3625 1381; x_wconf 77' lang='grc' dir='ltr'><em>ἔξω·</em></span> 
     </span>
    </p>
   </div>
   <div class='ocr_carea' id='block_1_76' title="bbox 2035 1399 3623 1478">
    <p class='ocr_par' dir='ltr' id='par_1_76' title="bbox 2035 1399 3623 1478">
     <span class='ocr_line' id='line_1_76' title="bbox 2035 1399 3623 1478; baseline 0.004 -22"><span class='ocrx_word' id='word_1_557' title='bbox 2035 1404 2159 1456; x_wconf 82' lang='grc' dir='ltr'><em>θεν·</em></span> <span class='ocrx_word' id='word_1_558' title='bbox 2187 1399 2338 1474; x_wconf 74' lang='grc'><em>[407]</em></span> <span class='ocrx_word' id='word_1_559' title='bbox 2369 1404 2462 1456; x_wconf 73' lang='grc' dir='ltr'><em>καὶ</em></span> <span class='ocrx_word' id='word_1_560' title='bbox 2490 1404 2674 1468; x_wconf 81' lang='grc' dir='ltr'><em>παλιν,</em></span> <span class='ocrx_word' id='word_1_561' title='bbox 2700 1406 2758 1457; x_wconf 86' lang='grc' dir='ltr'><em>Τί</em></span> <span class='ocrx_word' id='word_1_562' title='bbox 2784 1404 2895 1475; x_wconf 69' lang='grc' dir='ltr'><em>γάρ</em></span> <span class='ocrx_word' id='word_1_563' title='bbox 2919 1423 3023 1474; x_wconf 88' lang='grc' dir='ltr'><em>μοι</em></span> <span class='ocrx_word' id='word_1_564' title='bbox 3061 1405 3159 1460; x_wconf 75' lang='grc' dir='ltr'><em>καί</em></span> <span class='ocrx_word' id='word_1_565' title='bbox 3183 1407 3325 1475; x_wconf 82' lang='grc' dir='ltr'><em>τοὺς</em></span> <span class='ocrx_word' id='word_1_566' title='bbox 3350 1407 3469 1473; x_wconf 77' lang='grc' dir='ltr'><em>ἔξω</em></span> <span class='ocrx_word' id='word_1_567' title='bbox 3498 1409 3623 1478; x_wconf 73' lang='grc' dir='ltr'><em>κρί-</em></span> 
     </span>
    </p>
   </div>
   <div class='ocr_carea' id='block_1_77' title="bbox 2034 1493 3625 1566">
    <p class='ocr_par' dir='ltr' id='par_1_77' title="bbox 2034 1493 3625 1566">
     <span class='ocr_line' id='line_1_77' title="bbox 2034 1493 3625 1566; baseline 0.006 -23"><span class='ocrx_word' id='word_1_568' title='bbox 2034 1506 2207 1555; x_wconf 82' lang='grc' dir='ltr'><em>νειν;</em></span> <span class='ocrx_word' id='word_1_569' title='bbox 2254 1493 2356 1546; x_wconf 79' lang='grc' dir='ltr'><em>Ἐν</em></span> <span class='ocrx_word' id='word_1_570' title='bbox 2379 1493 2585 1561; x_wconf 64' lang='grc' dir='ltr'><em>σοφίᾳ,</em></span> <span class='ocrx_word' id='word_1_571' title='bbox 2646 1493 2802 1561; x_wconf 73' lang='grc' dir='ltr'><em>φησὶ,</em></span> <span class='ocrx_word' id='word_1_572' title='bbox 2859 1495 3231 1563; x_wconf 78' lang='grc' dir='ltr'><em>περιπατεῖτε</em></span> <span class='ocrx_word' id='word_1_573' title='bbox 3272 1497 3423 1566; x_wconf 81' lang='grc' dir='ltr'><em>πρὸς</em></span> <span class='ocrx_word' id='word_1_574' title='bbox 3482 1497 3625 1565; x_wconf 84' lang='grc' dir='ltr'><em>τοὺς</em></span> 
     </span>
    </p>
   </div>
   <div class='ocr_carea' id='block_1_78' title="bbox 2036 1580 3623 1655">
    <p class='ocr_par' dir='ltr' id='par_1_78' title="bbox 2036 1580 3623 1655">
     <span class='ocr_line' id='line_1_78' title="bbox 2036 1580 3623 1655; baseline 0.004 -21"><span class='ocrx_word' id='word_1_575' title='bbox 2036 1580 2178 1646; x_wconf 79' lang='grc' dir='ltr'><em>ἔξω.</em></span> <span class='ocrx_word' id='word_1_576' title='bbox 2222 1581 2366 1647; x_wconf 81' lang='grc' dir='ltr'><em>’Έξω</em></span> <span class='ocrx_word' id='word_1_577' title='bbox 2390 1581 2499 1653; x_wconf 83' lang='grc' dir='ltr'><em>γάρ</em></span> <span class='ocrx_word' id='word_1_578' title='bbox 2529 1584 2654 1647; x_wconf 76' lang='grc' dir='ltr'><em>εἰσι,</em></span> <span class='ocrx_word' id='word_1_579' title='bbox 2686 1582 2790 1635; x_wconf 76' lang='grc' dir='ltr'><em>κᾶν</em></span> <span class='ocrx_word' id='word_1_580' title='bbox 2820 1582 2912 1635; x_wconf 79' lang='grc' dir='ltr'><em>τὸν</em></span> <span class='ocrx_word' id='word_1_581' title='bbox 2934 1584 3098 1636; x_wconf 82' lang='grc' dir='ltr'><em>αὐτὸν</em></span> <span class='ocrx_word' id='word_1_582' title='bbox 3144 1584 3350 1655; x_wconf 84' lang='grc' dir='ltr'><em>κόσμον</em></span> <span class='ocrx_word' id='word_1_583' title='bbox 3399 1586 3623 1641; x_wconf 83' lang='grc' dir='ltr'><em>οίκῶσιν</em></span> 
     </span>
    </p>
   </div>
   <div class='ocr_carea' id='block_1_79' title="bbox 2038 1673 3621 1744">
    <p class='ocr_par' dir='ltr' id='par_1_79' title="bbox 2038 1673 3621 1744">
     <span class='ocr_line' id='line_1_79' title="bbox 2038 1673 3621 1744; baseline 0.004 -18"><span class='ocrx_word' id='word_1_584' title='bbox 2038 1674 2190 1744; x_wconf 79' lang='grc' dir='ltr'><em>ἡμῖν,</em></span> <span class='ocrx_word' id='word_1_585' title='bbox 2226 1673 2327 1743; x_wconf 81' lang='grc' dir='ltr'><em>τῆς</em></span> <span class='ocrx_word' id='word_1_586' title='bbox 2358 1673 2634 1744; x_wconf 83' lang='grc' dir='ltr'><em>βασιλείας</em></span> <span class='ocrx_word' id='word_1_587' title='bbox 2661 1675 2812 1738; x_wconf 80' lang='grc' dir='ltr'><em>ὄντες</em></span> <span class='ocrx_word' id='word_1_588' title='bbox 2850 1674 2955 1741; x_wconf 76' lang='grc' dir='ltr'><em>ἔξω</em></span> <span class='ocrx_word' id='word_1_589' title='bbox 2995 1676 3089 1729; x_wconf 73' lang='grc' dir='ltr'><em>καὶ</em></span> <span class='ocrx_word' id='word_1_590' title='bbox 3121 1676 3216 1729; x_wconf 86' lang='grc' dir='ltr'><em>τοῦ</em></span> <span class='ocrx_word' id='word_1_591' title='bbox 3244 1676 3491 1731; x_wconf 88' lang='grc' dir='ltr'><em>οίκίσκου</em></span> <span class='ocrx_word' id='word_1_592' title='bbox 3524 1677 3621 1732; x_wconf 87' lang='grc' dir='ltr'><em>τοῦ</em></span> 
     </span>
    </p>
   </div>
   <div class='ocr_carea' id='block_1_80' title="bbox 2039 1762 3623 1836">
    <p class='ocr_par' dir='ltr' id='par_1_80' title="bbox 2039 1762 3623 1836">
     <span class='ocr_line' id='line_1_80' title="bbox 2039 1762 3623 1836; baseline 0.003 -19"><span class='ocrx_word' id='word_1_593' title='bbox 2039 1762 2331 1834; x_wconf 76' lang='grc' dir='ltr'><em>πατρικοῦ.</em></span> <span class='ocrx_word' id='word_1_594' title='bbox 2367 1762 2521 1834; x_wconf 82' lang='grc' dir='ltr'><em>’Δμα</em></span> <span class='ocrx_word' id='word_1_595' title='bbox 2544 1766 2638 1817; x_wconf 61' lang='grc' dir='ltr'><em>κοιλ⁵</em></span> <span class='ocrx_word' id='word_1_596' title='bbox 2671 1764 3078 1836; x_wconf 83' lang='grc' dir='ltr'><em>παραμυθεῖται</em></span> <span class='ocrx_word' id='word_1_597' title='bbox 3109 1766 3324 1833; x_wconf 71' lang='grc' dir='ltr'><em>αὐτοὺς,</em></span> <span class='ocrx_word' id='word_1_598' title='bbox 3353 1766 3456 1831; x_wconf 77' lang='grc' dir='ltr'><em>ἔξω</em></span> <span class='ocrx_word' id='word_1_599' title='bbox 3477 1768 3623 1821; x_wconf 80' lang='grc' dir='ltr'><em>ὲκεί-</em></span> 
     </span>
    </p>
   </div>
   <div class='ocr_carea' id='block_1_81' title="bbox 2037 1849 3624 1925">
    <p class='ocr_par' dir='ltr' id='par_1_81' title="bbox 2037 1849 3624 1925">
     <span class='ocr_line' id='line_1_81' title="bbox 2037 1849 3624 1925; baseline 0.002 -20"><span class='ocrx_word' id='word_1_600' title='bbox 2037 1870 2160 1916; x_wconf 90' lang='grc' dir='ltr'><em>νους</em></span> <span class='ocrx_word' id='word_1_601' title='bbox 2189 1852 2387 1906; x_wconf 86' lang='grc' dir='ltr'><em>καλῶν·</em></span> <span class='ocrx_word' id='word_1_602' title='bbox 2422 1854 2559 1925; x_wconf 82' lang='grc' dir='ltr'><em>ὅπερ</em></span> <span class='ocrx_word' id='word_1_603' title='bbox 2595 1853 2782 1921; x_wconf 78' lang='grc' dir='ltr'><em>ἔλεγεν</em></span> <span class='ocrx_word' id='word_1_604' title='bbox 2812 1853 3090 1925; x_wconf 83' lang='grc' dir='ltr'><em>ἀνωτέρω,</em></span> <span class='ocrx_word' id='word_1_605' title='bbox 3121 1854 3203 1907; x_wconf 85' lang='grc' dir='ltr'><em>ὄτι</em></span> <span class='ocrx_word' id='word_1_606' title='bbox 3230 1852 3290 1909; x_wconf 80' lang='grc' dir='ltr'><strong>Ἠ</strong></span> <span class='ocrx_word' id='word_1_607' title='bbox 3318 1852 3428 1922; x_wconf 78' lang='grc' dir='ltr'><em>ζωὴ</em></span> <span class='ocrx_word' id='word_1_608' title='bbox 3454 1849 3624 1924; x_wconf 81' lang='grc' dir='ltr'><em>ὑμῶν</em></span> 
     </span>
    </p>
   </div>
   <div class='ocr_carea' id='block_1_82' title="bbox 2038 1942 3622 2017">
    <p class='ocr_par' dir='ltr' id='par_1_82' title="bbox 2038 1942 3622 2017">
     <span class='ocr_line' id='line_1_82' title="bbox 2038 1942 3622 2017; baseline 0 -19"><span class='ocrx_word' id='word_1_609' title='bbox 2038 1943 2363 2013; x_wconf 80' lang='grc' dir='ltr'><em>κέκρυπται</em></span> <span class='ocrx_word' id='word_1_610' title='bbox 2385 1945 2508 1998; x_wconf 89' lang='grc' dir='ltr'><em>σὺν</em></span> <span class='ocrx_word' id='word_1_611' title='bbox 2539 1942 2618 2010; x_wconf 83' lang='grc' dir='ltr'><em>τῷ</em></span> <span class='ocrx_word' id='word_1_612' title='bbox 2644 1944 2878 2014; x_wconf 84' lang='grc' dir='ltr'><em>Χριστῷ</em></span> <span class='ocrx_word' id='word_1_613' title='bbox 2907 1946 2977 1999; x_wconf 87' lang='grc' dir='ltr'><em>ἐν</em></span> <span class='ocrx_word' id='word_1_614' title='bbox 3004 1942 3083 2011; x_wconf 83' lang='grc' dir='ltr'><em>τῷ</em></span> <span class='ocrx_word' id='word_1_615' title='bbox 3110 1944 3251 2011; x_wconf 85' lang='grc' dir='ltr'><em>Θεῷ.</em></span> <span class='ocrx_word' id='word_1_616' title='bbox 3282 1944 3437 2012; x_wconf 84' lang='grc' dir='ltr'><em>Τότε,</em></span> <span class='ocrx_word' id='word_1_617' title='bbox 3465 1947 3622 2017; x_wconf 77' lang='grc' dir='ltr'><em>φησὶ,</em></span> 
     </span>
    </p>
   </div>
   <div class='ocr_carea' id='block_1_83' title="bbox 2037 2034 3621 2107">
    <p class='ocr_par' dir='ltr' id='par_1_83' title="bbox 2037 2034 3621 2107">
     <span class='ocr_line' id='line_1_83' title="bbox 2037 2034 3621 2107; baseline 0 -16"><span class='ocrx_word' id='word_1_618' title='bbox 2037 2035 2195 2102; x_wconf 76' lang='grc' dir='ltr'><em>δόξαν</em></span> <span class='ocrx_word' id='word_1_619' title='bbox 2218 2034 2450 2106; x_wconf 79' lang='grc' dir='ltr'><em>ζητεῖτε,</em></span> <span class='ocrx_word' id='word_1_620' title='bbox 2482 2039 2601 2091; x_wconf 82' lang='grc' dir='ltr'><em>τότε</em></span> <span class='ocrx_word' id='word_1_621' title='bbox 2632 2037 2819 2107; x_wconf 74' lang='grc' dir='ltr'><em>τιμὰς,</em></span> <span class='ocrx_word' id='word_1_622' title='bbox 2868 2037 2988 2091; x_wconf 88' lang='grc' dir='ltr'><em>τότε</em></span> <span class='ocrx_word' id='word_1_623' title='bbox 3019 2037 3088 2090; x_wconf 80' lang='grc' dir='ltr'><em>τά</em></span> <span class='ocrx_word' id='word_1_624' title='bbox 3119 2037 3252 2093; x_wconf 84' lang='grc' dir='ltr'><em>ἄλλα</em></span> <span class='ocrx_word' id='word_1_625' title='bbox 3288 2037 3486 2092; x_wconf 82' lang='grc' dir='ltr'><em>πάντα·</em></span> <span class='ocrx_word' id='word_1_626' title='bbox 3523 2036 3621 2091; x_wconf 88' lang='grc' dir='ltr'><em>νῦν</em></span> 
     </span>
    </p>
   </div>
   <div class='ocr_carea' id='block_1_84' title="bbox 2038 2122 3624 2203">
    <p class='ocr_par' dir='ltr' id='par_1_84' title="bbox 2038 2122 3624 2203">
     <span class='ocr_line' id='line_1_84' title="bbox 2038 2122 3624 2203; baseline 0.001 -23"><span class='ocrx_word' id='word_1_627' title='bbox 2038 2122 2094 2180; x_wconf 81' lang='grc' dir='ltr'><em>δὲ</em></span> <span class='ocrx_word' id='word_1_628' title='bbox 2123 2128 2221 2198; x_wconf 77' lang='grc' dir='ltr'><em>μὴ,</em></span> <span class='ocrx_word' id='word_1_629' title='bbox 2254 2127 2367 2182; x_wconf 79' lang='grc' dir='ltr'><em>ἀλλ’</em></span> <span class='ocrx_word' id='word_1_630' title='bbox 2392 2129 2623 2192; x_wconf 80' lang='grc' dir='ltr'><em>ἐκείνοις</em></span> <span class='ocrx_word' id='word_1_631' title='bbox 2659 2130 2947 2202; x_wconf 76' lang='grc' dir='ltr'><em>παρέχετε.</em></span> <span class='ocrx_word' id='word_1_632' title='bbox 2998 2124 3151 2194; x_wconf 86' lang='grc' dir='ltr'><em>Εἶτα,</em></span> <span class='ocrx_word' id='word_1_633' title='bbox 3184 2128 3269 2182; x_wconf 85' lang='grc' dir='ltr'><em>ἴνα</em></span> <span class='ocrx_word' id='word_1_634' title='bbox 3303 2129 3377 2201; x_wconf 78' lang='grc' dir='ltr'><em>μὴ</em></span> <span class='ocrx_word' id='word_1_635' title='bbox 3396 2130 3624 2203; x_wconf 81' lang='grc' dir='ltr'><em>νομίσῃς</em></span> 
     </span>
    </p>
   </div>
   <div class='ocr_carea' id='block_1_85' title="bbox 2039 2218 3627 2292">
    <p class='ocr_par' dir='ltr' id='par_1_85' title="bbox 2039 2218 3627 2292">
     <span class='ocr_line' id='line_1_85' title="bbox 2039 2218 3627 2292; baseline 0 -18"><span class='ocrx_word' id='word_1_636' title='bbox 2039 2220 2300 2291; x_wconf 83' lang='grc' dir='ltr'><em>χρήματα</em></span> <span class='ocrx_word' id='word_1_637' title='bbox 2323 2220 2503 2290; x_wconf 83' lang='grc' dir='ltr'><em>λέγειν</em></span> <span class='ocrx_word' id='word_1_638' title='bbox 2532 2222 2713 2285; x_wconf 74' lang='grc' dir='ltr'><em>αὐτὸν,</em></span> <span class='ocrx_word' id='word_1_639' title='bbox 2738 2223 2954 2291; x_wconf 79' lang='grc' dir='ltr'><em>ἐπάγει·</em></span> <span class='ocrx_word' id='word_1_640' title='bbox 2990 2220 3058 2275; x_wconf 83' lang='lat'><em>‘0</em></span> <span class='ocrx_word' id='word_1_641' title='bbox 3078 2222 3258 2291; x_wconf 76' lang='grc' dir='ltr'><em>λόγος</em></span> <span class='ocrx_word' id='word_1_642' title='bbox 3283 2218 3447 2292; x_wconf 71' lang='grc' dir='ltr'><em>ὑμῶν</em></span> <span class='ocrx_word' id='word_1_643' title='bbox 3475 2219 3627 2274; x_wconf 83' lang='grc' dir='ltr'><em>πάν-</em></span> 
     </span>
    </p>
   </div>
   <div class='ocr_carea' id='block_1_86' title="bbox 2037 2309 3627 2386">
    <p class='ocr_par' dir='ltr' id='par_1_86' title="bbox 2037 2309 3627 2386">
     <span class='ocr_line' id='line_1_86' title="bbox 2037 2309 3627 2386; baseline -0.001 -18"><span class='ocrx_word' id='word_1_644' title='bbox 2037 2331 2173 2368; x_wconf 82' lang='grc' dir='ltr'><em>τοτε</em></span> <span class='ocrx_word' id='word_1_645' title='bbox 2193 2314 2263 2368; x_wconf 83' lang='grc' dir='ltr'><em>ἐν</em></span> <span class='ocrx_word' id='word_1_646' title='bbox 2284 2314 2498 2384; x_wconf 79' lang='grc' dir='ltr'><em>χάριτι,</em></span> <span class='ocrx_word' id='word_1_647' title='bbox 2521 2315 2694 2369; x_wconf 78' lang='grc' dir='ltr'><em>ἅλατι</em></span> <span class='ocrx_word' id='word_1_648' title='bbox 2712 2315 3063 2386; x_wconf 76' lang='grc' dir='ltr'><em>ἠρτυμένος,</em></span> <span class='ocrx_word' id='word_1_649' title='bbox 3092 2315 3310 2369; x_wconf 77' lang='grc' dir='ltr'><em>εἰδέναι</em></span> <span class='ocrx_word' id='word_1_650' title='bbox 3328 2313 3483 2386; x_wconf 82' lang='grc' dir='ltr'><em>ὑμᾶς</em></span> <span class='ocrx_word' id='word_1_651' title='bbox 3500 2309 3627 2380; x_wconf 82' lang='grc' dir='ltr'><em>πῶς</em></span> 
     </span>
    </p>
   </div>
   <div class='ocr_carea' id='block_1_87' title="bbox 2039 2404 3626 2480">
    <p class='ocr_par' dir='ltr' id='par_1_87' title="bbox 2039 2404 3626 2480">
     <span class='ocr_line' id='line_1_87' title="bbox 2039 2404 3626 2480; baseline 0.001 -22"><span class='ocrx_word' id='word_1_652' title='bbox 2039 2404 2135 2459; x_wconf 84' lang='grc' dir='ltr'><em>δεῖ</em></span> <span class='ocrx_word' id='word_1_653' title='bbox 2156 2404 2247 2459; x_wconf 78' lang='grc' dir='ltr'><em>ἐνὶ</em></span> <span class='ocrx_word' id='word_1_654' title='bbox 2276 2405 2511 2474; x_wconf 79' lang='grc' dir='ltr'><em>ἑκάστῳ</em></span> <span class='ocrx_word' id='word_1_655' title='bbox 2532 2408 2983 2475; x_wconf 78' lang='grc' dir='ltr'><em>ἀποκρίνεσθαι.</em></span> <span class='ocrx_word' id='word_1_656' title='bbox 3019 2410 3136 2462; x_wconf 84' lang='grc' dir='ltr'><em>Ἵνα</em></span> <span class='ocrx_word' id='word_1_657' title='bbox 3167 2409 3244 2480; x_wconf 82' lang='grc' dir='ltr'><em>μὴ</em></span> <span class='ocrx_word' id='word_1_658' title='bbox 3280 2408 3626 2478; x_wconf 79' lang='grc' dir='ltr'><em>ὑποκρίσεως</em></span> 
     </span>
    </p>
   </div>
   <div class='ocr_carea' id='block_1_88' title="bbox 2041 2496 3623 2571">
    <p class='ocr_par' dir='ltr' id='par_1_88' title="bbox 2041 2496 3623 2571">
     <span class='ocr_line' id='line_1_88' title="bbox 2041 2496 3623 2571; baseline 0.002 -22"><span class='ocrx_word' id='word_1_659' title='bbox 2041 2496 2207 2569; x_wconf 76' lang='grc' dir='ltr'><em>γέμῃ,</em></span> <span class='ocrx_word' id='word_1_660' title='bbox 2249 2497 2401 2568; x_wconf 82' lang='grc' dir='ltr'><em>φησί·</em></span> <span class='ocrx_word' id='word_1_661' title='bbox 2430 2498 2586 2551; x_wconf 84' lang='grc' dir='ltr'><em>τοῦτο</em></span> <span class='ocrx_word' id='word_1_662' title='bbox 2602 2502 2710 2570; x_wconf 70' lang='grc' dir='ltr'><em>γὰρ</em></span> <span class='ocrx_word' id='word_1_663' title='bbox 2739 2499 2798 2552; x_wconf 85' lang='grc' dir='ltr'><em>οὐ</em></span> <span class='ocrx_word' id='word_1_664' title='bbox 2817 2501 2995 2571; x_wconf 84' lang='grc' dir='ltr'><em>χάρις,</em></span> <span class='ocrx_word' id='word_1_665' title='bbox 3030 2498 3149 2554; x_wconf 78' lang='grc' dir='ltr'><em>οὐδὲ</em></span> <span class='ocrx_word' id='word_1_666' title='bbox 3188 2498 3344 2553; x_wconf 75' lang='grc' dir='ltr'><em>ἅλατι</em></span> <span class='ocrx_word' id='word_1_667' title='bbox 3369 2501 3623 2571; x_wconf 73' lang='grc' dir='ltr'><em>ἤρτυται.</em></span> 
     </span>
    </p>
   </div>
   <div class='ocr_carea' id='block_1_89' title="bbox 3644 828 3663 881">
    <p class='ocr_par' dir='ltr' id='par_1_89' title="bbox 3644 828 3663 881">
     <span class='ocr_line' id='line_1_89' title="bbox 3644 828 3663 881; baseline 0 0"><span class='ocrx_word' id='word_1_668' title='bbox 3644 828 3663 881; x_wconf 76' lang='lat'><em>\</em></span> 
     </span>
    </p>
   </div>
   <div class='ocr_carea' id='block_1_90' title="bbox 2042 2586 3623 2663">
    <p class='ocr_par' dir='ltr' id='par_1_90' title="bbox 2042 2586 3623 2663">
     <span class='ocr_line' id='line_1_90' title="bbox 2042 2586 3623 2663; baseline -0.003 -16"><span class='ocrx_word' id='word_1_669' title='bbox 2042 2586 2187 2656; x_wconf 73' lang='grc' dir='ltr'><em>οἷον,</em></span> <span class='ocrx_word' id='word_1_670' title='bbox 2218 2590 2313 2643; x_wconf 72' lang='grc' dir='ltr'><em>ἐὰν</em></span> <span class='ocrx_word' id='word_1_671' title='bbox 2342 2590 2438 2663; x_wconf 84' lang='grc' dir='ltr'><em>δέῃ</em></span> <span class='ocrx_word' id='word_1_672' title='bbox 2466 2588 2803 2662; x_wconf 81' lang='grc' dir='ltr'><em>θεραπεῦσαι</em></span> <span class='ocrx_word' id='word_1_673' title='bbox 2832 2591 3151 2655; x_wconf 86' lang='grc' dir='ltr'><em>ἀκινδύνως,</em></span> <span class='ocrx_word' id='word_1_674' title='bbox 3179 2592 3253 2662; x_wconf 82' lang='grc' dir='ltr'><em>μὴ</em></span> <span class='ocrx_word' id='word_1_675' title='bbox 3285 2592 3623 2661; x_wconf 74' lang='grc' dir='ltr'><em>παραιτήσῃ·</em></span> 
     </span>
    </p>
   </div>
   <div class='ocr_carea' id='block_1_91' title="bbox 2041 2678 3626 2759">
    <p class='ocr_par' dir='ltr' id='par_1_91' title="bbox 2041 2678 3626 2759">
     <span class='ocr_line' id='line_1_91' title="bbox 2041 2678 3626 2759; baseline -0.003 -20"><span class='ocrx_word' id='word_1_676' title='bbox 2041 2684 2107 2739; x_wconf 88' lang='grc' dir='ltr'><em>ἂν</em></span> <span class='ocrx_word' id='word_1_677' title='bbox 2133 2679 2387 2759; x_wconf 79' lang='grc' dir='ltr'><em>καιρὸςῇ</em></span> <span class='ocrx_word' id='word_1_678' title='bbox 2436 2682 2725 2755; x_wconf 84' lang='grc' dir='ltr'><em>προσηνῶς</em></span> <span class='ocrx_word' id='word_1_679' title='bbox 2772 2678 3139 2752; x_wconf 84' lang='grc' dir='ltr'><em>διαλεχθῆναι,</em></span> <span class='ocrx_word' id='word_1_680' title='bbox 3182 2683 3260 2751; x_wconf 79' lang='grc' dir='ltr'><em>μὴ</em></span> <span class='ocrx_word' id='word_1_681' title='bbox 3284 2682 3514 2754; x_wconf 81' lang='grc' dir='ltr'><em>νομίσῃς</em></span> <span class='ocrx_word' id='word_1_682' title='bbox 3564 2681 3626 2734; x_wconf 83' lang='grc' dir='ltr'><em>τὸ</em></span> 
     </span>
    </p>
   </div>
   <div class='ocr_carea' id='block_1_92' title="bbox 2043 2770 3626 2849">
    <p class='ocr_par' dir='ltr' id='par_1_92' title="bbox 2043 2770 3626 2849">
     <span class='ocr_line' id='line_1_92' title="bbox 2043 2770 3626 2849; baseline -0.006 -18"><span class='ocrx_word' id='word_1_683' title='bbox 2043 2778 2277 2849; x_wconf 80' lang='grc' dir='ltr'><em>πρᾶγμα</em></span> <span class='ocrx_word' id='word_1_684' title='bbox 2301 2775 2610 2831; x_wconf 86' lang='grc' dir='ltr'><em>κολακείαν·</em></span> <span class='ocrx_word' id='word_1_685' title='bbox 2636 2773 2815 2828; x_wconf 86' lang='grc' dir='ltr'><em>πάντα</em></span> <span class='ocrx_word' id='word_1_686' title='bbox 2846 2773 2989 2827; x_wconf 87' lang='grc' dir='ltr'><em>ποίει</em></span> <span class='ocrx_word' id='word_1_687' title='bbox 3016 2774 3084 2827; x_wconf 78' lang='grc' dir='ltr'><em>τὰ</em></span> <span class='ocrx_word' id='word_1_688' title='bbox 3113 2774 3193 2837; x_wconf 87' lang='grc' dir='ltr'><em>είς</em></span> <span class='ocrx_word' id='word_1_689' title='bbox 3221 2770 3384 2843; x_wconf 79' lang='grc' dir='ltr'><em>τιμὴν</em></span> <span class='ocrx_word' id='word_1_690' title='bbox 3404 2772 3626 2844; x_wconf 84' lang='grc' dir='ltr'><em>ἀνήκον-</em></span> 
     </span>
    </p>
   </div>
   <div class='ocr_carea' id='block_1_93' title="bbox 2042 2864 3627 2938">
    <p class='ocr_par' dir='ltr' id='par_1_93' title="bbox 2042 2864 3627 2938">
     <span class='ocr_line' id='line_1_93' title="bbox 2042 2864 3627 2938; baseline -0.004 -16"><span class='ocrx_word' id='word_1_691' title='bbox 2042 2886 2133 2933; x_wconf 89' lang='grc' dir='ltr'><em>τα,</em></span> <span class='ocrx_word' id='word_1_692' title='bbox 2168 2869 2296 2924; x_wconf 86' lang='grc' dir='ltr'><em>άνευ</em></span> <span class='ocrx_word' id='word_1_693' title='bbox 2341 2866 2434 2922; x_wconf 87' lang='grc' dir='ltr'><em>τοῦ</em></span> <span class='ocrx_word' id='word_1_694' title='bbox 2476 2864 2807 2937; x_wconf 84' lang='grc' dir='ltr'><em>βλάπτεσθαι</em></span> <span class='ocrx_word' id='word_1_695' title='bbox 2845 2867 2942 2938; x_wconf 79' lang='grc' dir='ltr'><em>τὴν</em></span> <span class='ocrx_word' id='word_1_696' title='bbox 2991 2864 3294 2919; x_wconf 80' lang='grc' dir='ltr'><em>εὐσέϐειαν.</em></span> <span class='ocrx_word' id='word_1_697' title='bbox 3354 2864 3463 2935; x_wconf 89' lang='grc' dir='ltr'><em>Οὐχ</em></span> <span class='ocrx_word' id='word_1_698' title='bbox 3493 2865 3627 2935; x_wconf 78' lang='grc' dir='ltr'><em>ὁρᾷς</em></span> 
     </span>
    </p>
   </div>
   <div class='ocr_carea' id='block_1_94' title="bbox 2043 2955 3627 3032">
    <p class='ocr_par' dir='ltr' id='par_1_94' title="bbox 2043 2955 3627 3032">
     <span class='ocr_line' id='line_1_94' title="bbox 2043 2955 3627 3032; baseline -0.003 -19"><span class='ocrx_word' id='word_1_699' title='bbox 2043 2963 2161 3025; x_wconf 86' lang='grc' dir='ltr'><em>πῶς</em></span> <span class='ocrx_word' id='word_1_700' title='bbox 2188 2959 2386 3032; x_wconf 79' lang='grc' dir='ltr'><em>Δανιὴλ</em></span> <span class='ocrx_word' id='word_1_701' title='bbox 2414 2959 2701 3031; x_wconf 84' lang='grc' dir='ltr'><em>ἀνθρωπον</em></span> <span class='ocrx_word' id='word_1_702' title='bbox 2758 2958 2927 3030; x_wconf 74' lang='grc' dir='ltr'><em>ἀσεϐῆ</em></span> <span class='ocrx_word' id='word_1_703' title='bbox 2978 2956 3306 3030; x_wconf 85' lang='grc' dir='ltr'><em>θεραπεύει;</em></span> <span class='ocrx_word' id='word_1_704' title='bbox 3364 2957 3463 3027; x_wconf 85' lang='grc' dir='ltr'><em>οὐχ</em></span> <span class='ocrx_word' id='word_1_705' title='bbox 3494 2955 3627 3027; x_wconf 76' lang='grc' dir='ltr'><em>ὁρᾷς</em></span> 
     </span>
    </p>
   </div>
   <div class='ocr_carea' id='block_1_95' title="bbox 2042 3047 3627 3124">
    <p class='ocr_par' dir='ltr' id='par_1_95' title="bbox 2042 3047 3627 3124">
     <span class='ocr_line' id='line_1_95' title="bbox 2042 3047 3627 3124; baseline -0.004 -17"><span class='ocrx_word' id='word_1_706' title='bbox 2042 3055 2171 3116; x_wconf 82' lang='grc' dir='ltr'><em>τοὺς</em></span> <span class='ocrx_word' id='word_1_707' title='bbox 2187 3054 2340 3124; x_wconf 80' lang='grc' dir='ltr'><em>τρεῖς</em></span> <span class='ocrx_word' id='word_1_708' title='bbox 2366 3051 2580 3117; x_wconf 81' lang='grc' dir='ltr'><em>παῖδας,</em></span> <span class='ocrx_word' id='word_1_709' title='bbox 2598 3050 2715 3114; x_wconf 86' lang='grc' dir='ltr'><em>πῶς</em></span> <span class='ocrx_word' id='word_1_710' title='bbox 2746 3050 2884 3121; x_wconf 82' lang='grc' dir='ltr'><em>μετὰ</em></span> <span class='ocrx_word' id='word_1_711' title='bbox 2905 3051 3092 3119; x_wconf 73' lang='grc' dir='ltr'><em>σοφίας</em></span> <span class='ocrx_word' id='word_1_712' title='bbox 3115 3048 3192 3121; x_wconf 78' lang='grc' dir='ltr'><em>τῷ</em></span> <span class='ocrx_word' id='word_1_713' title='bbox 3223 3047 3430 3120; x_wconf 81' lang='grc' dir='ltr'><em>βασιλεῖ</em></span> <span class='ocrx_word' id='word_1_714' title='bbox 3460 3064 3627 3120; x_wconf 75' lang='grc' dir='ltr'><em>προα-</em></span> 
     </span>
    </p>
   </div>
   <div class='ocr_carea' id='block_1_96' title="bbox 2047 3139 3621 3215">
    <p class='ocr_par' dir='ltr' id='par_1_96' title="bbox 2047 3139 3621 3215">
     <span class='ocr_line' id='line_1_96' title="bbox 2047 3139 3621 3215; baseline -0.004 -18"><span class='ocrx_word' id='word_1_715' title='bbox 2047 3144 2325 3215; x_wconf 83' lang='grc' dir='ltr'><em>εφέροντο,</em></span> <span class='ocrx_word' id='word_1_716' title='bbox 2360 3144 2455 3198; x_wconf 76' lang='grc' dir='ltr'><em>καὶ</em></span> <span class='ocrx_word' id='word_1_717' title='bbox 2495 3142 2745 3214; x_wconf 84' lang='grc' dir='ltr'><em>ἀνδρείαν</em></span> <span class='ocrx_word' id='word_1_718' title='bbox 2785 3139 3112 3206; x_wconf 83' lang='grc' dir='ltr'><em>δεικνύντες,</em></span> <span class='ocrx_word' id='word_1_719' title='bbox 3139 3140 3231 3195; x_wconf 72' lang='grc' dir='ltr'><em>καὶ</em></span> <span class='ocrx_word' id='word_1_720' title='bbox 3288 3139 3621 3213; x_wconf 69' lang='grc' dir='ltr'><em>παρρησίαν,</em></span> 
     </span>
    </p>
   </div>
   <div class='ocr_carea' id='block_1_97' title="bbox 2046 3229 3626 3307">
    <p class='ocr_par' dir='ltr' id='par_1_97' title="bbox 2046 3229 3626 3307">
     <span class='ocr_line' id='line_1_97' title="bbox 2046 3229 3626 3307; baseline -0.004 -17"><span class='ocrx_word' id='word_1_721' title='bbox 2046 3236 2141 3290; x_wconf 78' lang='grc' dir='ltr'><em>καὶ</em></span> <span class='ocrx_word' id='word_1_722' title='bbox 2173 3235 2322 3289; x_wconf 77' lang='grc' dir='ltr'><em>οὐδὲν</em></span> <span class='ocrx_word' id='word_1_723' title='bbox 2368 3233 2541 3307; x_wconf 77' lang='grc' dir='ltr'><em>θρασὺ</em></span> <span class='ocrx_word' id='word_1_724' title='bbox 2583 3233 2704 3288; x_wconf 76' lang='grc' dir='ltr'><em>οὐδὲ</em></span> <span class='ocrx_word' id='word_1_725' title='bbox 2744 3233 3023 3304; x_wconf 77' lang='grc' dir='ltr'><em>ὲπαχθέςς</em></span> <span class='ocrx_word' id='word_1_726' title='bbox 3075 3229 3232 3287; x_wconf 80' lang='grc' dir='ltr'><em>τοῦτο</em></span> <span class='ocrx_word' id='word_1_727' title='bbox 3293 3232 3401 3302; x_wconf 84' lang='grc' dir='ltr'><em>γὰρ</em></span> <span class='ocrx_word' id='word_1_728' title='bbox 3441 3229 3626 3285; x_wconf 85' lang='grc' dir='ltr'><em>οὐκέτι</em></span> 
     </span>
    </p>
   </div>
   <div class='ocr_carea' id='block_1_98' title="bbox 2047 3318 3629 3398">
    <p class='ocr_par' dir='ltr' id='par_1_98' title="bbox 2047 3318 3629 3398">
     <span class='ocr_line' id='line_1_98' title="bbox 2047 3318 3629 3398; baseline -0.001 -19"><span class='ocrx_word' id='word_1_729' title='bbox 2047 3325 2379 3398; x_wconf 80' lang='grc' dir='ltr'><em>παρρησίας,</em></span> <span class='ocrx_word' id='word_1_730' title='bbox 2425 3322 2564 3378; x_wconf 86' lang='grc' dir='ltr'><em>ἀλλά</em></span> <span class='ocrx_word' id='word_1_731' title='bbox 2593 3324 2922 3390; x_wconf 80' lang='grc' dir='ltr'><em>κενοδοξίας.</em></span> <span class='ocrx_word' id='word_1_732' title='bbox 2976 3322 3231 3389; x_wconf 78' lang='grc' dir='ltr'><em>Είδέναι,</em></span> <span class='ocrx_word' id='word_1_733' title='bbox 3284 3323 3439 3393; x_wconf 77' lang='grc' dir='ltr'><em>φησὶ,</em></span> <span class='ocrx_word' id='word_1_734' title='bbox 3503 3318 3629 3388; x_wconf 83' lang='grc' dir='ltr'><em>πῶς</em></span> 
     </span>
    </p>
   </div>
   <div class='ocr_carea' id='block_1_99' title="bbox 2045 3410 3627 3488">
    <p class='ocr_par' dir='ltr' id='par_1_99' title="bbox 2045 3410 3627 3488">
     <span class='ocr_line' id='line_1_99' title="bbox 2045 3410 3627 3488; baseline -0.003 -16"><span class='ocrx_word' id='word_1_735' title='bbox 2045 3417 2144 3472; x_wconf 84' lang='grc' dir='ltr'><em>δεῖ</em></span> <span class='ocrx_word' id='word_1_736' title='bbox 2177 3415 2333 3488; x_wconf 82' lang='grc' dir='ltr'><em>ὑμᾶς</em></span> <span class='ocrx_word' id='word_1_737' title='bbox 2360 3413 2449 3470; x_wconf 76' lang='grc' dir='ltr'><em>ἐνὶ</em></span> <span class='ocrx_word' id='word_1_738' title='bbox 2471 3410 2705 3483; x_wconf 77' lang='grc' dir='ltr'><em>ἑκάστῳ</em></span> <span class='ocrx_word' id='word_1_739' title='bbox 2736 3414 3191 3485; x_wconf 81' lang='grc' dir='ltr'><em>ἀποκρίνεσθαι.</em></span> <span class='ocrx_word' id='word_1_740' title='bbox 3235 3415 3467 3485; x_wconf 81' lang='grc' dir='ltr'><em>Ἑτέρως</em></span> <span class='ocrx_word' id='word_1_741' title='bbox 3516 3413 3627 3484; x_wconf 79' lang='grc' dir='ltr'><em>γὰρ</em></span> 
     </span>
    </p>
   </div>
   <div class='ocr_carea' id='block_1_100' title="bbox 2044 3505 3629 3583">
    <p class='ocr_par' dir='ltr' id='par_1_100' title="bbox 2044 3505 3629 3583">
     <span class='ocr_line' id='line_1_100' title="bbox 2044 3505 3629 3583; baseline -0.005 -18"><span class='ocrx_word' id='word_1_742' title='bbox 2044 3511 2123 3583; x_wconf 82' lang='grc' dir='ltr'><em>τῷ</em></span> <span class='ocrx_word' id='word_1_743' title='bbox 2156 3511 2399 3581; x_wconf 81' lang='grc' dir='ltr'><em>ἄρχοντι,</em></span> <span class='ocrx_word' id='word_1_744' title='bbox 2445 3508 2621 3573; x_wconf 82' lang='grc' dir='ltr'><em>ἄλλως</em></span> <span class='ocrx_word' id='word_1_745' title='bbox 2650 3508 2729 3579; x_wconf 79' lang='grc' dir='ltr'><em>τῷ</em></span> <span class='ocrx_word' id='word_1_746' title='bbox 2768 3509 3077 3581; x_wconf 78' lang='grc' dir='ltr'><em>ἀρχομένῳ·</em></span> <span class='ocrx_word' id='word_1_747' title='bbox 3124 3507 3297 3570; x_wconf 83' lang='grc' dir='ltr'><em>ἄλλως</em></span> <span class='ocrx_word' id='word_1_748' title='bbox 3336 3505 3413 3577; x_wconf 83' lang='grc' dir='ltr'><em>τῷ</em></span> <span class='ocrx_word' id='word_1_749' title='bbox 3460 3506 3629 3558; x_wconf 83' lang='grc' dir='ltr'><em>πλου-</em></span> 
     </span>
    </p>
   </div>
   <div class='ocr_carea' id='block_1_101' title="bbox 2044 3596 3621 3672">
    <p class='ocr_par' dir='ltr' id='par_1_101' title="bbox 2044 3596 3621 3672">
     <span class='ocr_line' id='line_1_101' title="bbox 2044 3596 3621 3672; baseline -0.005 -14"><span class='ocrx_word' id='word_1_750' title='bbox 2044 3603 2248 3667; x_wconf 88' lang='grc' dir='ltr'><em>τοῦντι,</em></span> <span class='ocrx_word' id='word_1_751' title='bbox 2307 3600 2479 3664; x_wconf 81' lang='grc' dir='ltr'><em>ἄλλως</em></span> <span class='ocrx_word' id='word_1_752' title='bbox 2521 3599 2597 3671; x_wconf 80' lang='grc' dir='ltr'><em>τῷ</em></span> <span class='ocrx_word' id='word_1_753' title='bbox 2657 3598 2872 3672; x_wconf 81' lang='grc' dir='ltr'><em>πένητι.</em></span> <span class='ocrx_word' id='word_1_754' title='bbox 2947 3599 3053 3653; x_wconf 78' lang='grc' dir='ltr'><em>Διά</em></span> <span class='ocrx_word' id='word_1_755' title='bbox 3086 3599 3176 3663; x_wconf 88' lang='grc' dir='ltr'><em>τί;</em></span> <span class='ocrx_word' id='word_1_756' title='bbox 3231 3598 3357 3651; x_wconf 82' lang='grc' dir='ltr'><em>Ὅτι</em></span> <span class='ocrx_word' id='word_1_757' title='bbox 3411 3598 3465 3651; x_wconf 81' lang='grc' dir='ltr'><em>αἱ</em></span> <span class='ocrx_word' id='word_1_758' title='bbox 3512 3596 3621 3650; x_wconf 85' lang='grc' dir='ltr'><em>τῶν</em></span> 
     </span>
    </p>
   </div>
   <div class='ocr_carea' id='block_1_102' title="bbox 2046 3689 3629 3764">
    <p class='ocr_par' dir='ltr' id='par_1_102' title="bbox 2046 3689 3629 3764">
     <span class='ocr_line' id='line_1_102' title="bbox 2046 3689 3629 3764; baseline -0.004 -15"><span class='ocrx_word' id='word_1_759' title='bbox 2046 3693 2420 3751; x_wconf 82' lang='grc' dir='ltr'><em>πλουτούντων</em></span> <span class='ocrx_word' id='word_1_760' title='bbox 2449 3693 2546 3747; x_wconf 75' lang='grc' dir='ltr'><em>καὶ</em></span> <span class='ocrx_word' id='word_1_761' title='bbox 2566 3690 2842 3764; x_wconf 82' lang='grc' dir='ltr'><em>ἀρχόντων</em></span> <span class='ocrx_word' id='word_1_762' title='bbox 2868 3691 3041 3762; x_wconf 75' lang='grc' dir='ltr'><em>ψυχαὶ</em></span> <span class='ocrx_word' id='word_1_763' title='bbox 3083 3689 3466 3762; x_wconf 82' lang='grc' dir='ltr'><em>ἀσθενέστεραι</em></span> <span class='ocrx_word' id='word_1_764' title='bbox 3494 3706 3629 3758; x_wconf 88' lang='grc' dir='ltr'><em>τυγ-</em></span> 
     </span>
    </p>
   </div>
   <div class='ocr_carea' id='block_1_103' title="bbox 2047 3778 3632 3859">
    <p class='ocr_par' dir='ltr' id='par_1_103' title="bbox 2047 3778 3632 3859">
     <span class='ocr_line' id='line_1_103' title="bbox 2047 3778 3632 3859; baseline -0.004 -19"><span class='ocrx_word' id='word_1_765' title='bbox 2047 3785 2301 3859; x_wconf 88' lang='grc' dir='ltr'><em>χάνουσιν</em></span> <span class='ocrx_word' id='word_1_766' title='bbox 2321 3780 2499 3847; x_wconf 79' lang='grc' dir='ltr'><em>οὖσαι,</em></span> <span class='ocrx_word' id='word_1_767' title='bbox 2524 3782 2726 3854; x_wconf 83' lang='grc' dir='ltr'><em>μᾶλλον</em></span> <span class='ocrx_word' id='word_1_768' title='bbox 2756 3778 3211 3855; x_wconf 79' lang='grc' dir='ltr'><em>φλεγμαίνουσαι,</em></span> <span class='ocrx_word' id='word_1_769' title='bbox 3250 3781 3450 3854; x_wconf 80' lang='grc' dir='ltr'><em>μᾶλλον</em></span> <span class='ocrx_word' id='word_1_770' title='bbox 3477 3782 3632 3854; x_wconf 82' lang='grc' dir='ltr'><em>διαρ-</em></span> 
     </span>
    </p>
   </div>
   <div class='ocr_carea' id='block_1_104' title="bbox 2049 3870 3631 3949">
    <p class='ocr_par' dir='ltr' id='par_1_104' title="bbox 2049 3870 3631 3949">
     <span class='ocr_line' id='line_1_104' title="bbox 2049 3870 3631 3949; baseline -0.004 -17"><span class='ocrx_word' id='word_1_771' title='bbox 2049 3878 2288 3949; x_wconf 80' lang='grc' dir='ltr'><em>ρέουσαι·</em></span> <span class='ocrx_word' id='word_1_772' title='bbox 2314 3876 2457 3931; x_wconf 83' lang='grc' dir='ltr'><em>ὥστε</em></span> <span class='ocrx_word' id='word_1_773' title='bbox 2480 3876 2597 3931; x_wconf 82' lang='grc' dir='ltr'><em>ἐκεῖ</em></span> <span class='ocrx_word' id='word_1_774' title='bbox 2633 3873 3107 3945; x_wconf 74' lang='grc' dir='ltr'><em>συγκαταϐατικδν</em></span> <span class='ocrx_word' id='word_1_775' title='bbox 3137 3870 3277 3928; x_wconf 80' lang='grc' dir='ltr'><em>εἶναι</em></span> <span class='ocrx_word' id='word_1_776' title='bbox 3299 3872 3399 3928; x_wconf 86' lang='grc' dir='ltr'><em>δεῖ·</em></span> <span class='ocrx_word' id='word_1_777' title='bbox 3438 3875 3492 3927; x_wconf 89' lang='grc' dir='ltr'><em>αί</em></span> <span class='ocrx_word' id='word_1_778' title='bbox 3522 3874 3631 3927; x_wconf 89' lang='grc' dir='ltr'><em>τῶν</em></span> 
     </span>
    </p>
   </div>
   <div class='ocr_carea' id='block_1_105' title="bbox 2047 3964 3630 4041">
    <p class='ocr_par' dir='ltr' id='par_1_105' title="bbox 2047 3964 3630 4041">
     <span class='ocr_line' id='line_1_105' title="bbox 2047 3964 3630 4041; baseline -0.004 -18"><span class='ocrx_word' id='word_1_779' title='bbox 2047 3970 2294 4041; x_wconf 79' lang='grc' dir='ltr'><em>πενήτων</em></span> <span class='ocrx_word' id='word_1_780' title='bbox 2319 3968 2413 4022; x_wconf 74' lang='grc' dir='ltr'><em>καὶ</em></span> <span class='ocrx_word' id='word_1_781' title='bbox 2442 3965 2779 4039; x_wconf 83' lang='grc' dir='ltr'><em>ἀρχομένων,</em></span> <span class='ocrx_word' id='word_1_782' title='bbox 2817 3966 3170 4039; x_wconf 78' lang='grc' dir='ltr'><em>στερῤότεραι</em></span> <span class='ocrx_word' id='word_1_783' title='bbox 3197 3964 3292 4021; x_wconf 73' lang='grc' dir='ltr'><em>καὶ</em></span> <span class='ocrx_word' id='word_1_784' title='bbox 3331 3964 3630 4020; x_wconf 81' lang='grc' dir='ltr'><em>συνετώτε-</em></span> 
     </span>
    </p>
   </div>
   <div class='ocr_carea' id='block_1_106' title="bbox 2051 4054 3631 4131">
    <p class='ocr_par' dir='ltr' id='par_1_106' title="bbox 2051 4054 3631 4131">
     <span class='ocr_line' id='line_1_106' title="bbox 2051 4054 3631 4131; baseline -0.003 -18"><span class='ocrx_word' id='word_1_785' title='bbox 2051 4070 2159 4131; x_wconf 73' lang='grc' dir='ltr'><em>ραι·</em></span> <span class='ocrx_word' id='word_1_786' title='bbox 2187 4058 2329 4113; x_wconf 84' lang='grc' dir='ltr'><em>ὥστε</em></span> <span class='ocrx_word' id='word_1_787' title='bbox 2360 4057 2596 4113; x_wconf 74' lang='grc' dir='ltr'><em>ἐνταῦθα</em></span> <span class='ocrx_word' id='word_1_788' title='bbox 2628 4059 2721 4111; x_wconf 71' lang='grc' dir='ltr'><em>καὶ</em></span> <span class='ocrx_word' id='word_1_789' title='bbox 2751 4056 3035 4130; x_wconf 70' lang='grc' dir='ltr'><em>παρρησίᾳ</em></span> <span class='ocrx_word' id='word_1_790' title='bbox 3061 4056 3168 4127; x_wconf 84' lang='grc' dir='ltr'><em>χρὴ</em></span> <span class='ocrx_word' id='word_1_791' title='bbox 3199 4055 3405 4127; x_wconf 80' lang='grc' dir='ltr'><em>μείζονι</em></span> <span class='ocrx_word' id='word_1_792' title='bbox 3427 4054 3631 4126; x_wconf 78' lang='grc' dir='ltr'><em>κεχρῆ-</em></span> 
     </span>
    </p>
   </div>
   <div class='ocr_carea' id='block_1_107' title="bbox 2050 4143 3632 4225">
    <p class='ocr_par' dir='ltr' id='par_1_107' title="bbox 2050 4143 3632 4225">
     <span class='ocr_line' id='line_1_107' title="bbox 2050 4143 3632 4225; baseline -0.005 -20"><span class='ocrx_word' id='word_1_793' title='bbox 2050 4151 2196 4217; x_wconf 88' lang='grc' dir='ltr'><em>σθαι,</em></span> <span class='ocrx_word' id='word_1_794' title='bbox 2226 4151 2363 4225; x_wconf 77' lang='grc' dir='ltr'><em>πρὸς</em></span> <span class='ocrx_word' id='word_1_795' title='bbox 2384 4148 2445 4204; x_wconf 73' lang='grc' dir='ltr'><em>ἓν</em></span> <span class='ocrx_word' id='word_1_796' title='bbox 2493 4150 2723 4220; x_wconf 85' lang='grc' dir='ltr'><em>ὁρῶντα,</em></span> <span class='ocrx_word' id='word_1_797' title='bbox 2746 4151 2843 4219; x_wconf 77' lang='grc' dir='ltr'><em>τὴν</em></span> <span class='ocrx_word' id='word_1_798' title='bbox 2895 4148 3208 4218; x_wconf 80' lang='grc' dir='ltr'><em>οἰκοδομήν.</em></span> <span class='ocrx_word' id='word_1_799' title='bbox 3253 4146 3345 4216; x_wconf 80' lang='grc' dir='ltr'><em>Μὴ</em></span> <span class='ocrx_word' id='word_1_800' title='bbox 3370 4143 3559 4215; x_wconf 76' lang='grc' dir='ltr'><em>ἐπειδὴ</em></span> <span class='ocrx_word' id='word_1_801' title='bbox 3602 4148 3632 4198; x_wconf 90' lang='lat'><em>6</em></span> 
     </span>
    </p>
   </div>
   <div class='ocr_carea' id='block_1_108' title="bbox 2052 4234 3633 4314">
    <p class='ocr_par' dir='ltr' id='par_1_108' title="bbox 2052 4234 3633 4314">
     <span class='ocr_line' id='line_1_108' title="bbox 2052 4234 3633 4314; baseline -0.006 -18"><span class='ocrx_word' id='word_1_802' title='bbox 2052 4243 2153 4314; x_wconf 77' lang='grc' dir='ltr'><em>μὲν</em></span> <span class='ocrx_word' id='word_1_803' title='bbox 2178 4241 2451 4304; x_wconf 88' lang='grc' dir='ltr'><em>πλούσιος,</em></span> <span class='ocrx_word' id='word_1_804' title='bbox 2496 4242 2525 4293; x_wconf 96' lang='lat'><em>6</em></span> <span class='ocrx_word' id='word_1_805' title='bbox 2552 4236 2609 4293; x_wconf 83' lang='grc' dir='ltr'><em>δὲ</em></span> <span class='ocrx_word' id='word_1_806' title='bbox 2631 4240 2822 4308; x_wconf 87' lang='grc' dir='ltr'><em>πένης,</em></span> <span class='ocrx_word' id='word_1_807' title='bbox 2870 4237 2900 4291; x_wconf 89' lang='lat'><em>6</em></span> <span class='ocrx_word' id='word_1_808' title='bbox 2931 4238 3032 4309; x_wconf 85' lang='grc' dir='ltr'><em>μὲν</em></span> <span class='ocrx_word' id='word_1_809' title='bbox 3083 4236 3244 4290; x_wconf 84' lang='grc' dir='ltr'><em>πλέον</em></span> <span class='ocrx_word' id='word_1_810' title='bbox 3281 4234 3552 4306; x_wconf 85' lang='grc' dir='ltr'><em>τιμάσθω,</em></span> <span class='ocrx_word' id='word_1_811' title='bbox 3602 4236 3633 4287; x_wconf 93' lang='lat'><em>6</em></span> 
     </span>
    </p>
   </div>
   <div class='ocr_carea' id='block_1_109' title="bbox 2048 4326 3630 4402">
    <p class='ocr_par' dir='ltr' id='par_1_109' title="bbox 2048 4326 3630 4402">
     <span class='ocr_line' id='line_1_109' title="bbox 2048 4326 3630 4402; baseline -0.004 -15"><span class='ocrx_word' id='word_1_812' title='bbox 2048 4334 2106 4387; x_wconf 80' lang='grc' dir='ltr'><em>δὲ</em></span> <span class='ocrx_word' id='word_1_813' title='bbox 2130 4333 2369 4386; x_wconf 72' lang='grc' dir='ltr'><em>ἔλαττον·</em></span> <span class='ocrx_word' id='word_1_814' title='bbox 2397 4330 2534 4386; x_wconf 89' lang='grc' dir='ltr'><em>ἀλλά</em></span> <span class='ocrx_word' id='word_1_815' title='bbox 2555 4331 2643 4385; x_wconf 80' lang='grc' dir='ltr'><em>διὰ</em></span> <span class='ocrx_word' id='word_1_816' title='bbox 2659 4329 2757 4402; x_wconf 74' lang='grc' dir='ltr'><em>τὴν</em></span> <span class='ocrx_word' id='word_1_817' title='bbox 2807 4329 3092 4384; x_wconf 85' lang='grc' dir='ltr'><em>ἀσθένειαν</em></span> <span class='ocrx_word' id='word_1_818' title='bbox 3143 4331 3172 4382; x_wconf 88' lang='lat'><em>6</em></span> <span class='ocrx_word' id='word_1_819' title='bbox 3206 4328 3306 4399; x_wconf 84' lang='grc' dir='ltr'><em>μὲν</em></span> <span class='ocrx_word' id='word_1_820' title='bbox 3335 4326 3630 4382; x_wconf 80' lang='grc' dir='ltr'><em>διαϐαστα-</em></span> 
     </span>
    </p>
   </div>
   <div class='ocr_carea' id='block_1_110' title="bbox 2049 4410 3631 4492">
    <p class='ocr_par' dir='ltr' id='par_1_110' title="bbox 2049 4410 3631 4492">
     <span class='ocr_line' id='line_1_110' title="bbox 2049 4410 3631 4492; baseline -0.003 -16"><span class='ocrx_word' id='word_1_821' title='bbox 2049 4422 2245 4488; x_wconf 81' lang='grc' dir='ltr'><em>ζέσθω,</em></span> <span class='ocrx_word' id='word_1_822' title='bbox 2275 4421 2304 4474; x_wconf 90' lang='lat'><em>6</em></span> <span class='ocrx_word' id='word_1_823' title='bbox 2347 4422 2405 4476; x_wconf 79' lang='grc' dir='ltr'><em>δὲ</em></span> <span class='ocrx_word' id='word_1_824' title='bbox 2436 4422 2512 4492; x_wconf 83' lang='grc' dir='ltr'><em>μὴ</em></span> <span class='ocrx_word' id='word_1_825' title='bbox 2554 4417 2745 4485; x_wconf 73' lang='grc' dir='ltr'><em>οὕτως·</em></span> <span class='ocrx_word' id='word_1_826' title='bbox 2771 4410 2906 4487; x_wconf 77' lang='grc' dir='ltr'><em>οἷον,</em></span> <span class='ocrx_word' id='word_1_827' title='bbox 2933 4421 3113 4485; x_wconf 78' lang='grc' dir='ltr'><em>αἰτίας</em></span> <span class='ocrx_word' id='word_1_828' title='bbox 3162 4420 3263 4474; x_wconf 91' lang='grc' dir='ltr'><em>οὐκ</em></span> <span class='ocrx_word' id='word_1_829' title='bbox 3309 4417 3501 4490; x_wconf 75' lang='grc' dir='ltr'><em>οὔσης,</em></span> <span class='ocrx_word' id='word_1_830' title='bbox 3555 4418 3631 4491; x_wconf 78' lang='grc' dir='ltr'><em>μὴ</em></span> 
     </span>
    </p>
   </div>
   <div class='ocr_carea' id='block_1_111' title="bbox 2048 4509 3630 4585">
    <p class='ocr_par' dir='ltr' id='par_1_111' title="bbox 2048 4509 3630 4585">
     <span class='ocr_line' id='line_1_111' title="bbox 2048 4509 3630 4585; baseline -0.004 -15"><span class='ocrx_word' id='word_1_831' title='bbox 2048 4515 2203 4570; x_wconf 87' lang='grc' dir='ltr'><em>κάλει</em></span> <span class='ocrx_word' id='word_1_832' title='bbox 2236 4514 2328 4568; x_wconf 81' lang='grc' dir='ltr'><em>τὸν</em></span> <span class='ocrx_word' id='word_1_833' title='bbox 2360 4514 2600 4585; x_wconf 85' lang='grc' dir='ltr'><em>Ἕλληνα</em></span> <span class='ocrx_word' id='word_1_834' title='bbox 2631 4510 2845 4585; x_wconf 82' lang='grc' dir='ltr'><em>μιαρὸν,</em></span> <span class='ocrx_word' id='word_1_835' title='bbox 2892 4509 3027 4584; x_wconf 80' lang='grc' dir='ltr'><em>μηδὲ</em></span> <span class='ocrx_word' id='word_1_836' title='bbox 3074 4511 3166 4565; x_wconf 79' lang='grc' dir='ltr'><em>ἔσο</em></span> <span class='ocrx_word' id='word_1_837' title='bbox 3199 4509 3480 4584; x_wconf 79' lang='grc' dir='ltr'><em>ὑϐριστής·</em></span> <span class='ocrx_word' id='word_1_838' title='bbox 3513 4510 3630 4565; x_wconf 80' lang='grc' dir='ltr'><em>ἀλλ’</em></span> 
     </span>
    </p>
   </div>
   <div class='ocr_carea' id='block_1_112' title="bbox 2046 4600 3631 4678">
    <p class='ocr_par' dir='ltr' id='par_1_112' title="bbox 2046 4600 3631 4678">
     <span class='ocr_line' id='line_1_112' title="bbox 2046 4600 3631 4678; baseline -0.004 -15"><span class='ocrx_word' id='word_1_839' title='bbox 2046 4607 2115 4663; x_wconf 81' lang='grc' dir='ltr'><em>ἂν</em></span> <span class='ocrx_word' id='word_1_840' title='bbox 2151 4606 2253 4678; x_wconf 86' lang='grc' dir='ltr'><em>μὲν</em></span> <span class='ocrx_word' id='word_1_841' title='bbox 2280 4600 2562 4678; x_wconf 77' lang='grc' dir='ltr'><em>ἐρωτηθῇς</em></span> <span class='ocrx_word' id='word_1_842' title='bbox 2590 4605 2719 4675; x_wconf 71' lang='grc' dir='ltr'><em>περὶ</em></span> <span class='ocrx_word' id='word_1_843' title='bbox 2752 4603 2846 4657; x_wconf 86' lang='grc' dir='ltr'><em>τοῦ</em></span> <span class='ocrx_word' id='word_1_844' title='bbox 2893 4603 3184 4675; x_wconf 88' lang='grc' dir='ltr'><em>δόγματος,</em></span> <span class='ocrx_word' id='word_1_845' title='bbox 3208 4604 3499 4677; x_wconf 82' lang='grc' dir='ltr'><em>ἀπόκριναι</em></span> <span class='ocrx_word' id='word_1_846' title='bbox 3548 4603 3631 4659; x_wconf 76' lang='grc' dir='ltr'><em>ὅτι</em></span> 
     </span>
    </p>
   </div>
   <div class='ocr_carea' id='block_1_113' title="bbox 2051 4686 3631 4772">
    <p class='ocr_par' dir='ltr' id='par_1_113' title="bbox 2051 4686 3631 4772">
     <span class='ocr_line' id='line_1_113' title="bbox 2051 4686 3631 4772; baseline -0.004 -18"><span class='ocrx_word' id='word_1_847' title='bbox 2051 4699 2247 4772; x_wconf 78' lang='grc' dir='ltr'><em>μιαρὸν</em></span> <span class='ocrx_word' id='word_1_848' title='bbox 2273 4698 2368 4751; x_wconf 86' lang='grc' dir='ltr'><em>καί</em></span> <span class='ocrx_word' id='word_1_849' title='bbox 2394 4686 2606 4759; x_wconf 76' lang='grc' dir='ltr'><em>ἀσεϐές·</em></span> <span class='ocrx_word' id='word_1_850' title='bbox 2640 4695 2853 4759; x_wconf 82' lang='grc' dir='ltr'><em>οὐδενὸς</em></span> <span class='ocrx_word' id='word_1_851' title='bbox 2882 4695 2940 4749; x_wconf 79' lang='grc' dir='ltr'><em>δὲ</em></span> <span class='ocrx_word' id='word_1_852' title='bbox 2970 4696 3284 4769; x_wconf 79' lang='grc' dir='ltr'><em>ἐρωτῶντος</em></span> <span class='ocrx_word' id='word_1_853' title='bbox 3311 4697 3434 4750; x_wconf 84' lang='grc' dir='ltr'><em>οὐδὲ</em></span> <span class='ocrx_word' id='word_1_854' title='bbox 3457 4697 3631 4764; x_wconf 82' lang='grc' dir='ltr'><em>ἀναγ-</em></span> 
     </span>
    </p>
   </div>
   <div class='ocr_carea' id='block_1_114' title="bbox 2048 4784 3629 4859">
    <p class='ocr_par' dir='ltr' id='par_1_114' title="bbox 2048 4784 3629 4859">
     <span class='ocr_line' id='line_1_114' title="bbox 2048 4784 3629 4859; baseline -0.004 -14"><span class='ocrx_word' id='word_1_855' title='bbox 2048 4790 2304 4855; x_wconf 72' lang='grc' dir='ltr'><em>κάζοντος</em></span> <span class='ocrx_word' id='word_1_856' title='bbox 2330 4788 2532 4857; x_wconf 81' lang='grc' dir='ltr'><em>λέγειν,</em></span> <span class='ocrx_word' id='word_1_857' title='bbox 2553 4786 2614 4839; x_wconf 87' lang='grc' dir='ltr'><em>οὐ</em></span> <span class='ocrx_word' id='word_1_858' title='bbox 2635 4786 2901 4859; x_wconf 81' lang='grc' dir='ltr'><em>προσήκει</em></span> <span class='ocrx_word' id='word_1_859' title='bbox 2947 4784 3134 4851; x_wconf 85' lang='grc' dir='ltr'><em>ἁπλῶς</em></span> <span class='ocrx_word' id='word_1_860' title='bbox 3177 4786 3471 4859; x_wconf 83' lang='grc' dir='ltr'><em>ἀπέχθειαν</em></span> <span class='ocrx_word' id='word_1_861' title='bbox 3498 4786 3629 4839; x_wconf 88' lang='grc' dir='ltr'><em>ἀνα-</em></span> 
     </span>
    </p>
   </div>
   <div class='ocr_carea' id='block_1_115' title="bbox 2046 4879 3628 4954">
    <p class='ocr_par' dir='ltr' id='par_1_115' title="bbox 2046 4879 3628 4954">
     <span class='ocr_line' id='line_1_115' title="bbox 2046 4879 3628 4954; baseline -0.003 -18"><span class='ocrx_word' id='word_1_862' title='bbox 2046 4880 2312 4952; x_wconf 83' lang='grc' dir='ltr'><em>δέχεσθαι.</em></span> <span class='ocrx_word' id='word_1_863' title='bbox 2346 4881 2484 4936; x_wconf 87' lang='grc' dir='ltr'><em>Ποία</em></span> <span class='ocrx_word' id='word_1_864' title='bbox 2509 4881 2619 4954; x_wconf 85' lang='grc' dir='ltr'><em>γὰρ</em></span> <span class='ocrx_word' id='word_1_865' title='bbox 2649 4880 2862 4950; x_wconf 86' lang='grc' dir='ltr'><em>ἀνάγκη</em></span> <span class='ocrx_word' id='word_1_866' title='bbox 2923 4879 3184 4951; x_wconf 88' lang='grc' dir='ltr'><em>περιττὰς</em></span> <span class='ocrx_word' id='word_1_867' title='bbox 3228 4879 3431 4951; x_wconf 78' lang='grc' dir='ltr'><em>ἔχθρας</em></span> <span class='ocrx_word' id='word_1_868' title='bbox 3455 4894 3628 4932; x_wconf 84' lang='grc' dir='ltr'><em>κατα-</em></span> 
     </span>
    </p>
   </div>
   <div class='ocr_carea' id='block_1_116' title="bbox 2048 4965 3629 5043">
    <p class='ocr_par' dir='ltr' id='par_1_116' title="bbox 2048 4965 3629 5043">
     <span class='ocr_line' id='line_1_116' title="bbox 2048 4965 3629 5043; baseline -0.003 -16"><span class='ocrx_word' id='word_1_869' title='bbox 2048 4972 2364 5041; x_wconf 76' lang='grc' dir='ltr'><em>σκευάζεινς</em></span> <span class='ocrx_word' id='word_1_870' title='bbox 2404 4965 2596 5040; x_wconf 80' lang='grc' dir='ltr'><em>Πάλιν,</em></span> <span class='ocrx_word' id='word_1_871' title='bbox 2629 4972 2695 5027; x_wconf 84' lang='grc' dir='ltr'><em>άν</em></span> <span class='ocrx_word' id='word_1_872' title='bbox 2714 4989 2835 5026; x_wconf 87' lang='grc' dir='ltr'><em>τινα</em></span> <span class='ocrx_word' id='word_1_873' title='bbox 2872 4974 3145 5043; x_wconf 79' lang='grc' dir='ltr'><em>κατηχῇς,</em></span> <span class='ocrx_word' id='word_1_874' title='bbox 3176 4971 3304 5041; x_wconf 85' lang='grc' dir='ltr'><em>λέγε</em></span> <span class='ocrx_word' id='word_1_875' title='bbox 3334 4969 3396 5037; x_wconf 77' lang='grc' dir='ltr'>ἐξ</span> <span class='ocrx_word' id='word_1_876' title='bbox 3431 4968 3629 5024; x_wconf 81' lang='grc' dir='ltr'><em>ὐποθέ-</em></span> 
     </span>
    </p>
   </div>
   <div class='ocr_carea' id='block_1_117' title="bbox 2049 5061 3628 5139">
    <p class='ocr_par' dir='ltr' id='par_1_117' title="bbox 2049 5061 3628 5139">
     <span class='ocr_line' id='line_1_117' title="bbox 2049 5061 3628 5139; baseline -0.003 -19"><span class='ocrx_word' id='word_1_877' title='bbox 2049 5082 2186 5130; x_wconf 89' lang='grc' dir='ltr'><em>σεως</em></span> <span class='ocrx_word' id='word_1_878' title='bbox 2206 5064 2593 5137; x_wconf 77' lang='grc' dir='ltr'><em>ὑποκειμένης·</em></span> <span class='ocrx_word' id='word_1_879' title='bbox 2637 5063 2761 5119; x_wconf 71' lang='grc' dir='ltr'><em>ἐπεὶ</em></span> <span class='ocrx_word' id='word_1_880' title='bbox 2789 5077 2817 5107; x_wconf 80' lang='grc' dir='ltr'>ι</span> <span class='ocrx_word' id='word_1_881' title='bbox 2844 5063 2994 5134; x_wconf 83' lang='grc' dir='ltr'><em>σίγα.</em></span> <span class='ocrx_word' id='word_1_882' title='bbox 3027 5065 3155 5119; x_wconf 84' lang='grc' dir='ltr'><em>Ἐἀν</em></span> <span class='ocrx_word' id='word_1_883' title='bbox 3245 5063 3402 5119; x_wconf 82' lang='grc' dir='ltr'><em>ἀλατι</em></span> <span class='ocrx_word' id='word_1_884' title='bbox 3456 5062 3628 5133; x_wconf 77' lang='grc' dir='ltr'><em>ἠρτυ-</em></span> 
     </span>
    </p>
   </div>
   <div class='ocr_carea' id='block_1_118' title="bbox 2048 5151 3622 5229">
    <p class='ocr_par' dir='ltr' id='par_1_118' title="bbox 2048 5151 3622 5229">
     <span class='ocr_line' id='line_1_118' title="bbox 2048 5151 3622 5229; baseline -0.004 -17"><span class='ocrx_word' id='word_1_885' title='bbox 2048 5156 2210 5228; x_wconf 86' lang='grc' dir='ltr'><em>μένος</em></span> <span class='ocrx_word' id='word_1_886' title='bbox 2237 5157 2267 5211; x_wconf 93' lang='lat'><em>6</em></span> <span class='ocrx_word' id='word_1_887' title='bbox 2289 5156 2468 5226; x_wconf 85' lang='grc' dir='ltr'><em>λόγος,</em></span> <span class='ocrx_word' id='word_1_888' title='bbox 2528 5156 2634 5212; x_wconf 80' lang='grc' dir='ltr'><em>κᾶν</em></span> <span class='ocrx_word' id='word_1_889' title='bbox 2665 5156 2747 5221; x_wconf 82' lang='grc' dir='ltr'><em>είς</em></span> <span class='ocrx_word' id='word_1_890' title='bbox 2779 5156 3137 5229; x_wconf 80' lang='grc' dir='ltr'><em>διαρῤέουσαν</em></span> <span class='ocrx_word' id='word_1_891' title='bbox 3170 5154 3387 5226; x_wconf 79' lang='grc' dir='ltr'><em>ἐμπέσῃ</em></span> <span class='ocrx_word' id='word_1_892' title='bbox 3415 5151 3622 5225; x_wconf 82' lang='grc' dir='ltr'><em>ψυχὴν,</em></span> 
     </span>
    </p>
   </div>
   <div class='ocr_carea' id='block_1_119' title="bbox 2045 5245 3626 5320">
    <p class='ocr_par' dir='ltr' id='par_1_119' title="bbox 2045 5245 3626 5320">
     <span class='ocr_line' id='line_1_119' title="bbox 2045 5245 3626 5320; baseline -0.001 -17"><span class='ocrx_word' id='word_1_893' title='bbox 2045 5249 2357 5320; x_wconf 80' lang='grc' dir='ltr'><em>ὲπισφίγξει</em></span> <span class='ocrx_word' id='word_1_894' title='bbox 2385 5248 2484 5320; x_wconf 82' lang='grc' dir='ltr'><em>τὴν</em></span> <span class='ocrx_word' id='word_1_895' title='bbox 2533 5246 2761 5320; x_wconf 81' lang='grc' dir='ltr'><em>χαύνην·</em></span> <span class='ocrx_word' id='word_1_896' title='bbox 2796 5249 2902 5303; x_wconf 84' lang='grc' dir='ltr'><em>κᾶν</em></span> <span class='ocrx_word' id='word_1_897' title='bbox 2938 5248 3018 5312; x_wconf 87' lang='grc' dir='ltr'><em>είς</em></span> <span class='ocrx_word' id='word_1_898' title='bbox 3040 5249 3322 5319; x_wconf 85' lang='grc' dir='ltr'><em>τραχεῖαν,</em></span> <span class='ocrx_word' id='word_1_899' title='bbox 3356 5246 3537 5301; x_wconf 89' lang='grc' dir='ltr'><em>λεανεί</em></span> <span class='ocrx_word' id='word_1_900' title='bbox 3562 5245 3626 5302; x_wconf 72' lang='grc' dir='ltr'><em>τὸ</em></span> 
     </span>
    </p>
   </div>
   <div class='ocr_carea' id='block_1_120' title="bbox 2047 5337 3623 5412">
    <p class='ocr_par' dir='ltr' id='par_1_120' title="bbox 2047 5337 3623 5412">
     <span class='ocr_line' id='line_1_120' title="bbox 2047 5337 3623 5412; baseline 0 -19"><span class='ocrx_word' id='word_1_901' title='bbox 2047 5340 2300 5411; x_wconf 84' lang='grc' dir='ltr'><em>σκληρόν.</em></span> <span class='ocrx_word' id='word_1_902' title='bbox 2333 5340 2620 5412; x_wconf 83' lang='grc' dir='ltr'><em>Ἐπίχαρις</em></span> <span class='ocrx_word' id='word_1_903' title='bbox 2644 5338 2739 5406; x_wconf 86' lang='grc' dir='ltr'><em>ῶν,</em></span> <span class='ocrx_word' id='word_1_904' title='bbox 2809 5341 2949 5411; x_wconf 82' lang='grc' dir='ltr'><em>μήτε</em></span> <span class='ocrx_word' id='word_1_905' title='bbox 3008 5338 3264 5411; x_wconf 76' lang='grc' dir='ltr'><em>φορτικὸς</em></span> <span class='ocrx_word' id='word_1_906' title='bbox 3290 5337 3452 5404; x_wconf 77' lang='grc' dir='ltr'><em>ἔστω,</em></span> <span class='ocrx_word' id='word_1_907' title='bbox 3485 5339 3623 5411; x_wconf 81' lang='grc' dir='ltr'><em>μήτε</em></span> 
     </span>
    </p>
   </div>
   <div class='ocr_carea' id='block_1_121' title="bbox 2045 5429 3624 5503">
    <p class='ocr_par' dir='ltr' id='par_1_121' title="bbox 2045 5429 3624 5503">
     <span class='ocr_line' id='line_1_121' title="bbox 2045 5429 3624 5503; baseline -0.001 -17"><span class='ocrx_word' id='word_1_908' title='bbox 2045 5433 2207 5487; x_wconf 83' lang='grc' dir='ltr'><em>πάλιν</em></span> <span class='ocrx_word' id='word_1_909' title='bbox 2238 5432 2454 5503; x_wconf 82' lang='grc' dir='ltr'><em>χαῦνος,</em></span> <span class='ocrx_word' id='word_1_910' title='bbox 2477 5430 2614 5486; x_wconf 87' lang='grc' dir='ltr'><em>ἀλλὰ</em></span> <span class='ocrx_word' id='word_1_911' title='bbox 2634 5432 2727 5488; x_wconf 79' lang='grc' dir='ltr'><em>καὶ</em></span> <span class='ocrx_word' id='word_1_912' title='bbox 2757 5432 2819 5486; x_wconf 77' lang='grc' dir='ltr'><em>τὸ</em></span> <span class='ocrx_word' id='word_1_913' title='bbox 2846 5432 3044 5502; x_wconf 81' lang='grc' dir='ltr'><em>στῦφον</em></span> <span class='ocrx_word' id='word_1_914' title='bbox 3075 5432 3264 5503; x_wconf 73' lang='grc' dir='ltr'><em>ἐχέτω,</em></span> <span class='ocrx_word' id='word_1_915' title='bbox 3294 5431 3390 5485; x_wconf 78' lang='grc' dir='ltr'><em>καὶ</em></span> <span class='ocrx_word' id='word_1_916' title='bbox 3414 5430 3476 5484; x_wconf 85' lang='grc' dir='ltr'><em>τδ</em></span> <span class='ocrx_word' id='word_1_917' title='bbox 3502 5429 3624 5501; x_wconf 84' lang='grc' dir='ltr'><em>μεθ’</em></span> 
     </span>
    </p>
   </div>
   <div class='ocr_carea' id='block_1_122' title="bbox 2044 5523 3623 5599">
    <p class='ocr_par' dir='ltr' id='par_1_122' title="bbox 2044 5523 3623 5599">
     <span class='ocr_line' id='line_1_122' title="bbox 2044 5523 3623 5599; baseline 0 -21"><span class='ocrx_word' id='word_1_918' title='bbox 2044 5524 2255 5596; x_wconf 80' lang='grc' dir='ltr'><em>ἡδονῆς.</em></span> <span class='ocrx_word' id='word_1_919' title='bbox 2275 5526 2374 5579; x_wconf 81' lang='grc' dir='ltr'><em>Ἀν</em></span> <span class='ocrx_word' id='word_1_920' title='bbox 2403 5541 2462 5578; x_wconf 85' lang='grc' dir='ltr'><em>τε</em></span> <span class='ocrx_word' id='word_1_921' title='bbox 2492 5523 2602 5597; x_wconf 79' lang='grc' dir='ltr'><em>γὰρ</em></span> <span class='ocrx_word' id='word_1_922' title='bbox 2629 5525 2884 5598; x_wconf 82' lang='grc' dir='ltr'><em>ἀμέτρως</em></span> <span class='ocrx_word' id='word_1_923' title='bbox 2915 5524 3214 5599; x_wconf 68' lang='grc' dir='ltr'><em>ἐπιστύψῃ,</em></span> <span class='ocrx_word' id='word_1_924' title='bbox 3243 5523 3442 5597; x_wconf 76' lang='grc' dir='ltr'><em>μᾶλλον</em></span> <span class='ocrx_word' id='word_1_925' title='bbox 3465 5523 3623 5578; x_wconf 77' lang='grc' dir='ltr'><em>ἔθλα-</em></span> 
     </span>
    </p>
   </div>
   <div class='ocr_carea' id='block_1_123' title="bbox 2111 5721 2629 5781">
    <p class='ocr_par' dir='ltr' id='par_1_123' title="bbox 2111 5721 2629 5781">
     <span class='ocr_line' id='line_1_123' title="bbox 2111 5721 2629 5781; baseline -0.002 -8"><span class='ocrx_word' id='word_1_926' title='bbox 2111 5724 2134 5753; x_wconf 84' lang='grc'><strong><em>⁸</em></strong></span> <span class='ocrx_word' id='word_1_927' title='bbox 2161 5721 2294 5773; x_wconf 79' lang='lat' dir='ltr'><em>Forl.</em></span> <span class='ocrx_word' id='word_1_928' title='bbox 2320 5723 2420 5773; x_wconf 77' lang='grc' dir='ltr'><em>ἐπεὶ</em></span> <span class='ocrx_word' id='word_1_929' title='bbox 2440 5722 2629 5781; x_wconf 80' lang='grc' dir='ltr'><em>ἄλλως.,</em></span> 
     </span>
    </p>
   </div>
   <div class='ocr_carea' id='block_1_124' title="bbox 2736 5834 2769 5857">
    <p class='ocr_par' dir='ltr' id='par_1_124' title="bbox 2736 5834 2769 5857">
     <span class='ocr_line' id='line_1_124' title="bbox 2736 5834 2769 5857; baseline 0 0"><span class='ocrx_word' id='word_1_930' title='bbox 2736 5834 2769 5857; x_wconf 55' lang='grc' dir='ltr'><strong>κ</strong></span> 
     </span>
    </p>
   </div>
  </div>
