4072 6206
518 375 627 429 377

520 491 623 558 ψεν
654 490 688 560 ἢ
718 489 1020 562 ὠφέλησεν·
1051 489 1145 544 ἐὰν
1160 490 1223 543 δέ
1250 489 1503 560 ἀμέτρως
1523 486 2103 560 χαριεντίσηται,μᾶλ-

524 582 613 634 λον
641 581 914 652 ἐλύπησεν
944 583 976 653 ἢ
1005 581 1233 652 ὤνησεν·
1285 580 1427 634 ὥστε
1475 579 1754 649 πανταχοῦ
1815 578 1988 650 μέτρα
2025 576 2109 629 δεῖ

524 672 689 729 εἶναι.
724 676 879 745 Μήτε
916 674 1169 745 κατηφὴς
1184 674 1274 727 ἔσο
1296 673 1390 726 καὶ
1423 671 1768 746 σκυθρωπός·
1794 669 1957 741 ἀηδὲς
1973 668 2102 739 γάρ’

527 766 663 835 μήτε
689 764 1097 834 διακεχυμένος·
1158 763 1779 834 εὐκαταφρόνητονγὰρ
1799 762 1894 816 καὶ
1929 776 2106 813 πεπα-

522 857 773 927 τημένον·
800 856 917 910 ἀλλ’
947 856 1208 928 ἐκατέρου
1242 855 1339 926 τὴν
1376 854 1575 926 ἀρετὴν
1608 851 1809 917 λαϐὼν,
1877 850 1974 922 τὴν
2002 868 2105 904 κα-

522 949 647 1002 κίαν
678 948 828 1020 [408]
862 948 1021 1017 φύγε,
1053 948 1307 1019 καθάπερ
1341 949 1374 1017 ἡ
1397 947 1622 1018 μέλιττα
1644 946 1737 999 τοῦ
1767 944 1865 1016 μὲν
1886 944 1947 998 τὸ
1975 960 2103 1012 φαι-

520 1038 669 1109 δρὸν,
720 1037 813 1091 τοῦ
844 1038 901 1091 δὲ
929 1039 989 1091 τὸ
1019 1038 1236 1108 σεμνόν.
1285 1038 1349 1090 Εἰ
1392 1037 1500 1109 γὰρ
1536 1036 1719 1108 ἰατρὸς
1752 1036 1850 1105 οὐχ
1902 1034 2106 1103 ὁμοίως

521 1132 658 1184 πᾶσι
687 1131 951 1203 χρήσεται
971 1131 1084 1192 τοῖς
1118 1128 1357 1198 σώμασι,
1396 1125 1575 1197 πολλῷ
1604 1125 1806 1197 μᾶλλον
1856 1124 2105 1177 διδάσκα-

519 1222 629 1286 λος.
665 1221 859 1274 Καίτοι
883 1220 1086 1291 μᾶλλον
1116 1219 1183 1273 ἂν
1205 1219 1273 1272 τὰ
1307 1217 1537 1289 σώματα
1575 1215 1928 1287 ἀκατάλληλα
1962 1214 2106 1285 φάρ-

524 1332 675 1385 μακα
701 1316 934 1382 ἐνέγκοι,
957 1313 989 1383 ἢ
1013 1311 1160 1382 ψυχὴ
1186 1311 1368 1380 λόγον·
1402 1305 1531 1374 οἷον,
1569 1309 1849 1380 πρόσεισιν
1883 1306 2101 1376 Ἕλλην,

520 1406 617 1459 καὶ
645 1405 853 1473 γίνεταί
878 1422 960 1458 σοι
990 1405 1179 1473 φίλος;
1212 1402 1378 1475 μηδὲν
1416 1400 1564 1471 αὐτῷ
1590 1400 1717 1469 περὶ
1746 1398 1938 1453 τούτου
1987 1398 2106 1451 δια-

519 1496 737 1566 λεχθῇς,
764 1496 868 1557 ἕως
898 1498 964 1549 ἂν
988 1495 1211 1565 γένηται
1239 1495 1380 1548 πάνυ
1404 1491 1574 1562 φίλος·
1595 1491 1691 1544 καὶ
1712 1491 1840 1543 ὅταν
1860 1490 2103 1560 γένηται,

519 1588 723 1658 ἡρέμα.

589 1708 658 1768 γ’.
704 1701 845 1772 Ὅρα
879 1697 987 1770 γὰρ
1025 1700 1170 1753 καὶό
1204 1696 1415 1761 Παῦλος
1444 1695 1606 1768 ἡνίκα
1628 1696 1709 1758 εἰς
1736 1694 1837 1758 τὰς
1873 1693 2106 1764 Ἀθήνας

520 1793 870 1863 παρεγένετο,
905 1791 1022 1856 πῶς
1037 1792 1223 1856 αὐτοῖς
1242 1790 1531 1860 διελέγετο.
1551 1791 1666 1845 Οὐκ
1693 1784 1868 1857 εἶπεν,
1891 1784 1961 1844 Ὦ
1976 1806 2105 1859 μια-

521 1883 605 1952 ροὶ
657 1884 752 1937 καὶ
790 1882 1104 1954 παμμίαροι
1131 1901 1146 1915 ·
1187 1881 1324 1936 ἀλλά
1373 1882 1461 1949 τί;
1504 1881 1755 1950 ’Ἄνδρες
1795 1881 2102 1949 Ἀθηναῖοι,

517 1974 667 2029 κατὰ
685 1973 883 2028 πάντα
901 1974 982 2040 ὠς
1000 1973 1657 2044 δεισιδαιμονεστέρους
1694 1973 1849 2044 ὑμᾶς
1888 1972 2101 2042 θεωρῶ.

517 2065 687 2119 Πάλιν
710 2066 799 2119 ὅτε
828 2065 1049 2137 ὑϐρίσαι
1075 2066 1264 2137 ἐχρῆν,
1292 2066 1353 2119 οὐ
1381 2066 1759 2138 παρῃτήσατο·
1799 2066 1936 2120 ἀλλά
1964 2064 2104 2137 μετὰ

518 2157 717 2228 πολλῆς
740 2157 841 2228 τῆς
875 2157 1234 2229 σφοδρότητος
1286 2158 1438 2227 έλεγε
1470 2158 1547 2229 τῷ
1585 2158 1808 2230 Ἐλύμᾳ·
1850 2160 1913 2214 Ὦ
1947 2159 2104 2227 πλήο

510 2267 628 2321 ρης
653 2249 880 2315 παντὸς
928 2248 1115 2304 δόλου
1162 2249 1261 2303 καὶ
1309 2248 1515 2318 πάσης
1547 2250 1954 2321 ῥᾳδιουργίας,
2011 2251 2105 2305 υἰὲ

515 2342 823 2407 διαϐόλου,
850 2340 1026 2410 ἐχθρὲ
1058 2341 1261 2409 πάσης
1308 2341 1717 2411 δικαιοσύνης.
1750 2343 1962 2415 Ὠσπερ
1992 2343 2103 2416 γὰρ

517 2431 760 2493 ἐκείνους
790 2432 1012 2505 ὑϐρίσαι
1039 2434 1225 2497 ἀνοίας
1259 2428 1348 2504 ἦν,
1381 2432 1525 2487 οὕτω
1549 2433 1739 2489 τοῦτον
1769 2433 1845 2506 μὴ
1880 2434 2103 2505 ὑϐρίσαι

519 2523 794 2595 μαλακίας
842 2519 932 2595 ἦν.
992 2523 1181 2590 Πάλιν,
1234 2524 1495 2597 εἰσήχθης
1553 2525 1689 2597 πρὸς
1719 2525 1956 2598 ἄρχοντα
2015 2526 2102 2581 διὰ

517 2616 779 2685 πρᾶγμα;
810 2614 912 2679 τὰς
934 2615 1318 2686 προσηκούσας
1355 2617 1650 2690 ἀπόνειμαι
1680 2619 1867 2690 τιμάς.
1900 2618 2103 2674 Πάντα

515 2706 676 2776 ὑμῖν,
713 2708 867 2777 φησὶ,
903 2708 1224 2777 γνωριοῦσι
1270 2708 1342 2762 τὰ
1367 2702 1502 2763 ὧδε.
1554 2709 1653 2764 Διά
1689 2710 1743 2765 τί
1789 2710 1863 2783 μὴ
1902 2712 2104 2784 συνῆλ-

516 2796 627 2861 θον,
662 2797 795 2867 φησί
819 2815 834 2864 ;
878 2797 945 2850 Τί
968 2798 1026 2851 δέ
1068 2800 1205 2863 ἐστι,
1248 2799 1452 2856 Πάντα
1488 2801 1633 2870 ὑμῖν
1665 2805 1983 2873 γνωριοῦσι
2029 2805 2103 2860 τὰ

513 2882 663 2951 ὦδε;
692 2889 971 2953 Τουτέστι,
996 2890 1077 2943 Τά
1099 2890 1294 2960 δεσμὰ,
1327 2893 1420 2946 καὶ
1445 2891 1663 2948 τὰάλλα
1688 2893 1865 2948 πάντα
1882 2894 1951 2949 τὰ
1967 2914 2100 2950 κατ-

516 2981 710 3052 έχοντά
756 2999 844 3054 με.
909 2984 1023 3036 Οὐκ
1067 2982 1135 3038 ἂν
1191 2979 1285 3038 οὖν
1336 2986 1365 3038 6
1416 2986 1852 3057 προσευχόμενος
1905 2989 2102 3054 αὐτοὺς

514 3074 668 3140 ἰδεῖν,
700 3075 729 3128 6
750 3074 844 3128 καὶ
874 3075 1095 3147 ἐτέρους
1119 3075 1486 3142 ἀποστέλλων,
1520 3078 1684 3142 αὐτὸς
1705 3080 1998 3152 ὑστέρησα,
2025 3082 2101 3153 μὴ

520 3165 763 3237 μεγάλης
782 3184 850 3237 με
880 3166 1219 3239 κατεχούσης
1247 3168 1514 3241 ἀνάγκης.
1542 3171 1651 3225 Καὶ
1679 3171 1787 3244 μὴν
1823 3172 1983 3228 τοῦτο
2004 3175 2103 3228 οὐκ

512 3250 585 3327 ἦν
624 3256 1025 3325 ἐγκαλούντων.
1074 3260 1185 3314 Καὶ
1216 3260 1325 3332 μὴν
1352 3261 1558 3333 σφόδρα
1608 3262 2005 3333 ἐγκαλούντων.
2029 3265 2103 3320 Τὸ

518 3346 628 3417 γάρ
657 3346 849 3417 μαθεῖν
881 3349 963 3403 ὅτι
990 3351 1086 3404 καὶ
1109 3355 1438 3423 πειρασμοῖς
1462 3354 1756 3426 περιέπεσε
1792 3356 1887 3411 καὶ
1904 3357 2101 3429 ηνεγκε

517 3441 806 3509 γενναίως,
856 3441 1013 3497 τοῦτο
1063 3444 1429 3516 πιστουμένου
1475 3441 1544 3519 ἦν
1602 3447 1667 3501 τὸ
1720 3450 1978 3521 πρᾶγμα,
2009 3451 2105 3505 καὶ

519 3534 873 3606 ἀνορθοῦντος
894 3535 993 3600 τὰς
1019 3536 1243 3591 ἐκείνων
1263 3537 1463 3610 ψυχάς.
1862 3578 1869 3587 .

587 3626 714 3682 Σὺν
756 3628 1074 3697 Ὀνησίμῳ,
1105 3629 1259 3700 φησί,
1317 3628 1399 3695 τῷ
1445 3629 1731 3699 ἀγαπητῷ
1770 3632 1867 3688 καί
1910 3631 2105 3699 πιστῷ

517 3711 781 3780 ἀδελφῷ.
830 3712 1084 3781 Ἀδελφὸν
1106 3712 1199 3765 τὸν
1226 3712 1414 3766 δοῦλον
1435 3715 1464 3767 6
1490 3713 1704 3780 Παῦλός
1734 3732 1919 3784 φησιν·
1960 3716 2104 3770 εἰκό-

516 3819 647 3866 τως·
664 3804 800 3856 ὅπου
819 3820 884 3871 γε
906 3805 1001 3857 καὶ
1023 3805 1215 3857 ἐαυτὸν
1241 3802 1428 3857 δοῦλον
1458 3803 1712 3875 ὀνομάζει
1737 3805 1846 3858 τῶν
1876 3805 2102 3862 πιστῶν.

520 3890 958 3963 Κατενέγκωμεν
1009 3893 1210 3957 πάντες
1258 3893 1352 3947 τὸν
1399 3890 1593 3963 τῦφον,
1625 3896 2104 3966 καταπατήσωμεν

518 3980 617 4053 τὴν
645 3979 989 4045 ἀλαζονείαν.
1026 3981 1223 4037 Δοῦλον
1250 3984 1505 4054 ὀνομάζει
1556 3985 1750 4038 ἐαυτὸν
1778 3983 2013 4049 Παῦλος,
2076 3988 2105 4041 ό

515 4072 619 4145 τῆς
638 4074 965 4145 οἰκουμένης
988 4074 1236 4142 ἀντάξιος
1263 4074 1358 4129 καὶ
1388 4074 1599 4147 μυρίων
1631 4076 1893 4148 οὐρανῶν,
1926 4078 2020 4131 καὶ
2040 4080 2103 4132 σὺ

524 4167 668 4239 μέγα
706 4170 955 4240 φρονεῖς;
993 4168 1022 4221 6
1047 4167 1227 4223 πάντα
1258 4167 1407 4237 άγων
1435 4168 1530 4222 καὶ
1578 4168 1757 4239 φέρων
1783 4168 1859 4233 ὡς
1889 4169 2102 4241 ἤθελεν,

514 4262 549 4314 '6
569 4260 639 4315 τὰ
664 4262 907 4328 πρωτεῖα
935 4259 1074 4332 ἔχων
1106 4260 1164 4313 ἐν
1211 4262 1277 4332 τῇ
1319 4258 1568 4332 βασιλείᾳ
1611 4259 1722 4314 τῶν
1756 4260 2026 4333 οὐρανῶν,
2076 4264 2105 4316 6

520 4352 988 4422 ἐστεφανωμένος,
1016 4353 1044 4405 6
1064 4351 1142 4415 είς
1164 4351 1347 4424 τρίτον
1387 4349 1628 4405 ἀνελθὼν
1670 4350 1919 4423 οὐρανὸν,
1979 4352 2104 4417 τοὺς

518 4444 738 4508 δούλους
766 4443 1031 4514 ἀδελφοὺς
1063 4442 1237 4510 καλεί,
1276 4444 1371 4498 καὶ
1416 4441 1756 4508 συνδούλους.
1789 4444 1900 4497 Ποῦ
1935 4446 1970 4516 ἡ
1998 4463 2102 4517 μα·

524 4538 645 4604 νίας
672 4536 777 4590 ποῦ
809 4538 844 4606 ὴ
869 4535 1190 4600 ἀλαζονείας
1223 4534 1411 4599 Οὕτως
1460 4533 1775 4601 ἀξιόπιστος
1806 4537 2032 4605 γέγονεν
2078 4540 2107 4591 6

535 4630 864 4699 Ὀνήσιμος,
920 4626 1067 4681 ὥστε
1119 4627 1215 4681 καὶ
1270 4625 1498 4681 τοιαῦτα
1555 4625 1929 4682 πιστεύεσθαι.
1996 4629 2106 4683 Κιιί

524 4718 784 4788 Μάρκος,
803 4718 987 4791 φησὶν,
1017 4721 1051 4773 ό
1077 4717 1329 4787 ἀνεψιὸς
1358 4716 1677 4787 Βαρνάϐα,·
1710 4719 1844 4787 περὶ
1867 4715 1939 4775 οὗ
1966 4719 2103 4774 ἐλα-

522 4818 655 4871 ϐετε
675 4814 948 4881 ἐντολάς·
972 4813 1232 4880 δέξασθε
1261 4814 1467 4868 αὐτόν.
1491 4814 1649 4876 Ἴσως
1682 4812 1833 4885 παρά
1854 4814 2109 4886 Βαρνάϐα

525 4909 747 4972 ἐντολὰς
775 4906 987 4961 ἔλαϐον.
1024 4909 1088 4961 Οἰ
1116 4905 1287 4972 ὄντες
1318 4905 1388 4959 ἐκ
1417 4902 1757 4974 περιτομῆς.
1793 4906 2107 4960 Καταστέλ-

526 5000 610 5054 λει
633 4998 743 5053 τῶν
779 4998 1051 5052 Ἰουδαίων
1095 4997 1158 5051 τὸ
1205 4996 1451 5069 φύσημα·
1485 4997 1702 5067 ἐπαίρει
1746 4996 1952 5051 τούτων
2005 4998 2104 5062 τὰς

528 5089 726 5162 ψυχὰς,
745 5088 827 5142 ὅτι
846 5085 1015 5155 ὀλίγοι
1039 5085 1136 5157 μὲν
1164 5086 1231 5138 ἐκ
1270 5084 1597 5157 περιτομῆς,
1626 5086 1676 5139 οἰ
1705 5086 1765 5139 δὲ
1790 5085 2005 5151 πλείους
2044 5087 2109 5139 ἐκ

528 5182 636 5236 τῶν
671 5180 860 5235 ἐθνῶν.
893 5178 1120 5243 ΟΖτινες
1166 5175 1546 5246 ἐγενήθησάν
1593 5194 1715 5247 μοι,
1761 5178 1914 5250 φησὶ,
1964 5192 2111 5248 παρ-

529 5273 758 5343 ηγορία.
778 5275 844 5326 Δε
853 5271 1059 5325 ίκνυσιν
1075 5268 1266 5323 ἐαυτὸν
1281 5268 1339 5321 ἐν
1352 5270 1675 5342 πειρασμοῖς
1689 5268 1818 5323 ὄντα
1832 5268 2107 5340 μεγάλοις.

535 5365 697 5416 Ὥστε
729 5361 1036 5416 οὐδὲτοῦτο
1081 5359 1304 5432 μικρόν·
1354 5359 1484 5413 ὅταν
1514 5360 1642 5424 τοὺς
1697 5357 1885 5429 ἁγίους
1928 5376 2108 5433 παρα-

534 5454 788 5524 καλῶμεν
804 5453 896 5507 καὶ
917 5451 1188 5524 παρουσίᾳ
1212 5450 1309 5504 καὶ
1338 5449 1484 5521 λόγῳ
1509 5451 1603 5504 καὶ
1624 5450 1968 5523 προσεδρείᾳ,
1984 5451 2111 5505 ὅταν

534 5543 1039 5615 συγκακουχώμεθα
1072 5544 1205 5614 (τοῖς
1238 5542 1478 5613 δεσμίοις
1504 5541 1635 5615 γὰρ,
1668 5543 1853 5614 φησιν,
1881 5542 1956 5607 ὡς
1983 5560 2110 5598 συν-

532 5637 847 5710 δεδεμένοι)·
879 5637 1004 5691 ὅταν
1029 5637 1098 5690 τὰ
1126 5634 1346 5691 ἐκείνοιν
1380 5636 1624 5709 ἡμέτερα
1655 5634 1896 5707 ποιῶμεν
1940 5635 2107 5709 πάθη,

539 5730 633 5781 καὶ
661 5729 719 5780 ἐν
750 5729 864 5789 τοῖς
897 5727 1181 5796 στεφάνοις
1219 5729 1643 5799 κοινωνήσομεν.
1681 5727 1792 5798 Οὐχ
1822 5726 2109 5799 εἰλκύσθης

542 5818 621 5879 εις
650 5817 711 5871 τὸ
740 5816 992 5885 στάδιον;
1039 5819 1100 5871 οὐ
1154 5818 1398 5889 καθῆκας
1442 5820 1521 5884 εἰς
1553 5817 1642 5874 τὸν
1696 5818 1916 5888 ἀγῶνας
1949 5819 2107 5884 ἀλλος

1232 339 1309 428 εξ
1330 370 1633 426 summus-
1652 371 1832 424 cum
1845 371 2138 427 sosrozm
2181 372 2507 429 Αιιοιιιερ.
2544 370 3108 433 CONSTANTINOP.

3696 377 3804 436 378

2208 487 2531 554 ἀπεδύσατο,
2558 488 2715 555 ἀλλος
2744 489 2987 546 παλαίει.
3031 489 3171 545 Ἀλλ’
3192 490 3287 546 ἐὰν
3316 487 3500 564 θέλῃς,
3536 495 3801 567 κοινωνήο

2210 596 2323 643 σεις
2352 581 2447 634 καὶ
2475 583 2560 635 σύ·
2591 583 2812 654 ἄλειψον
2834 584 3063 649 ἐκεῖνον,
3108 583 3269 653 γενοῦ
3302 584 3469 638 αὐτοῦ
3517 583 3672 658 [409]
3706 606 3798 656 φι-

2207 665 2378 736 λητὴς
2435 668 2531 721 καὶ
2580 667 2924 741 σπουδαστὴς
2949 710 2965 736 ,
3044 668 3245 733 ἔξωθεν
3310 668 3510 723 ἐπιϐόα
3562 669 3798 741 μεγάλα,

2208 748 2443 820 διέγειρε
2495 751 2594 822 τὴν
2633 751 2885 816 δύναμιν,
2931 750 3157 805 ἀνακτῶ
3207 751 3307 823 τὴν
3354 750 3556 823 ψυχήν.
3607 752 3800 807 Ταῦτα

2209 832 2303 886 ἐπὶ
2329 833 2439 886 τῶν
2467 834 2641 888 ἄλλων
2668 835 2926 889 ἁπάντων
2982 834 3229 903 γίνεσθαι
3279 834 3592 889 ἀκόλουθον.
3649 836 3802 889 Παῦ-

2208 917 2301 981 λος
2331 918 2439 989 γάρ
2487 919 2585 972 οὐκ
2617 919 2810 983 ἐδεῖτο,
2867 918 2988 973 ἀλλ’
3044 919 3291 983 ἐκείνους
3333 918 3582 990 ἐπαίρων
3641 918 3799 989 ἔλεγε

2208 1000 2401 1055 ταῦτα.
2424 1000 2496 1054 Σὺ
2519 1001 2699 1055 τοίνυν
2725 1003 2818 1055 ἐπὶ
2848 1001 2957 1054 τῶν
2987 1001 3165 1056 ἄλλων
3218 1001 3475 1056 ἁπάντων
3498 1003 3624 1066 τοὺς
3667 1001 3799 1073 βου-

2210 1083 2476 1154 λομένους
2518 1082 2770 1148 κακίζειν
2815 1084 3159 1154 ἐπιστόμιζε,
3220 1083 3599 1149 κατασκεύαζε
3645 1086 3801 1156 αὐτῷ

2209 1167 2468 1239 ἐραστὰς,
2497 1167 2756 1232 ὑπόδεξαι
2808 1167 3019 1232 ἐξιόντα
3074 1168 3217 1239 μετά
3266 1168 3473 1238 πολλῆς
3502 1169 3605 1238 τῆς
3629 1168 3799 1241 θερα-

2211 1255 2392 1319 πείας·
2424 1255 2569 1308 οὕτω
2603 1256 2959 1325 κοινωνήσεις
3014 1254 3127 1309 τῶν
3160 1255 3459 1325 στεφάνων,
3515 1256 3664 1310 οὕτω
3693 1258 3801 1327 τῆς

2207 1337 2386 1409 δόξης·
2417 1336 2518 1391 κᾶν
2553 1337 2720 1408 μηδὲν
2748 1337 2935 1408 ἕτερον
2968 1338 3218 1409 ποιήσῃς,
3272 1339 3443 1409 ἡσθῇς
3467 1338 3525 1393 δέ
3554 1341 3648 1393 ἐπὶ
3680 1345 3801 1405 τοῖς

2209 1422 2545 1491 γενομένοις,
2594 1422 2688 1476 καὶ
2713 1420 2885 1484 οὕτως
2928 1419 3292 1492 ἐκοινώνησας
3340 1422 3438 1492 οὐχ
3469 1421 3545 1487 ὡς
3580 1422 3796 1495 ἔτυχεν·

2209 1508 2534 1577 εἰσήνεγκας
2555 1505 2666 1576 γὰρ
2691 1507 2936 1577 ἀγάπην,
2964 1506 3027 1559 τὸ
3076 1506 3297 1561 πάντων
3323 1506 3623 1577 κεφάλαιον
3685 1508 3799 1562 τῶν

2209 1588 2453 1659 ἀγαθῶν.
2502 1590 2567 1642 Εἰ
2599 1590 2709 1662 γὰρ
2737 1590 2788 1642 οἱ
2834 1588 3117 1653 κλαίοντες
3160 1588 3380 1643 δοκοῦσι
3418 1588 3522 1643 ττοῦ
3563 1590 3800 1655 πένθους

2210 1675 2510 1739 κοινωνεῖν,
2571 1673 2668 1727 καὶ
2723 1673 2937 1745 μεγάλα
3001 1672 3318 1744 χαρίζονται
3348 1674 3463 1738 τοῖς
3511 1672 3795 1738 πενθοῦσι,

2210 1755 2397 1810 καὶτὸ
2427 1755 2562 1810 πολὺ
2599 1756 2702 1826 τῆς
2757 1756 2951 1826 ὀδύνης
3000 1756 3320 1827 ἀφαιροῦσι,
3375 1755 3554 1827 πολλῷ
3593 1757 3799 1828 μᾶλλον

2209 1841 2305 1895 καὶ
2332 1842 2383 1896 οἰ
2419 1839 2703 1911 χαίροντες
2749 1838 2973 1910 μείζονα
3000 1838 3218 1895 ποιοῦσι
3257 1839 3356 1913 τὴν
3386 1839 3600 1912 ἡδονήν.
3629 1841 3797 1894 Ὅσον

2207 1928 2321 1997 γὰρ
2351 1924 2521 1979 κακὸν
2555 1925 2616 1978 τὸ
2642 1924 2716 1996 μὴ
2731 1925 2876 1996 ἔχειν
2905 1926 3032 1989 τοὺς
3081 1923 3575 1996 συλλυπουμένους,
3627 1925 3795 1979 ἄκουε

2206 2008 2300 2064 τοῦ
2323 2009 2609 2080 Προφήτου
2628 2007 2899 2077 λέγοντος·
2924 2008 3034 2062 Καὶ
3057 2007 3349 2078 ὑπέμεινα
3367 2010 3794 2078 συλλυπεύμε-

2205 2108 2340 2156 νον,
2366 2090 2466 2145 καί
2494 2092 2610 2161 οὐχ
2637 2091 2895 2161 ὑπῆρξε.
2944 2091 3046 2145 Διά
3072 2091 3231 2146 τοῦτο
3260 2091 3354 2145 καὶ
3384 2092 3599 2158 Παῦλός
3629 2110 3786 2163 φησι·

2206 2175 2445 2242 Χαίρειν
2463 2173 2614 2244 μετὰ
2624 2177 2973 2246 χαιρόντων,
2993 2174 3093 2229 καί
3125 2175 3360 2230 κλαίειν
3374 2176 3527 2246 μετὰ
3554 2177 3793 2231 κλαιόν-

2206 2273 2345 2311 των.
2368 2256 2613 2329 Αὐξησον
2633 2258 2732 2331 τὴν
2762 2259 2978 2330 ἡδονήν·
3024 2258 3089 2313 ἃν
3114 2258 3231 2330 ἴδῃς
3248 2258 3342 2312 τὸν
3380 2258 3607 2329 ἀδελφὺν
3645 2259 3792 2313 εὐδο-

2206 2341 2491 2411 κιμοῦντα,
2513 2344 2588 2416 μὴ
2613 2345 2794 2416 εἴπῃς,
2825 2342 3115 2416 Ἐκείνουή
3136 2344 3507 2415 εὐδοκίμησις,
3521 2343 3631 2413 ἐγὼ
3649 2344 3793 2408 τίνος

2204 2423 2390 2479 ἐνεκεν
2421 2425 2596 2496 χαίρω
2622 2445 2638 2494 ;
2675 2427 2778 2481 οὐκ
2805 2426 3035 2498 ἀδελφοῦ
3086 2426 3263 2483 ταῦτα
3289 2427 3357 2481 τά
3380 2428 3624 2499 ῥήματα,
3654 2426 3793 2482 άλλά

2205 2506 2488 2578 πολεμίου.
2527 2510 2623 2564 Ἂν
2662 2508 2845 2582 θέλῃς,
2874 2510 2978 2564 οὐκ
3028 2510 3240 2565 ἐκείνου
3277 2509 3448 2575 ἐστὶν,
3500 2508 3637 2563 ἀλλά
3671 2509 3790 2563 σοῦ·

2207 2590 2273 2642 σὺ
2296 2588 2486 2660 κύριος
2514 2591 2737 2662 ποιῆσαι
2769 2590 2943 2667 αὐτὴν
2981 2591 3306 2663 μείζονα,ἂν
3331 2591 3407 2663 μὴ
3429 2591 3680 2663 κατηφὴς
3700 2588 3791 2665 ᾗς,

2206 2672 2321 2726 ἀλλ’
2353 2672 2546 2745 ἡσθῇς,
2578 2674 2645 2728 ἂν
2675 2674 2901 2746 φαιδρὸς
2939 2675 3095 2747 γένῃ,
3124 2675 3191 2730 ἂν
3228 2676 3630 2746 γεγανωμένος.
3678 2675 3796 2728 Καὶ

2203 2756 2286 2810 ὃτι
2305 2755 2478 2820 οὕτως
2503 2756 2615 2827 ἔχει
2639 2756 2699 2810 τὸ
2729 2758 2982 2828 πρᾶγμα,
3012 2758 3221 2815 ἐκεῖθεν
3249 2758 3420 2831 δῆλον·
3445 2759 3506 2811 Ol
3528 2756 3798 2828 φθονοῦν-

2203 2856 2295 2903 τες
2330 2840 2430 2893 οὐκ
2458 2839 2689 2904 ἐκείνοις
2720 2839 2976 2909 φθονοῦσι
3011 2840 3197 2912 μόνοις
3245 2844 3359 2906 τοῖς
3386 2838 3793 2911 εὐδοκιμοῦσιν,

2206 2922 2343 2977 ἀλλὰ
2365 2924 2597 2989 καὶτοῖς
2626 2926 2750 2989 ταῖς
2783 2925 3011 2979 ἐκείνων
3059 2924 3445 2997 εὐδοκιμήσεσι
3480 2925 3791 2996 χαίρουσιν·
3886 2986 3891 2989 ,

2205 3007 2379 3073 οὕτως
2408 3009 2588 3062 ῐσασιν
2620 3010 2705 3065 ὅτι
2732 3009 2828 3063 καὶ
2860 3000 3010 3062 οὗτοι
3048 3009 3107 3062 ἐν
3159 3011 3227 3081 τῇ
3257 3008 3609 3080 εὐδοκιμήσει
3655 3008 3789 3075 εἰσὶ,

2206 3092 2304 3147 καὶ
2339 3086 2484 3147 οὗτοι
2545 3093 2782 3163 μάλιστά
2821 3094 2961 3147 εἰσιν
3003 3094 3052 3147 οἰ
3100 3092 3511 3165 σεμνυνόμενοι.
3555 3093 3792 3158 Ἐκεῖνος

2208 3175 2309 3245 μὲν
2335 3176 2443 3247 γὰρ
2465 3176 2560 3230 καὶ
2583 3177 2811 3249 ἐρυθριᾷ
2841 3176 3043 3249 σφόδρα
3095 3175 3601 3248 ἐγκωμιαζόμενος·
3637 3172 3793 3239 οὗτος

2202 3261 2261 3314 δέ
2318 3260 2457 3331 μετά
2506 3261 2707 3331 πολλῆς
2749 3261 2851 3332 τῆς
2892 3261 3087 3333 ἡδονῆς
3138 3258 3625 3331 ἐγκαλλωπίζεται.
3679 3260 3793 3332 Οὐχ

2170 3376 2175 3381 -
2204 3350 2367 3418 ὁρᾶτε
2396 3348 2489 3401 ἐπὶ
2520 3347 2630 3402 τῶν
2654 3346 2910 3421 ἀθλητῶν
2950 3348 3069 3412 πῶς
3095 3349 3125 3402 6
3176 3349 3274 3421 μὲν
3327 3345 3710 3420 στεφανοῦται,
3761 3349 3793 3401 6

2203 3434 2261 3488 δέ
2288 3434 2347 3488 οὐ
2377 3434 2776 3505 στεφανοῦται;
2825 3438 2860 3508 ἡ
2907 3435 2966 3490 δὲ
2994 3436 3155 3508 ὀδύνη
3208 3437 3305 3491 καὶ
3337 3436 3484 3509 χαρά
3520 3435 3630 3489 τῶν
3658 3436 3794 3507 ἐρα-

2201 3524 2349 3577 στῶν
2398 3524 2515 3578 ἐστι
2568 3524 2662 3577 καὶ
2719 3523 2828 3579 τῶν
2884 3524 3205 3597 μισούντων·
3268 3526 3466 3578 ἐκεῖνοι
3523 3521 3791 3594 πηδῶσιν,

2206 3612 2407 3665 ἐκεῖνοι
2450 3612 2764 3683 σκιρτῶσιν.
2822 3612 2963 3683 Ὅρα
3009 3611 3176 3666 πόσον
3231 3612 3350 3665 ἐστὶ
3404 3609 3464 3665 τὸ
3513 3610 3589 3683 μὴ
3662 3610 3795 3680 φθο⁴

2204 3702 2337 3755 νεῖν·
2388 3700 2576 3773 ἐτέρου
2626 3702 2654 3755 6
2697 3701 2877 3765 πόνος,
2910 3700 3005 3755 καὶ
3036 3699 3131 3755 σοῦ
3158 3702 3193 3772 ἡ
3240 3700 3426 3771 ἡδονή·
3486 3699 3677 3770 ἕτερος
3698 3698 3798 3752 τὸν

2208 3789 2472 3860 στέφανον
2503 3788 2830 3860 περίκειται,
2869 3790 2962 3842 καὶ
3004 3789 3067 3843 σύ
3125 3789 3370 3860 σκιρτᾷς,
3407 3785 3473 3840 σὺ
3510 3784 3794 3855 ἐγκαλλω-

2206 3874 2361 3945 πίζῃ.
2398 3872 2534 3927 Εἰπέ
2563 3873 2673 3944 γάρ
2704 3889 2816 3944 μοι,
2849 3872 3008 3937 ἄλλος
3055 3872 3329 3944 νενίκηκε,
3384 3871 3450 3925 σὺ
3488 3868 3542 3923 τί
3575 3868 3793 3941 πηδᾷςς

2218 3960 2359 4015 Ἀλλ’
2395 3960 2541 4014 ῖσασι
2570 3960 2813 4014 κάκεῖνοι
2840 3958 3040 4026 καλῶς,
3072 3960 3155 4014 ὃτι
3180 3959 3360 4013 κοινὸν
3386 3958 3448 4011 τδ
3473 3956 3795 4028 γενόμενον.

2206 4048 2307 4102 Διά
2326 4045 2484 4102 τοῦτο
2508 4045 2681 4118 τούτῳ
2709 4047 2810 4118 μὲν
2843 4046 2946 4100 οὐκ
2974 4045 3297 4115 ἐγκαλοῦσιν
3340 4046 3391 4098 οἰ
3443 4044 3793 4114 φθονοῦντες,

2208 4134 2506 4207 πειρῶνται
2560 4133 2617 4189 δὲ
2655 4134 3015 4189 καταϐάλλειν
3036 4133 3133 4205 τὴν
3183 4133 3361 4201 νίκην·
3412 4132 3508 4186 καὶ
3567 4130 3797 4195 ἀκούεις

2209 4225 2429 4294 ῥήματα
2458 4219 2683 4275 τοιαῦτα
2709 4221 2977 4291 λεγόντων
3003 4220 3181 4274 αὐτῶν
3202 4236 3217 4251 ·
3237 4218 3527 4290 Ἐεήλειψά
3556 4234 3639 4283 σε,
3669 4221 3791 4282 καὶ,

2208 4310 2525 4366 Κατέϐαλόν
2553 4328 2631 4365 σε·
2658 4310 2838 4366 καίτοι
2888 4326 2954 4380 γε
3001 4308 3191 4381 ἐτέρου
3233 4310 3294 4362 τὸ
3320 4307 3501 4381 ἔργον,
3538 4306 3677 4361 ἀλλὰ
3724 4308 3796 4361 τὸ

2207 4397 2482 4471 ἐγκώμιον
2531 4398 2643 4454 σόν.
2672 4400 2735 4453 Εἰ
2766 4398 2826 4451 δέ
2855 4399 2915 4453 ἐν
2939 4399 3054 4461 τοῖς
3077 4395 3276 4463 ἔξωθεν
3303 4394 3558 4451 τοσοῦτον
3582 4395 3794 4464 ἀγαθὸν

2208 4491 2271 4544 τὸ
2304 4489 2379 4561 μὴ
2404 4489 2639 4560 φθονεῖν,
2698 4488 2816 4544 ἀλλ’
2851 4487 3185 4543 οἰκειοῦσθαι
3227 4485 3294 4541 τὰ
3346 4488 3536 4558 ἐτέρου
3582 4486 3792 4555 ἀγαθά,

2210 4577 2390 4648 πολλῷ
2419 4577 2621 4649 μᾶλλον
2658 4577 2751 4631 ἐπὶ
2779 4579 2845 4649 τῇ
2870 4577 2995 4648 νίκῃ
3041 4576 3139 4631 τοῦ
3180 4575 3449 4629 διαϐόλου·
3503 4574 3624 4629 τότε
3679 4574 3793 4646 γὰρ

2212 4666 2333 4720 καθ’
2365 4666 2521 4738 ἡμῶν
2541 4665 2702 4719 πλέον
2729 4667 2874 4729 πνεῖ,
2899 4663 3143 4734 δηλονότι
3184 4663 3259 4727 ὡς
3301 4661 3461 4716 πλέον
3489 4662 3789 4733 ἡδομένων.

2209 4754 2404 4809 Καίτοι
2432 4771 2495 4823 γε
2526 4753 2720 4823 μιαρὸς
2759 4751 2837 4806 ὢν
2861 4747 3001 4806 οἶδεν
3022 4750 3267 4824 ἀκριϐῶς
3290 4752 3374 4807 ὅτι
3406 4750 3615 4823 μεγάλη
3646 4749 3796 4821 αῦτη

2207 4840 2242 4909 ἡ
2268 4837 2450 4909 ἡδονή.
2478 4835 2671 4900 Θέλεις
2692 4835 2856 4890 αὐτὸν
2879 4836 3155 4908 λυπῆσαι;
3204 4836 3404 4908 ἦσθητι
3432 4834 3528 4889 καὶ
3564 4834 3792 4907 χάρηθι.

2209 4924 2398 4988 Θέλεις
2427 4923 2589 4979 αὐτὸν
2614 4922 2912 4993 εὐφρᾶναι;
2970 4922 3295 4994 σκυθρωπὸς
3346 4922 3526 4993 γενοῦ·
3574 4924 3676 4992 τὴν
3723 4923 3798 4976 ὲκ

2208 5016 2308 5084 τῆς
2335 5012 2492 5083 νίκης
2549 5010 2644 5065 τοῦ
2678 5009 2908 5081 ἀδελφοῦ
2938 5010 3238 5083 γενομένην
3274 5009 3426 5081 αὐτῷ
3452 5009 3632 5081 λύπην
3669 5009 3799 5062 ἐπιο

2209 5101 2487 5171 κουφίζεις
2509 5100 2597 5154 διὰ
2628 5100 2729 5171 τῆς
2750 5100 2851 5172 σῆς
2871 5097 3129 5170 ἀθυμίας·
3182 5101 3303 5171 μετ’
3327 5099 3537 5153 ἐκείνου
3571 5098 3800 5152 ῖστασαι
3848 5144 3853 5153 .

2210 5189 2561 5263 ἀποσχισθεὶς
2586 5189 2681 5243 τοῦ
2709 5187 2959 5259 ἀδελφοῦ·
2987 5187 3227 5260 μεῖζονῆ
3254 5189 3460 5252 ἐκεῖνος
3489 5189 3667 5251 ποιεῖς
3695 5205 3799 5241 κα-

2211 5282 2325 5334 κόν.
2359 5280 2435 5333 Οὐ
2465 5279 2573 5351 γάρ
2607 5279 2755 5332 ἐστιν
2803 5278 2918 5332 ίσον
2954 5275 3150 5349 ἐχθρὸν
3184 5275 3314 5330 ὄντα
3339 5274 3409 5329 τὰ
3432 5274 3542 5329 τῶν
3580 5273 3800 5347 ἐχθρῶν

2213 5371 2409 5437 ποιεῖν,
2436 5364 2719 5447 καιλιιο]
2754 5365 2910 5434 φίλον
2951 5363 3081 5418 ὄντα
3108 5363 3246 5447 μετὰ
3264 5361 3372 5418 τῶν
3399 5362 3612 5447 ἐχθρῶν
3640 5363 3801 5416 ἵστα-

2214 5454 2358 5507 σθαι·
2398 5444 2555 5515 οῦτος
2576 5450 2686 5504 τῶν
2716 5448 2927 5520 ἐχθρῶν
2953 5446 3311 5519 μιαρώτερος.
3348 5447 3412 5502 Εἰ
3436 5444 3802 5516 εὐδοκίμησεν

2210 5538 2241 5589 6
2269 5535 2515 5606 ἀδελφὸς,
2545 5533 2580 5605 ἢ
2616 5533 2807 5602 λέγων,
2833 5531 2867 5602 ἢ
2891 5530 3330 5604 ἐπιδεικνύμενος
3348 5542 3396 5598 ι,
3429 5529 3463 5601 ἢ
3487 5528 3798 5601 κατορθῶν,

2280 5823 2307 5852 ⁸
2330 5819 2479 5882 Mars.
2502 5816 2647 5867 Savil.
2677 5813 3021 5874 ἐπαινούμενος.
