4064 6210
353 287 462 343 377

354 404 523 458 lestus
552 411 711 469 quam
746 395 919 466 juvat.
949 394 1310 465 Quamobrem
1352 405 1564 467 oportet
1593 396 1789 466 ubique
1819 410 1940 471 esse

354 492 596 548 modum.
627 489 740 547 Nec
762 490 842 545 sis
868 488 1038 544 tristis
1067 497 1124 544 et
1150 496 1306 544 torvo
1333 488 1515 553 vultu;
1558 497 1643 543 est
1684 488 1827 543 enim
1859 488 1941 542 in-

350 585 683 656 iucundum:
711 596 889 652 neque
933 579 1164 636 dill‘usus
1213 595 1277 635 ae
1319 579 1644 645 dissolutus;
1685 589 1771 634 est
1798 580 1940 633 enim

351 677 633 749 despectui
663 676 993 741 obnoxium;
1035 674 1130 729 scd
1172 675 1449 743 utriusque
1472 685 1692 743 accepta
1724 674 1937 737 virtute,

351 772 477 843 fuge
501 771 708 833 vitium,
740 768 881 823 sicut
908 767 1025 837 apis
1066 765 1224 835 hujus
1250 766 1466 836 quidem
1496 766 1734 820 ltetitiam
1757 775 1806 818 et
1830 765 1943 818 ala-

347 868 623 929 critatem,
647 863 791 917 illius
812 875 942 915 vero
972 874 1201 929 carpens
1223 860 1566 929 gravitatem.
1598 857 1800 913 Nam-si
1828 872 1940 912 nie-

348 960 517 1013 diuus
537 972 653 1012 non.
668 955 919 1009 similiter
948 952 1196 1007 omnibus
1226 953 1392 1010 utitur
1409 951 1745 1022 corporibus,
1769 949 1940 1003 nmlto

350 1050 523 1119 magis
552 1046 844 1118 magister:
878 1059 1200 1115 quamquam
1232 1059 1339 1098 non
1368 1043 1741 1098 convenientia
1773 1040 1940 1095 medi-

348 1150 594 1195 camenta
627 1142 802 1208 magis
828 1136 1053 1191 tulerint
1066 1151 1319 1205 corpora,
1348 1151 1506 1206 quam
1536 1136 1939 1189 animasmno-

352 1250 497 1287 nem.
527 1229 1120 1302 Verbi.gratia,.aceedit
1148 1228 1391 1293 Graecus,
1418 1236 1473 1283 et
1499 1227 1594 1282 tibi
1621 1227 1683 1281 fit
1698 1223 1936 1281 amicus?

350 1326 417 1378 de
457 1325 553 1378 illa
593 1339 653 1379 re
697 1337 817 1377 cum
850 1321 966 1390 ipso
1008 1319 1144 1375 nihil
1198 1320 1539 1382 disserueris,
1596 1317 1769 1373 donec
1813 1331 1934 1371 cum

347 1434 413 1472 eo
446 1426 634 1472 tecum
653 1413 1030 1483 magna-fuerit
1055 1412 1317 1477 amicitia;
1347 1420 1400 1465 et
1429 1426 1567 1465 cum.
1588 1410 1770 1475 luerit,
1807 1423 1935 1478 pau-

349 1512 517 1566 latim.

418 1605 473 1658 5.
517 1601 654 1657 Vide
680 1599 895 1670 quando
944 1598 1142 1652 Paulus
1187 1597 1328 1651 venit
1374 1595 1635 1660 Athenas,
1665 1593 1937 1665 quomodo

348 1710 472 1748 cum
494 1693 575 1749 eis
597 1691 919 1749 disserebat.
948 1688 1064 1743 Non
1092 1688 1323 1751 dicebat,
1353 1687 1398 1743 0
1427 1688 1673 1743 scelerati
1703 1698 1759 1742 et
1780 1686 1941 1756 plane

345 1785 692 1842 exsecrandi!
723 1783 815 1839 sed
844 1783 1004 1854 quid?
1036 1780 1144 1836 Viri
1166 1782 1515 1847 Athenienses,
1538 1797 1633 1836 vos
1651 1798 1740 1849 per
1767 1782 1939 1834 omnia

343 1879 495 1931 video
520 1893 626 1933 esse
652 1875 1371 1947 lamquamsupcrstitiosiares
1398 1875 1533 1946 (Act.
1563 1877 1650 1929 l7.
1670 1872 1783 1945 22).
1802 1874 1939 1930 Bur-

348 1948 447 2024 sus
476 1967 690 2038 quando
735 1966 945 2038 probris
971 1965 1259 2035 Oportebat.
1292 1965 1526 2031 afﬁcere,
1572 1982 1679 2020 non
1716 1980 1935 2021 recusa-

345 2062 446 2126 vit,
497 2060 603 2114 sed.
642 2074 760 2114 cum
810 2073 1015 2128 magna:
1041 2059 1375 2114 vehementia
1426 2059 1637 2115 dicebat
1683 2059 1931 2130 Elymm:

343 2154 510 2210 Picus
537 2154 676 2208 omni
716 2151 910 2207 dulce:
938 2153 1076 2206 omni
1117 2152 1345 2221 fallacia,
1380 2154 1458 2221 ﬁli
1500 2154 1938 2221 diuboli,inimicc

342 2248 513 2300 omnis
534 2246 751 2318 iustitia
782 2243 943 2315 (Ibid.
979 2246 1066 2303 l5.
1106 2244 1218 2314 10).
1251 2244 1551 2300 Nantsieut
1589 2245 1711 2311 illo;
1737 2244 1935 2315 probro

343 2338 594 2394 al‘l‘ecisse
638 2338 956 2408 insipientia:
991 2336 1216 2403 fuisset,
1264 2337 1334 2391 ita
1378 2336 1519 2392 hunc
1556 2336 1936 2392 non-allecisse

343 2433 537 2487 fuisset
557 2430 735 2501 pusilli
763 2442 820 2485 et
845 2429 1051 2499 abjecti-
1073 2429 1256 2484 animi.
1287 2429 1492 2484 Rursus
1510 2470 1539 2493 ,_
1558 2431 1934 2502 uti-magistran

345 2535 455 2579 tum
497 2539 559 2578 es
603 2522 865 2579 adductus
912 2531 1133 2592 propter
1174 2521 1500 2593 negotium?
1558 2521 1755 2578 exhibe
1801 2538 1936 2594 quos

346 2630 443 2685 par
469 2623 553 2671 est
597 2615 851 2671 bentu‘es.
899 2613 1104 2683 Omnia,
1155 2615 1343 2685 inquit,
1381 2631 1496 2679 qua:
1536 2615 1618 2669 In'c
1658 2624 1794 2683 sum,
1846 2631 1935 2670 oo.

342 2707 419 2762 bis
462 2717 585 2761 nota
626 2708 834 2777 facient.
886 2704 997 2761 Cur.
1039 2722 1167 2772 non,
1222 2706 1421 2777 inquit,
1478 2706 1633 2761 simul
1673 2708 1942 2763 venerim?

341 2798 481 2868 Quid
524 2807 609 2855 est
644 2809 852 2863 autem,
890 2798 1085 2855 Omnia.
1101 2797 1238 2854 vobis
1265 2808 1390 2855 uola.
1425 2799 1650 2867 facient?
1692 2798 1802 2853 lloc
1828 2809 1932 2865 est,

345 2892 581 2959 vincula,
625 2900 691 2947 et.
730 2892 831 2949 alia
878 2892 1069 2947 omnia
1105 2906 1226 2961 qua;
1255 2907 1340 2946 me
1381 2890 1633 2946 retinent.
1659 2889 1776 2946 Non
1806 2907 1935 2960 ergo

339 2987 437 3057 qui
473 3001 575 3041 vos
606 2997 739 3056 apto
766 2981 969 3050 videre,
998 2992 1055 3040 et
1093 2985 1247 3041 mitto
1288 2983 1442 3052 alios,
1475 2984 1587 3053 ipse
1616 2984 1931 3050 tardasscm,

342 3080 390 3133 si
421 3093 541 3132 non;
560 3092 657 3132 ιηθο
674 3092 865 3146 magna
895 3077 1153 3132 retineret
1182 3076 1492 3133 necessitas.
1515 3075 1673 3145 Atqui
1696 3092 1801 3130 non
1818 3086 1935 3131 erat

343 3170 450 3227 hoc
483 3170 926 3226 insimulantium.
954 3170 1068 3226 lino
1116 3185 1243 3226 vero
1292 3169 1446 3226 valde
1489 3171 1929 3227 insimulantium.

343 3261 563 3319 Discere
590 3262 737 3317 enim
763 3260 908 3332 quod
933 3272 990 3317 et
1014 3260 1266 3318 inciderit
1296 3262 1347 3318 in
1380 3263 1725 3330 tentationes,
1762 3273 1816 3320 et
1840 3279 1934 3320 eas

342 3354 553 3409 fortiter
580 3361 637 3409 et
656 3368 921 3425 generose
952 3353 1151 3418 tulerit,
1178 3353 1294 3424 ejus
1317 3360 1436 3409 erat
1454 3355 1543 3424 qui
1566 3356 1643 3410 rei
1672 3354 1831 3410 fidem
1854 3357 1933 3409 la-

337 3445 536 3512 eiebat,
568 3456 629 3501 et;
641 3445 1090 3516 erigebateorum
1114 3445 1345 3502 animos.

417 3538 591 3594 Pauli.
617 3541 883 3596 modestia.
913 3570 984 3580 —
1005 3539 1057 3596 9.
1088 3538 1215 3596 Cum
1256 3540 1515 3606 Onesimo,
1548 3541 1736 3611 inquit,
1769 3541 1931 3597 caris-

332 3634 472 3689 simo
505 3641 553 3687 et
578 3634 719 3702 ﬁdeli
743 3634 924 3704 fratre.
954 3633 1178 3690 Servum
1227 3634 1421 3689 Paulus
1447 3634 1572 3689 dicit
1601 3634 1854 3690 fratrem:
1878 3646 1935 3691 et

338 3725 560 3792 merito,
581 3741 704 3780 cum
730 3734 785 3781 et
814 3726 930 3796 ipse
954 3740 1014 3782 se
1032 3741 1245 3783 servum
1272 3726 1510 3782 nominet
1538 3725 1793 3782 fidelium.
1829 3728 1930 3784 De-

336 3820 639 3888 primamus
664 3832 855 3874 omnes
879 3817 1098 3886 fastum,
1121 3819 1498 3875 eoneulcemus
1521 3821 1879 3890 arrogantiam
1913 3838 1929 3876 :

339 3922 559 3965 servum
588 3923 654 3975 se,
678 3911 1158 3977 nominatl’aulus,
1192 3911 1282 3983 qui
1328 3920 1410 3966 est
1456 3914 1624 3969 instar
1652 3912 1799 3968 orbis
1823 3923 1931 3969 ter-

338 4015 523 4055 rarum
552 4008 608 4056 et
631 4002 1391 4070 caeloruminnumerahilium,
1417 4013 1470 4059 et
1495 4014 1547 4059 tu
1575 4005 1741 4061 altum
1764 4007 1931 4076 sapis?

340 4092 447 4161 Qui
482 4093 673 4147 omnia
694 4105 752 4148 ut
777 4095 1012 4162 volebat,
1042 4096 1235 4167 agebat
1261 4105 1317 4151 et
1347 4097 1579 4164 ferebat;
1609 4099 1704 4168 qui
1746 4099 1797 4154 in
1843 4115 1931 4155 re-

335 4198 447 4255 gno
470 4185 727 4240 caelorum
754 4186 968 4255 primas.
985 4186 1220 4255 tenebat,
1252 4188 1342 4258 qui
1373 4188 1467 4244 fuit
1496 4199 1809 4256 coronatus,
1839 4191 1931 4262 qui

339 4279 398 4333 in
439 4279 655 4334 tertium
698 4279 942 4334 ascendit
975 4281 1167 4335 ciuium
1188 4321 1203 4347 ,
1240 4298 1428 4337 servos
1456 4281 1651 4339 fratres
1681 4294 1847 4340 vocat
1876 4295 1932 4341 et

336 4386 655 4428 conservos.
702 4372 803 4428 Ubi
843 4382 929 4428 est
968 4373 1211 4429 insania?
1264 4374 1352 4430 ubi
1396 4378 1738 4446 arrogantia?
1780 4379 1932 4432 Adeo

337 4464 448 4519 llde
475 4464 673 4535 dignus
702 4464 799 4520 fuit
837 4465 1159 4533 Onesimus,
1206 4475 1265 4521 ut
1309 4466 1424 4524 hate
1465 4470 1513 4523 ei
1555 4470 1925 4524 crederentur.

338 4559 431 4613 ιο.
462 4557 529 4612 Et
559 4558 791 4627 Marcus,
835 4561 1029 4631 inquiti,
1059 4561 1387 4617 consobrinus
1426 4561 1696 4617 Barnabas.
1724 4562 1805 4618 De
1831 4581 1929 4635 quo

333 4653 605 4721 accepistis
626 4654 869 4707 mandata
887 4669 908 4708 :
925 4654 1167 4725 suscipite
1184 4655 1351 4709 illum.
1381 4655 1634 4711 Fortasse
1664 4672 1695 4711 a
1725 4656 1926 4715 Barna-

333 4741 402 4798 ba
450 4743 709 4798 mandata
742 4752 1083 4814 acceperant.
1120 4745 1223 4812 Qui
1259 4755 1381 4801 sunt
1415 4762 1479 4801 ea:
1523 4748 1927 4803 circumcisione.

333 4833 654 4903 Comprimit
682 4844 947 4890 tumorem
964 4836 1295 4903 Iudaeorum,
1319 4838 1475 4908 erigit
1496 4853 1679 4893 eorum
1697 4841 1925 4909 animos,

335 4925 477 4994 quod
505 4927 656 4995 pauci
678 4936 862 4983 essent
889 4944 959 4984 ex
979 4928 1407 4994 circumcisione,
1446 4930 1625 4999 plures
1660 4940 1834 4986 autem
1862 4947 1928 4987 ex

332 5018 604 5088 gentibus.
632 5021 723 5076 Η.
754 5021 859 5090 Qui
879 5027 1104 5093 fuerunt,
1129 5023 1318 5093 inquit,
1345 5023 1471 5076 mihi
1492 5024 1695 5078 solatio.
1730 5022 1927 5080 Osten-

331 5111 415 5166 dit
441 5126 499 5167 se
525 5127 648 5168 esse
674 5113 731 5168 in
773 5115 984 5185 magnis
1027 5114 1431 5170 tentationibus.
1481 5114 1667 5184 itaque
1709 5131 1815 5170 non
1845 5125 1929 5172 est

334 5202 441 5258 hoc
471 5218 717 5274 parvum,
746 5206 961 5276 quando
979 5216 1196 5263 sanctos
1216 5209 1558 5264 consolamur
1575 5218 1627 5264 et
1643 5210 1925 5280 praesentia

328 5305 385 5348 et
415 5310 669 5351 sermone
693 5306 752 5352 et
775 5298 1112 5368 assiduitate,
1135 5301 1349 5370 quando
1377 5300 1539 5356 simul
1578 5316 1700 5356 cum
1735 5303 1814 5357 eis
1842 5301 1925 5357 af-

329 5387 603 5459 ﬂigimur:
627 5390 763 5446 Cum
795 5391 988 5447 vinetis
1032 5392 1198 5458 enim,
1237 5393 1431 5465 inquit,
1466 5404 1737 5466 tamquam
1764 5395 1923 5450 simul

327 5479 492 5534 vincti
542 5479 727 5552 (Hebr.
779 5483 868 5538 15.
911 5484 1003 5554 3):
1036 5484 1251 5549 quando
1295 5485 1503 5541 illorum
1549 5486 1923 5556 perpessiones

327 5581 543 5629 nostras
567 5587 690 5629 esse
714 5574 982 5641 dammas,
1005 5580 1058 5631 in
1079 5577 1293 5633 coronis
1314 5593 1525 5650 quoque
1549 5580 1678 5635 socii
1701 5581 1916 5637 erimus.

325 5660 443 5717 Non
485 5677 547 5718 es
576 5672 779 5721 tractus
803 5666 857 5722 in
885 5666 1154 5725 stadium?
1193 5684 1300 5725 non
1330 5670 1653 5728 descendisti
1697 5672 1765 5729 ad
1806 5688 1921 5729 cer-

327 5756 547 5813 tamen?
585 5755 727 5813 alius
765 5755 833 5814 ad
871 5758 1187 5817 luctandum
1215 5775 1274 5818 se
1301 5762 1469 5833 exuit,
1500 5764 1633 5821 alius
1661 5765 1911 5823 luctatur.

1254 252 1317 338 tu
1356 282 1570 339 EPIST.
1613 284 1704 338 Al)
1744 282 2021 342 COLOSS.
2062 285 2217 341 car.
2259 285 2348 342 tv.
2391 287 2606 345 noun.
2648 290 2739 345 XI.

3527 311 3654 370 578-

2047 395 2152 452 Sed
2183 396 2228 451 si
2255 399 2408 466 velis,
2452 409 2506 456 tu
2537 416 2747 472 quoque
2776 402 2888 458 eris
2913 406 3125 462 socius:
3156 427 3291 482 urge
3339 417 3483 474 illum
3514 438 3655 481 cer--

2048 492 2301 556 laturum,
2334 491 2452 559 ejus
2490 491 2565 545 sis
2608 493 2811 547 amicus
2841 504 2894 549 ct
2937 500 3224 568 studiosus,
3268 506 3398 562 foris
3439 526 3651 581 magna

2047 590 2177 632 voce
2206 579 2465 646 exclama,
2498 582 2681 638 excitat
2712 582 2870 652 vires,
2904 602 3085 645 recrea
3126 594 3384 651 animum.
3418 579 3551 657 llaec
3574 606 3626 662 in

2045 668 2166 723 aliis
2193 671 2439 726 omnibus
2466 673 2579 729 fieri
2630 684 2712 731 est
2761 676 3200 744 consentaneum.
3246 690 3448 750 Paulus
3484 700 3631 755 enim

2046 774 2154 815 non
2201 776 2334 832 Opus
2376 761 2626 832 habebat,
2672 768 2766 824 sed
2811 771 2933 827 illos
2970 776 3209 834 excitans
3257 783 3470 841 dicebat
3515 788 3634 848 haec

2044 852 2244 909 omnia.
2275 853 2354 909 Tu
2402 871 2530 927 ergo
2560 862 2616 913 in
2644 861 2763 918 aliis
2806 867 3072 935 omnibus,
3104 886 3289 928 eorum
3323 880 3409 948 qui
3443 882 3629 939 volunt

2043 942 2371 1014 vituperare,
2417 963 2523 1005 ora.
2556 951 2797 1022 obstrue,
2847 973 3071 1027 procura
3120 974 3177 1019 ut
3216 942 3459 1041 sint-qui
3509 991 3629 1030 eum

1999 1107 2004 1112 ι
2042 1044 2243 1133 ament,
2298 1049 2580 1099 exeuntem
2613 1044 2862 1103 ofﬁciose
2879 1060 2933 1105 et
2961 1052 3245 1124 diligenter
3291 1062 3480 1133 excipe
3510 1084 3522 1120 :
3554 1071 3632 1124 sic

2046 1124 2156 1225 eris
2216 1129 2485 1201 particeps
2528 1148 2594 1189 ac
2641 1136 2821 1194 socius
2891 1156 3249 1217 coronarum,
3301 1152 3378 1208 sic
3413 1124 3631 1225 gloria'.

2043 1216 2425 1276 Etiamsinibil
2476 1222 2622 1280 aliud
2661 1229 2858 1298 egeris,
2902 1232 3108 1290 laetatus
3138 1253 3197 1293 es
3223 1216 3397 1297 autem
3422 1216 3532 1301 volt
3562 1265 3626 1302 ea

2041 1324 2164 1377 quae
2198 1309 2336 1367 facta
2356 1324 2500 1381 sunt,
2531 1317 2609 1371 sic
2630 1335 2841 1391 quoque
2866 1339 2972 1380 non
3006 1343 3190 1396 parum
3221 1331 3362 1388 fuisti
3391 1326 3570 1393 socius
3613 1360 3625 1391 :

2041 1401 2265 1456 attulisti
2297 1406 2442 1461 enim
2480 1411 2781 1479 caritatem,
2827 1431 2947 1486 qua:
2976 1414 3079 1475 ‘est
3118 1439 3325 1480 summa
3365 1427 3627 1487 bonorum

2042 1495 2302 1549 oumium.
2332 1496 2539 1555 Namsi
2567 1503 2656 1571 qui
2688 1502 2838 1573 ﬂent,
2868 1508 3114 1566 videntur
3152 1529 3270 1570 esse
3309 1516 3486 1574 luctus
3509 1537 3631 1591 par-

2044 1586 2250 1656 ticipes,
2282 1598 2337 1644 et
2365 1590 2429 1645 iis
2454 1592 2545 1662 qpi
2572 1593 2756 1665 lugent
2779 1599 3001 1656 multum
3032 1605 3416 1676 gratiﬁcantur,
3442 1586 3631 1670 ae-do-

2042 1678 2173 1734 loris
2198 1681 2431 1739 multum
2448 1686 2718 1756 adimunt;
2749 1693 2921 1751 multo
2950 1698 3120 1768 magis
3160 1703 3425 1776 etiamqui
3445 1709 3634 1767 laetati-

2043 1782 2129 1828 tur
2158 1775 2417 1846 majorem
2444 1778 2675 1838 alii-runt
2705 1785 3048 1855 voluptatem.
3088 1773 3367 1859 Quantum.
3384 1804 3529 1858 enim
3561 1807 3633 1859 sit

2042 1867 2240 1923 malum
2267 1885 2373 1926 non
2391 1871 2589 1929 habere
2615 1876 2701 1944 qui
2728 1877 2881 1932 simul
2906 1878 3141 1952 doleant,
3166 1888 3286 1944 audi
3309 1893 3626 1962 prophetam

2039 1960 2327 2030 dicentem,
2361 1963 2428 2018 Et
2456 1970 2743 2037 nspectavi
2773 1971 2818 2025 si
2853 1974 2965 2043 quis
3006 1960 3483 2053 contristttretur,_ct
3527 2006 3630 2046 non

2039 2053 2137 2146 {ait
2182 2052 2353 2125 (Paul.
2397 2057 2485 2113 68.
2527 2058 2641 2130 ﬁl).
2685 2061 2974 2132 Propterea
3007 2067 3208 2127 Paulus
3234 2052 3446 2146 quoque
3476 2080 3623 2146 dicit,

2041 2143 2277 2201 Gaudere
2301 2165 2414 2204 cum
2445 2152 2799 2221 gaudentibus,
2833 2166 2880 2209 et
2902 2158 3025 2226 ﬂere
3051 2176 3162 2215 cum
3184 2143 3424 2232 ﬂentibus
3450 2143 3625 2237 (limit.

2040 2237 2127 2291 12.
2175 2239 2288 2310 l5).
2336 2242 2486 2312 Auge
2529 2242 2765 2300 laetitiam
2808 2264 2822 2301 :
2867 2249 2911 2301 si
2968 2250 3115 2306 vides
3161 2253 3375 2311 fratrem
3425 2275 3456 2314 e
3485 2278 3544 2316 se
3577 2266 3627 2319 in

1998 2340 2005 2347 '
2038 2330 2456 2403 existimatione,
2483 2352 2550 2393 ne
2578 2338 2800 2407 dixeris,
2832 2340 2933 2399 Est
2955 2344 3096 2401 illius
3122 2347 3261 2404 bona
3281 2352 3625 2423 existimatio,

2038 2438 2135 2479 cur
2162 2440 2262 2496 ego
2296 2428 2591 2497 gaudeam?
2618 2432 2733 2488 haec
2762 2448 2866 2489 non
2897 2446 3025 2493 sunt
3074 2441 3237 2497 verba
3287 2443 3485 2512 fratris,
3534 2450 3628 2504 sed

2040 2517 2230 2576 hostis.
2271 2520 2328 2576 Si
2368 2523 2523 2591 velis,
2552 2539 2663 2581 non
2702 2537 2828 2583 sunt
2869 2530 3031 2599 illius,
3060 2535 3154 2590 sed
3184 2545 3308 2594 tua:
3341 2552 3425 2596 est
3453 2543 3505 2596 in
3541 2553 3627 2599 tua

2041 2621 2305 2681 potestate
2333 2629 2465 2671 eam.
2498 2617 2673 2674 facere
2721 2621 2999 2692 majorem,
3042 2629 3087 2682 si
3134 2644 3240 2685 non
3271 2632 3346 2686 sis
3377 2646 3626 2703 mmstus,

2038 2706 2133 2759 sed
2177 2706 2400 2776 laeteris,
2441 2709 2487 2765 si
2514 2710 2677 2767 fueris
2707 2713 2921 2781 alacris,
2953 2719 3298 2791 exsultesqne
3326 2735 3379 2779 et
3405 2729 3622 2796 gestias.

2038 2797 2193 2864 Quod
2222 2798 2325 2855 hoc
2346 2810 2525 2859 autem
2555 2804 2624 2859 ita
2654 2819 2715 2860 se
2744 2806 2955 2875 habeat,
2984 2810 3130 2867 illine
3155 2824 3240 2868 est
3259 2823 3621 2886 perspicuum;

2038 2891 2128 2958 qui
2153 2892 2393 2948 invident
2411 2910 2516 2949 non
2550 2895 2656 2952 illis
2680 2898 2810 2952 solis
2837 2899 3094 2966 invident,
3126 2904 3213 2973 qui
3242 2905 3294 2961 in
3336 2908 3470 2963 bona
3499 2924 3624 2967 sunt

2037 2982 2454 3057 existimatione,
2487 2988 2592 3042 sed.
2612 2988 2676 3043 iis
2704 2991 2864 3046 etiam
2892 2994 2981 3063 qui
3023 2994 3163 3050 bona
3193 2998 3413 3055 illorum
3435 3001 3623 3057 existi-

2039 3074 2273 3132 matione
2301 3077 2579 3134 laetantur:
2612 3079 2681 3136 ita
2712 3083 2887 3139 sciunt
2911 3085 3055 3155 quod
3090 3086 3142 3141 bi
3184 3104 3399 3161 quoque
3436 3092 3545 3149 sint
3570 3095 3623 3150 in

2039 3170 2176 3226 bona
2201 3172 2630 3241 existimatione;
2663 3184 2718 3231 et
2736 3176 2772 3232 ii
2792 3188 2921 3233 sunt
2941 3180 3031 3250 qui
3054 3182 3286 3240 maxime
3304 3184 3616 3255 gloriantur.

2035 3260 2169 3315 Nam
2198 3262 2287 3323 ille
2314 3264 2528 3333 quidem
2555 3267 2714 3321 etiam
2741 3269 3011 3325 erubescit
3033 3286 3154 3327 cum
3176 3275 3331 3331 valde
3351 3276 3620 3348 laudatur:

2039 3352 2140 3408 iste
2165 3355 2324 3409 etiam
2345 3371 2464 3411 cum
2489 3358 2657 3414 multa
2686 3361 2956 3431 voluptate
2984 3364 3260 3434 gloriatur.
3285 3369 3401 3426 Non
3432 3371 3624 3428 videtis

2037 3446 2305 3512 quomodo
2332 3446 2651 3503 athletarum
2700 3451 2836 3508 alter
2882 3454 3099 3524 quidem
3126 3474 3437 3534 coronatur,
3485 3466 3623 3522 alter

2037 3551 2165 3589 vero
2194 3552 2297 3591 non
2321 3543 2648 3596 coronatur?
2675 3543 2829 3599 dolor
2850 3555 3028 3604 autem
3051 3562 3103 3604 et
3124 3549 3305 3607 laetitia
3332 3566 3417 3612 est
3435 3572 3620 3613 eorum

2038 3628 2128 3697 qui
2157 3639 2339 3684 amant
2374 3640 2427 3685 et
2453 3647 2636 3688 eorun'i
2669 3637 2757 3704 qui
2784 3639 3049 3697 oderunt:
3077 3642 3152 3696 illi
3181 3647 3398 3712 saltant,
3424 3649 3496 3700 illi
3523 3651 3621 3701 tri-

2038 3720 2278 3789 pudiant.
2316 3722 2443 3777 Vide
2469 3736 2663 3794 quanta
2696 3744 2783 3782 res
2819 3731 2888 3782 sit
2929 3746 3033 3786 non
3079 3733 3324 3792 invidere
3355 3758 3370 3793 :
3401 3738 3624 3795 alterius

2037 3822 2118 3866 est
2149 3814 2324 3878 labor,
2357 3824 2412 3870 et
2455 3826 2542 3871 tua
2570 3828 2654 3873 est
2680 3820 2930 3891 voluptas
2963 3839 2978 3876 :
3018 3824 3171 3880 alteri
3201 3826 3492 3898 imponitur
3527 3848 3624 3886 co-

2036 3919 2190 3972 rona,
2212 3916 2266 3961 et
2297 3916 2355 3962 tu
2379 3909 2563 3976 saltas,
2591 3920 2643 3966 tu
2672 3912 2938 3981 gloriaris.
2970 3915 3220 3981 Nam,die
3241 3920 3392 3988 mihi,
3416 3939 3623 3993 quaeso.

2036 3998 2176 4053 alius
2218 4000 2362 4067 vicit,
2418 4012 2481 4056 tu
2518 4004 2645 4073 quid
2688 4005 2889 4070 saltas?
2932 4006 3037 4063 Sed
3090 4010 3167 4065 illi
3216 4028 3431 4084 quoque
3478 4029 3640 4075 recte.

2036 4092 2213 4146 sciunt
2239 4094 2690 4161 quod-commune
2717 4098 2785 4151 sit
2814 4099 2956 4168 quod
2978 4098 3178 4157 factum
3204 4115 3307 4158 est.
3333 4106 3621 4177 Propterea

2035 4180 2178 4237 hunc
2224 4183 2451 4253 quidem
2490 4200 2595 4239 non
2641 4189 2947 4257 vituperant
2982 4193 3073 4261 qui
3104 4194 3372 4263 invident;
3417 4208 3625 4256 tentant

2035 4286 2214 4330 autem
2244 4276 2547 4345 deprimere
2591 4278 2892 4347 victoriam,
2925 4291 2981 4336 et
3004 4284 3158 4341 audis
3193 4303 3289 4341 eos
3316 4288 3430 4343 lucc
3460 4294 3620 4345 verba

2033 4368 2309 4422 dicentes:
2336 4368 2408 4421 'l‘e
2454 4367 2650 4434 delevi,
2700 4380 2751 4424 te
2794 4371 2963 4441 dejeei
2999 4391 3013 4427 :
3047 4378 3256 4433 etiamsi
3302 4381 3522 4438 alterius
3551 4386 3623 4439 sit

2034 4472 2189 4529 opus,
2222 4467 2309 4513 tua
2335 4468 2511 4514 tamen
2538 4468 2621 4514 est
2650 4460 2785 4516 laus.
2813 4462 2868 4517 Si
2898 4479 3029 4534 ergo
3059 4466 3113 4519 in
3139 4472 3383 4526 externis
3417 4482 3618 4529 tantiuu

2037 4552 2231 4606 bonum
2260 4560 2342 4606 est
2370 4566 2473 4605 non
2506 4551 2764 4618 invidere,
2807 4556 2903 4611 sed
2952 4557 3178 4613 alienant
3225 4562 3363 4617 bona
3397 4566 3495 4619 sibi
3527 4582 3621 4620 ac-

2034 4643 2377 4700 cemmodare
2402 4652 2456 4699 et
2484 4660 2576 4698 sua
2605 4644 2823 4712 ducere,
2850 4647 3017 4704 multo
3047 4653 3217 4722 magis
3255 4655 3306 4710 in
3347 4667 3527 4713 nostra
3555 4661 3622 4716 de

2034 4735 2247 4793 diabolo
2277 4737 2529 4803 victoria;
2556 4744 2680 4792 tunc
2702 4737 2792 4793 ille
2817 4740 2987 4811 magis
3012 4755 3197 4797 centra
3231 4763 3329 4801 nos
3354 4756 3542 4819 spirat,
3566 4763 3622 4806 ut

2033 4828 2122 4899 qui
2144 4829 2313 4899 magis
2350 4829 2612 4885 laetemur.
2646 4831 2759 4885 Etsi
2799 4842 2881 4887 est
2908 4836 3224 4904 sceleratus,
3253 4855 3443 4899 exacte
3474 4850 3620 4902 novit

2036 4922 2172 4976 hanc
2197 4936 2440 4993 magnam
2467 4937 2587 4978 esse
2607 4924 2957 4995 voluptatem.
2991 4928 3082 4984 Vis
3109 4947 3237 4986 eum
3258 4936 3504 4992 molestia
3536 4942 3619 4994 af-

2033 5016 2228 5071 ﬁcere?
2265 5016 2436 5086 gaude
2478 5017 2763 5074 etilaitare.
2817 5020 2911 5075 Vis
2952 5038 3075 5078 eum
3130 5025 3463 5087 exhilarare?
3503 5043 3621 5088 esto

2034 5114 2221 5169 tristis.
2254 5114 2619 5186 Doloretnrqui
2648 5133 2712 5172 ex
2740 5119 2962 5176 victoria
2992 5122 3175 5179 fratris
3211 5128 3260 5180 ei
3292 5127 3506 5196 accidit,
3540 5130 3617 5183 leo

2031 5223 2124 5263 vas
2175 5224 2271 5278 per
2316 5218 2459 5264 tuam
2505 5210 2668 5266 animi
2714 5216 3269 5284 :rgritudinemwum
3318 5222 3408 5275 ill.)
3432 5231 3557 5276 stas
3586 5240 3615 5275 ει

2032 5299 2198 5356 fratre
2226 5301 2529 5357 abscissus:
2554 5305 2727 5374 majus
2772 5324 2931 5377 quam
2975 5309 3067 5365 ille
3091 5312 3289 5364 tnalum
3317 5312 3467 5368 facis.
3498 5314 3615 5370 Non

2030 5405 2153 5450 sunt
2179 5394 2318 5449 enim
2346 5397 2513 5465 paria,
2545 5412 2665 5453 eum
2693 5399 2766 5454 sis
2796 5400 3063 5467 inimicus,
3107 5400 3285 5458 facere
3329 5421 3446 5475 quae
3493 5417 3617 5462 sunt

2030 5486 2394 5557 inimicorum,
2424 5501 2476 5545 et
2505 5505 2626 5547 cum
2650 5493 2725 5547 sis
2751 5494 2975 5558 amicus,
3003 5506 3145 5551 stare
3188 5513 3308 5552 cum
3342 5498 3569 5554 inimicis
3599 5522 3612 5556 :

2029 5578 2133 5635 iste
2171 5588 2254 5634 est
2293 5579 2531 5636 inimicis
2566 5581 2715 5652 pejor
2742 5592 2794 5638 ct
2841 5586 3174 5642 sceleratior.
3225 5589 3279 5645 Si
3313 5588 3478 5646 frater
3514 5592 3614 5646 sibi

2027 5673 2220 5729 bonam
2248 5672 2455 5742 paravit
2474 5675 2946 5743 exisdmationem.
2975 5679 3058 5736 vel
3089 5680 3215 5737 dum
3242 5683 3496 5754 loquitur,
3532 5689 3612 5743 vel

2032 5765 2156 5822 dum
2206 5773 2355 5835 or..t,
2410 5771 2492 5828 vel
2539 5767 2735 5840 aiiquid
2783 5778 2930 5828 recte
2974 5772 3135 5847 gerit,
3184 5783 3301 5832 esto
3350 5778 3610 5849 ριιτιίειιυε

3666 5362 3687 5389 ι.
