4064 6210
413 301 518 356 ’579
1122 298 1178 354 S.
1217 293 1492 352 JOANNIS
1528 287 2005 348 CllliYSOSTOMI
2043 285 2359 344 ARCHIEP.
2399 284 2922 342 CONSTANTINOP.
3580 285 3684 343 5S!)

414 415 585 470 laudis
629 424 682 470 et
729 413 880 468 bona:
932 407 1383 468 existimationis,
1432 403 1655 459 ostende
1701 417 1823 459 eum
1875 415 1994 457 esse

417 519 562 561 tuum
595 507 915 561 membrum.

488 599 542 651 nl.
578 596 844 664 Quomodo
871 611 983 647 cum
1015 590 1228 645 inimicis
1250 587 1598 659 agendum.-—-
1619 585 1685 639 Et
1707 583 1995 655 quomodo,

413 690 658 759 ait?ego
699 690 838 743 enim
885 701 990 740 non
1020 699 1135 736 smn
1168 682 1362 736 bonam
1403 687 1724 748 assequutus
1777 675 1995 730 famam.

416 781 492 835 Ne
511 780 609 834 hoc
637 780 855 834 verbum
878 777 1100 841 dixeris,
1125 773 1266 827 labia
1292 770 1607 840 comprime.
1638 767 1694 822 Si
1725 781 1888 838 pmpe
1915 780 2000 820 me

416 887 564 924 esses
598 880 649 923 tu
682 871 770 940 qui
829 869 942 922 bare
975 866 1233 937 loqueris,
1268 863 1643 934 imposuissem
1674 873 1893 914 manum
1918 857 1999 910 ia-

417 962 527 1016 hris
555 961 678 1023 tuis,
713 974 778 1013 ne
819 959 1029 1013 audiret
1059 957 1328 1010 inimicus.
1357 954 1513 1023 Smpe
1537 953 1674 1007 inter
1703 965 1800 1008 nos
1826 949 1999 1003 inter-

417 1053 612 1108 cedunt
640 1051 950 1114 inimicitiae,
981 1059 1034 1105 et
1057 1048 1285 1104 inimicis
1307 1061 1412 1100 non
1434 1043 1800 1100 ostendimus:
1833 1050 1886 1093 tu
1909 1055 2001 1090 ve-

415 1159 477 1199 ro
500 1144 737 1198 ostendis
763 1143 997 1198 diabolo.
1024 1141 1103 1196 Ne
1127 1140 1228 1194 hoc
1249 1137 1470 1200 dixeris,
1497 1151 1562 1191 ne
1595 1135 1695 1188 hoc
1725 1131 1998 1202 cogitave-

417 1236 528 1298 ris;
581 1234 675 1289 sed
729 1245 943 1295 contra,
972 1231 1068 1286 Est
1113 1246 1291 1285 meum
1325 1227 1663 1282 membrum:
1708 1224 1772 1278 ad
1805 1236 1998 1292 corpus

420 1325 611 1380 transit
638 1325 828 1395 gloria.
861 1323 968 1378 Cur
996 1337 1154 1392 ergo,
1204 1319 1392 1389 inquit,
1421 1333 1525 1373 nen
1555 1318 1627 1371 ita
1659 1323 1782 1369 sunt
1821 1312 1999 1368 allecti

419 1419 508 1488 qui
538 1426 664 1471 sunt
691 1417 857 1471 loris?
881 1416 1141 1482 Quoniam
1171 1424 1225 1469 tu
1255 1428 1315 1468 es
1342 1428 1522 1467 causa.
1547 1411 1678 1466 Nam
1697 1425 1819 1465 cum
1847 1408 1993 1464 vide.

419 1508 529 1563 tint
575 1517 626 1564 te
681 1508 797 1578 ejus
842 1507 1079 1562 iretitiatn
1119 1507 1346 1561 alienam
1397 1519 1517 1560 esse
1561 1503 1850 1564 dicentem,
1901 1501 2000 1570 ipsi

421 1616 633 1671 quoque
681 1601 984 1655 alienantur
1015 1619 1028 1653 :
1061 1598 1202 1670 quod
1245 1599 1288 1652 si
1317 1596 1548 1652 viderint
1577 1604 1629 1651 te
1658 1610 1778 1650 eam
1805 1594 2002 1650 ducen-

422 1706 528 1750 tem
575 1709 696 1750 esse
741 1695 1030 1764 propriam,
1062 1709 1168 1746 non
1212 1691 1438 1755 audent;
1481 1688 1574 1744 sed
1608 1697 1662 1744 tu
1706 1703 1918 1759 quoque
1945 1702 2004 1742 es

421 1787 670 1841 similiter
695 1786 890 1841 clarus.
922 1785 1042 1840 Non
1059 1799 1118 1839 es
1159 1783 1388 1838 dicendo
1414 1783 1626 1837 laudem
1653 1789 2001 1851 assequutus;

421 1877 516 1934 sed
549 1889 604 1932 tu
629 1878 753 1932 dum
790 1879 837 1932 ei
871 1878 1154 1947 gratularis
1179 1917 1194 1942 ,
1241 1876 1498 1944 majorem
1531 1888 1592 1928 es
1636 1873 1846 1928 laudem
1878 1871 2006 1926 ade-

421 1982 544 2042 plus
561 1987 718 2042 quam
749 1972 853 2025 ille.
879 1971 931 2026 Si
957 1972 1098 2026 enim
1123 1969 1320 2024 caritas
1347 1978 1430 2023 est
1451 1982 1538 2022 res
1559 1982 1747 2037 magna
1774 1975 1827 2020 et
1847 1974 2007 2034 caput

423 2063 684 2127 omnium,
712 2071 765 2116 tu
791 2077 928 2126 eam,
949 2077 1068 2130 qua:
1089 2075 1152 2114 ex
1179 2062 1290 2129 ipsa
1325 2067 1560 2128 paratur,
1578 2058 1830 2128 accepisti
1851 2071 2006 2111 coro-

424 2169 549 2206 nam
571 2172 586 2208 :
605 2153 690 2207 ille
708 2168 825 2208 eam
853 2168 970 2222 quzc
999 2152 1290 2222 acquiritur
1307 2166 1372 2205 ex
1391 2159 1506 2204 arte
1523 2149 1755 2216 dicendi,
1789 2158 1845 2202 tu
1885 2163 2004 2204 eam

425 2258 543 2312 qua:
559 2259 622 2296 ex
643 2241 940 2297 vehementi
962 2257 1174 2297 amore:
1192 2241 1281 2296 ille
1298 2240 1532 2296 ostendit
1551 2241 1659 2294 vim
1676 2239 1958 2294 verborum
1979 2256 1994 2306 ;

425 2345 482 2388 ttt
503 2347 597 2402 per
618 2333 755 2389 facta
778 2334 1018 2404 dejecisti
1036 2333 1307 2398 invidiam,
1333 2341 1387 2388 et
1410 2332 1734 2387 conculcasti
1758 2331 2002 2387 livorem.

425 2422 784 2490 Quamobrem
817 2425 939 2495 jure
968 2426 1136 2495 magis
1156 2440 1313 2496 quam
1357 2424 1450 2478 ille
1481 2423 1644 2478 lueris
1669 2433 1959 2479 coronatus
1990 2440 2003 2476 :

425 2524 698 2570 certamen
731 2525 876 2570 tuum
909 2523 993 2570 est
1025 2515 1328 2583 prteclarius
1351 2531 1363 2566 :
1389 2530 1496 2568 non
1523 2514 1694 2570 solum
1725 2515 2008 2569 conculca-

429 2609 496 2660 sti
527 2608 801 2673 invidiam,
832 2607 924 2662 sed
966 2607 1126 2661 etiam
1159 2607 1358 2678 aliquid
1386 2608 1576 2662 fecisti.
1605 2606 1699 2662 Ille
1738 2623 1895 2661 unam
1922 2622 2011 2661 so-

425 2703 534 2758 lum
570 2703 728 2758 habet
757 2718 1036 2768 coronam,
1066 2712 1118 2757 tu
1150 2711 1326 2756 autem
1355 2703 1507 2769 duas,
1531 2709 1585 2756 et
1612 2701 1747 2756 duas
1768 2701 1889 2755 illas
1905 2715 2006 2753 una

423 2795 835 2866 splendidiores.
853 2795 1110 2864 Quaenam
1130 2803 1256 2850 sunt
1276 2794 1398 2850 ha)?
1422 2795 1590 2851 Unam
1611 2794 1890 2863 suscepisti
1913 2794 2009 2848 ad-

429 2900 621 2939 versus
647 2885 935 2952 invidiam;
965 2887 1131 2940 altera
1161 2895 1244 2940 est
1285 2901 1384 2955 qua
1448 2883 1591 2940 fuisti
1617 2885 1897 2940 redimitus
1939 2899 2004 2940 cx

427 2979 672 3032 caritate.
702 2976 816 3032 Non
843 2977 984 3032 enim
1013 2977 1262 3032 collaztari
1292 2978 1462 3030 solum
1481 2987 1563 3032 est
1589 2977 1842 3031 indicium
1865 2976 2006 3047 quod

429 3068 506 3122 sis
543 3069 777 3124 mundus
822 3069 890 3124 ab
919 3068 1136 3131 invidia,
1168 3070 1259 3122 sed
1283 3069 1444 3122 etiam
1472 3068 1610 3138 quod
1643 3068 1840 3122 habeas
1865 3069 2008 3122 cari-

431 3170 592 3214 tatem
626 3175 743 3229 quae
775 3160 985 3216 radices
1015 3161 1202 3230 egerit.
1233 3160 1309 3214 Illi
1357 3175 1499 3229 saepe
1528 3160 1831 3214 molestiam
1857 3160 2009 3215 exhi-

429 3251 520 3304 bet
544 3252 769 3305 humana
792 3252 966 3322 aliqua
984 3253 1146 3306 animi
1178 3252 1520 3322 perturbatio,
1555 3263 1611 3307 ut
1632 3254 1800 3308 inanis
1817 3254 2006 3323 gloria:

429 3351 486 3395 tu
527 3354 704 3396 autem
734 3356 792 3397 es
829 3344 1059 3398 mundus
1090 3345 1156 3398 ab
1203 3345 1346 3399 omni
1375 3345 1776 3413 perturbatione
1799 3347 1960 3399 animi
1993 3365 2008 3398 :

431 3433 572 3488 haud
603 3435 744 3488 enim
769 3434 910 3489 inani
944 3435 1114 3506 gloria
1144 3436 1415 3503 laborans,
1444 3436 1641 3490 laetaris
1678 3446 1895 3507 propter
1917 3437 2012 3490 bo-

429 3542 499 3582 na
545 3527 788 3582 alterius.
818 3527 998 3583 Erexit
1022 3532 1380 3598 ,dic,qurcso,
1438 3527 1736 3583 Ecclesium
1763 3571 1778 3594 ,
1811 3537 2007 3584 caelum

428 3622 810 3692 ampliﬁcavit?
832 3637 1020 3677 rursus
1046 3623 1200 3677 lauda
1235 3640 1247 3676 :
1283 3623 1449 3677 habes
1475 3622 1714 3690 duplices
1741 3636 1969 3676 coronas
1995 3641 2008 3686 ;

431 3703 672 3780 dejettisti
701 3714 990 3780 invidiam,
1020 3715 1242 3769 caritate
1265 3729 1326 3769 es
1345 3714 1642 3768 redimitus.
1683 3714 1852 3767 Etiam
1881 3728 2011 3781 rogo

431 3811 488 3857 et
507 3805 752 3858 obsecro.
779 3803 872 3856 Vis
897 3813 952 3858 et
970 3805 1176 3858 tertiam
1201 3804 1385 3857 audire
1402 3803 1692 3857 coronam?
1713 3804 1760 3856 ei
1791 3804 2014 3871 applau-

433 3898 566 3952 dunt
594 3897 680 3965 qui
706 3897 914 3951 inferne
939 3906 1063 3950 sunt
1089 3895 1354 3958 homines,
1391 3896 1482 3948 tibi
1505 3905 1680 3948 autem
1711 3897 1798 3964 qui
1828 3910 2014 3964 super-

437 4002 505 4040 ne
557 3995 682 4040 sunt
724 3985 921 4055 angeli.
954 3983 1068 4040 Non
1121 3985 1262 4038 enim
1292 3995 1413 4038 sunt
1451 3985 1619 4053 paria,
1651 3985 1932 4053 pulchram
1961 3995 2016 4040 et

433 4079 732 4148 elegantem
764 4078 1050 4134 ostendere
1076 4077 1360 4132 dictionem
1391 4119 1405 4144 ,
1437 4086 1491 4130 et
1521 4087 1695 4132 motus
1732 4078 1895 4132 animi
1925 4095 2013 4132 su-

436 4185 626 4241 perare
657 4188 671 4225 :
697 4171 816 4225 lucc.
841 4169 958 4224 laus
1003 4178 1086 4225 est
1116 4169 1426 4238 temporalis
1447 4211 1461 4235 ,
1491 4169 1578 4223 illa
1610 4185 1738 4224 vero
1767 4180 1965 4225 a:terna
1997 4192 2010 4226 :

438 4263 524 4317 hic
554 4272 635 4317 est
663 4277 730 4318 ex
762 4260 1096 4325 hominibus,
1131 4261 1220 4316 ille
1248 4276 1313 4317 ex
1353 4261 1501 4316 Deo:
1535 4261 1620 4316 hic
1645 4261 1901 4332 aspicitur
1927 4277 2017 4317 co-

437 4364 656 4409 ronatus
680 4394 696 4418 ,
726 4363 778 4409 tu
811 4363 988 4410 autem
1041 4354 1092 4408 in
1139 4355 1351 4408 occulto
1403 4354 1700 4420 coronaris,
1741 4355 1829 4408 ubi
1861 4355 2020 4411 Pater

437 4455 560 4500 tuus
599 4453 651 4500 te
679 4444 842 4501 videt.
872 4445 928 4501 Si
951 4444 1181 4500 dissecto
1208 4459 1433 4515 corpore
1459 4444 1643 4500 liceret
1685 4446 2018 4516 uniuscujus-

440 4553 543 4607 que
559 4537 741 4593 videre
760 4537 1013 4601 animam,
1037 4536 1389 4592 ostendissem
1419 4536 1511 4591 tibi
1539 4536 1682 4591 hunc
1698 4551 1816 4592 esse
1845 4537 2017 4592 hone-

438 4629 659 4682 stiorem
709 4637 764 4684 et
815 4628 984 4697 magis
1027 4626 1480 4696 resplendentem.
1515 4625 1731 4680 Invidia:
1774 4626 2020 4681 stimulos

439 4730 778 4789 proteramus
807 4735 820 4774 :
852 4720 1005 4775 nobis
1036 4720 1167 4790 ipsis
1194 4719 1459 4788 prosimus
1483 4758 1501 4785 ,
1543 4732 1578 4772 o
1627 4716 1842 4772 dilecti!
1893 4717 2022 4787 ipsis

439 4809 595 4865 nobis
623 4825 873 4864 coronam
897 4811 1255 4880 imponemus.

514 4902 721 4958 Invidia
764 4902 1210 4973 prapulsanda.-
1225 4900 1327 4967 Qui
1358 4899 1579 4963 invidet,
1627 4913 1747 4954 cum
1782 4899 1891 4953 Deo
1921 4915 2023 4968 pu-

442 5005 590 5066 gnat,
622 5011 728 5050 non
751 5009 872 5049 cum
895 4994 984 5047 illo
1010 5008 1026 5046 :
1052 5008 1175 5047 nam
1196 5007 1317 5047 cum
1347 4992 1492 5046 illum
1514 4991 1659 5045 videt
1684 4991 1880 5046 habere
1901 5005 2025 5060 gra-

446 5089 598 5153 tiam,
651 5094 706 5142 et
733 5085 880 5140 dolet
906 5093 961 5139 et
986 5085 1097 5138 vult
1123 5083 1406 5138 destruere
1439 5082 1756 5147 Ecclesium,
1789 5096 1895 5137 non
1924 5097 2024 5151 pu-

441 5200 3472 5236 Μ

2108 410 2235 471 gnat
2257 417 2376 456 cum
2409 401 2520 464 illo,
2551 401 2643 455 sed
2673 415 2792 456 cum
2824 401 2950 454 Deo.
2977 398 3467 475 Nam,dic,qu:eso,
3490 402 3532 458 si
3563 406 3684 474 quis

2107 507 2327 551 ornaret
2348 496 2578 566 puellam
2609 497 2767 568 regis,
2801 506 2853 552 et
2883 497 2934 551 in
2961 496 3095 552 bena
3118 508 3262 552 esset
3287 500 3685 556 existimatione

2091 577 2221 645 eam
2274 605 2540 645 exornans
2592 590 2950 660 decorantque
2979 591 3244 658 reddens,
3296 593 3454 648 vellet
3505 605 3687 652 autem

2105 681 2296 752 aliquis
2340 698 2456 736 eam
2485 697 2543 737 se
2571 683 2802 751 turpiter
2836 692 2891 738 et
2916 683 3166 739 indecore
3193 700 3400 755 gerere,
3431 698 3484 744 et
3512 690 3686 758 ipsum

2107 788 2212 827 non
2250 788 2406 842 posse
2427 788 2545 828 eam
2580 789 2813 840 ornare;
2844 776 3055 830 cuinam
3085 777 3447 847 insidiaretur,
3493 782 3684 841 huicue

2106 879 2171 918 an
2204 865 2277 918 illi
2304 874 2357 919 et
2375 864 2490 934 ejus
2518 867 2694 936 patri?
2716 866 2793 922 Ita
2816 882 2957 921 nunc
2984 883 3195 938 quoque
3217 877 3268 923 tu
3292 871 3555 939 invidens,
3584 890 3684 945 pu-

2105 970 2238 1025 gnas
2264 970 2384 1009 cum
2411 955 2676 1022 Ecclesia,
2705 972 2826 1011 cum
2858 957 2972 1012 Deo
3003 957 3196 1015 bellum
3215 962 3374 1030 geris.
3409 963 3540 1018 Nam
3561 982 3686 1036 quo-

2106 1047 2246 1100 niam
2277 1061 2395 1101 cum
2425 1045 2602 1101 fratris
2628 1047 2786 1102 laude
2811 1062 3054 1102 connexa
3075 1059 3157 1103 est
3181 1050 3379 1107 utilitas
3407 1053 3684 1124 Ecclesiae,

2106 1141 2151 1194 si
2195 1140 2309 1195 ba-c
2351 1149 2600 1209 corruat,
2629 1149 2688 1194 ut
2729 1141 2818 1196 ille
2846 1157 3064 1211 quoque
3085 1154 3299 1199 corruat
3327 1161 3548 1203 necesse
3577 1159 3679 1204 est.

2107 1232 2466 1300 Quamobrem
2494 1233 2548 1287 in
2582 1233 2683 1287 hoc
2697 1247 2830 1303 opus
2859 1234 2988 1289 lacis
3016 1235 3329 1305 satanicum,
3362 1247 3420 1293 ut
3447 1239 3534 1309 qui
3560 1255 3681 1295 cor-

2108 1327 2226 1398 pori
2250 1327 2448 1382 Christi
2489 1326 2779 1382 iusidieris.
2808 1327 3081 1383 Adversus
3107 1343 3227 1384 eum
3259 1329 3446 1387 dolore
3490 1331 3686 1387 stimu-

2108 1422 2256 1486 laris,
2289 1421 2375 1490 qui
2433 1419 2527 1474 tibi
2557 1419 2754 1474 nullam
2787 1419 2911 1474 fecit
2958 1420 3232 1489 injuriam;
3291 1423 3459 1476 multo
3508 1435 3682 1479 autem

2109 1513 2278 1583 magis
2317 1512 2577 1567 adversus
2604 1511 2899 1566 Christum.
2926 1511 3094 1579 Quam
3126 1512 3221 1565 tibi
3245 1512 3368 1567 fecit
3399 1517 3644 1583 injuriam
3666 1559 3681 1580 ,

2111 1612 2169 1659 ut
2195 1619 2300 1658 non
2326 1604 2470 1658 sinas
2495 1603 2610 1672 ejus
2631 1617 2824 1672 corpus
2849 1602 3026 1656 ornari
3047 1601 3477 1670 pulchritudine?
3503 1614 3680 1660 utnon

2110 1695 2254 1749 sinas
2303 1708 2552 1762 sponsam
2619 1693 2861 1749 decorari
2893 1692 2921 1745 ἶ)
2977 1693 3270 1749 Considera
3324 1704 3500 1750 autem
3557 1699 3689 1752 mihi

2111 1795 2366 1858 quantum
2393 1787 2463 1840 sit
2492 1786 2843 1856 supplicium;
2874 1785 3116 1841 inimicos
3143 1792 3261 1840 tuos
3291 1786 3467 1841 laetitia
3497 1788 3682 1852 allicis;

2111 1888 2166 1934 et
2188 1878 2338 1932 illum
2366 1878 2536 1948 ipsum
2573 1877 2662 1946 qui
2692 1886 2772 1931 est
2793 1877 2847 1931 in
2879 1877 3014 1931 bona
3056 1878 3483 1945 existimatione,
3531 1896 3688 1949 quem

2111 1971 2192 2027 vis
2223 1971 2465 2026 molestia
2497 1969 2711 2026 allicere
2731 2012 2748 2038 ,
2779 1971 2948 2040 magis
2998 1969 3298 2039 exhilaras,
3347 1979 3403 2026 et
3448 1972 3686 2025 invidens

2113 2066 2282 2134 magis
2326 2064 2566 2119 ostendis
2616 2079 2738 2118 eum
2771 2063 2970 2118 laudari
3023 2073 3078 2118 et
3127 2063 3265 2118 bene
3306 2063 3536 2119 audire:
3568 2080 3692 2118 nam

2112 2156 2308 2226 alioqui
2339 2171 2444 2210 non
2468 2155 2788 2220 invidisses;
2816 2155 2897 2210 vel
2928 2155 3102 2224 potius
3141 2156 3377 2212 05tendis
3405 2156 3547 2227 quod
3573 2171 3688 2212 cru-

2113 2251 2291 2306 cieris.
2321 2251 2496 2318 Atque
2525 2265 2614 2305 me
2640 2251 2851 2320 quidem
2877 2248 3039 2319 pudet
3063 2263 3128 2302 ex
3158 2249 3239 2303 his
3268 2249 3572 2312 adhortari;
3597 2251 3687 2304 sed

2114 2343 2363 2412 quoniam
2392 2351 2536 2395 tanta
2564 2351 2647 2396 est
2665 2341 2830 2395 nostri
2853 2341 3013 2394 animi
3034 2339 3390 2403 imbecillitas,
3413 2339 3496 2393 vel
3517 2353 3580 2393 ex
3605 2339 3691 2394 bis

2113 2433 2393 2504 castigati,
2439 2433 2506 2488 ab
2536 2432 2638 2487 hoc
2687 2432 2990 2504 pernicioso
3019 2433 3149 2486 vitio
3177 2431 3484 2486 liberemur.
3531 2429 3692 2484 Doles

2114 2527 2256 2597 quod
2289 2526 2532 2582 laudetur
2560 2533 2613 2580 et
2639 2527 2689 2579 in
2723 2526 2859 2580 bona
2887 2524 2955 2579 sit
2983 2523 3420 2579 existimatione?
3445 2537 3541 2576 cur
3564 2537 3696 2592 ergo

2116 2619 2359 2673 invidens
2403 2632 2565 2688 auges
2590 2616 2706 2686 ejus
2735 2616 2988 2671 laudem?
3017 2615 3107 2670 Vis
3133 2630 3254 2669 eum
3294 2613 3571 2668 cruciare?
3598 2628 3695 2667 cur

2114 2727 2241 2782 ergo
2268 2710 2508 2765 ostendis
2530 2718 2585 2763 te
2615 2708 2839 2764 dolere?
2893 2725 2989 2763 cur
3016 2707 3086 2763 de
3124 2716 3176 2762 te
3206 2708 3323 2776 ipso
3349 2707 3496 2776 prius
3523 2705 3697 2776 exigis

2115 2817 2302 2873 poenas
2323 2842 2336 2862 .
2377 2816 2534 2871 quam
2565 2798 2633 2855 de
2683 2815 2748 2854 eo
2777 2815 2934 2870 quem
2967 2815 3071 2854 non
3104 2799 3187 2854 vis
3216 2798 3418 2853 laudari
3439 2797 3536 2852 ?Ei
3567 2797 3689 2851 inde

2116 2903 2199 2948 est
2220 2893 2416 2962 duplex
2445 2893 2688 2962 voluptas
2726 2901 2781 2946 et
2802 2892 3015 2955 laetitia,
3042 2899 3096 2945 et
3123 2891 3214 2945 tibi
3243 2890 3510 2944 cruciatus
3539 2905 3553 2942 :
3584 2904 3696 2943 non

2116 2986 2289 3040 solum
2319 2984 2460 3055 quod
2503 2999 2750 3054 magnum
2778 2999 2897 3039 eum
2929 2981 3186 3047 ostendis,
3215 2981 3309 3036 sed
3351 2982 3509 3036 etiam
3552 2979 3699 3049 quod

2115 3077 2338 3132 alteram
2363 3077 2411 3132 ei
2435 3091 2683 3146 procrcas
2715 3077 3063 3144 voluptatem,
3089 3075 3212 3129 dum
3238 3075 3461 3142 teipsum
3492 3073 3698 3129 crucia-

2118 3169 2229 3234 ris;
2259 3178 2313 3221 et
2334 3181 2520 3222 rursus
2546 3166 2612 3221 de
2639 3167 2702 3220 iis
2744 3167 2811 3221 de
2837 3166 3031 3234 quibus
3057 3165 3206 3220 doles
3228 3207 3243 3232 ,
3278 3165 3363 3219 ille
3390 3164 3600 3218 laetatur
3644 3172 3702 3216 te

2119 3261 2410 3316 invidente.
2447 3259 2579 3314 Vide
2599 3274 2757 3330 quam
2785 3274 2972 3328 graves
3003 3257 3156 3312 nobis
3180 3259 3360 3326 plagas
3385 3254 3696 3324 intligimns,

2118 3361 2170 3406 et
2197 3367 2300 3406 non
2345 3352 2628 3405 sentimus.
2661 3351 2751 3405 Est
2783 3350 3046 3404 inimicus.
3081 3349 3242 3416 Atqui
3269 3363 3366 3402 cur
3410 3346 3653 3399 inimicus
3674 3345 3700 3398 ἒ

2119 3461 2277 3514 quam
2307 3445 2398 3499 tibi
2431 3445 2556 3499 fecit
2578 3444 2861 3513 injuriam?
2891 3443 2984 3498 sed
3015 3452 3190 3497 tamen
3219 3441 3489 3496 inimicum
3517 3438 3698 3494 reddi-

2121 3554 2240 3594 mus
2269 3537 2609 3591 illustriorem
2637 3578 2652 3603 ,
2711 3546 2764 3590 et
2795 3550 2892 3590 nos
2918 3535 3062 3605 ipsos
3093 3536 3260 3604 magis
3288 3535 3557 3603 punimus.
3587 3531 3700 3586 lloc

2121 3646 2307 3686 rursus
2333 3646 2431 3685 nos
2469 3632 2612 3698 ipsos
2639 3630 2939 3683 cruciamus
2961 3669 2975 3693 ,
3005 3626 3050 3682 si
3079 3627 3405 3682 senserimus
3429 3624 3570 3694 quod
3611 3623 3708 3678 ille

2121 3725 2449 3795 cognoverit.
2498 3723 2628 3777 Nam
2687 3723 2775 3777 ille
2800 3721 3012 3792 quidem
3058 3721 3283 3775 fortasse
3333 3734 3437 3773 non
3469 3718 3699 3781 laetatur,

2122 3831 2221 3870 nos
2247 3825 2423 3871 autem
2453 3823 2694 3883 putantes
2725 3829 2845 3868 cum
2878 3812 3064 3878 laetari,
3086 3825 3269 3866 rursus
3297 3819 3574 3880 propterea
3599 3809 3702 3863 do-

2123 3909 2312 3962 lemus.
2339 3909 2501 3961 Cessa
2530 3921 2656 3975 ergo
2685 3905 2921 3960 invidere
2947 3923 2958 3958 :
2992 3919 3088 3959 cur
3113 3901 3312 3972 tibiipsi
3335 3902 3562 3972 imponis
3587 3901 3707 3954 vola

2123 3999 2295 4054 nera?
2325 3999 2450 4052 Haec
2479 3999 2795 4068 cogitemus,
2826 4012 2858 4048 o
2880 3996 3100 4062 dilecti,
3130 4009 3322 4063 nempe
3351 3993 3587 4062 duplices
3608 4008 3704 4046 co-

2123 4105 2285 4146 ronas
2323 4105 2506 4144 eorum
2553 4087 2643 4158 qui
2687 4104 2791 4142 non
2835 4085 3072 4141 invident
3104 4103 3118 4138 :
3171 4085 3355 4140 laudes
3393 4084 3595 4137 scilicet
3633 4081 3710 4133 ah

2125 4180 2452 4244 hominibus,
2476 4179 2661 4235 laudes
2682 4194 2710 4230 a
2735 4179 2863 4242 Deo,
2893 4187 2947 4232 et
2973 4177 3110 4230 mala
3133 4191 3250 4246 qua:
3270 4175 3516 4228 oriuntur
3534 4188 3599 4227 ex
3617 4173 3704 4225 in-

2125 4272 2304 4338 vidia;
2337 4281 2392 4326 et
2419 4271 2497 4325 sic
2524 4269 2688 4324 lerant
2727 4268 3020 4338 poterimus
3046 4266 3406 4334 exstinguere,
3429 4273 3484 4320 et
3521 4276 3708 4317 coram

2125 4366 2237 4420 Deo
2284 4364 2507 4428 laudari,
2536 4371 2592 4418 et
2618 4365 2668 4417 in
2697 4362 2833 4416 bona
2862 4375 2981 4416 esse
3001 4358 3416 4422 existimatione,
3443 4353 3708 4410 eteadem

2124 4461 2334 4531 assequi
2364 4474 2484 4529 quae
2516 4457 2549 4511 ii
2579 4471 2801 4526 quorum
2821 4463 2900 4508 est
2921 4453 3060 4508 bona
3084 4449 3407 4506 existimatio
3438 4461 3453 4502 :
3483 4448 3709 4503 fortasse

2127 4552 2272 4608 enim
2329 4565 2715 4620 assequemur:
2746 4546 2887 4618 quod
2933 4546 2978 4600 si
3029 4558 3136 4599 non
3180 4555 3558 4612 assequamur.
3601 4553 3710 4591 non

2127 4658 2476 4713 assequemur
2504 4640 2644 4710 quod
2678 4654 2781 4693 non
2808 4636 3057 4706 expediat
3085 4651 3098 4687 :
3136 4634 3432 4704 poterimus
3455 4643 3632 4684 tamen
3655 4638 3714 4682 et

2129 4736 2229 4802 sic,
2261 4750 2381 4790 cum
2413 4734 2479 4788 ad
2508 4733 2599 4788 Dei
2627 4731 2850 4802 gloriam
2883 4729 3171 4782 vixerimus
3195 4768 3211 4793 ,
3257 4725 3399 4781 bona
3447 4722 3713 4792 promissa

2131 4826 2386 4896 consequi
2420 4827 2486 4879 iis
2515 4825 2604 4895 qui
2635 4825 2805 4894 ipsum
2836 4821 3081 4890 diligunt,
3112 4819 3280 4889 gratia
3311 4825 3365 4870 et
3387 4814 3715 4885 benignitate

2133 4919 2341 4974 Domini
2387 4917 2559 4972 nostri
2589 4915 2714 4970 Jesu
2741 4912 2958 4975 Christi,
2991 4912 3074 4966 cui
3102 4924 3222 4965 cum
3252 4908 3410 4962 Patre
3437 4916 3491 4960 et
3513 4904 3717 4973 Spiritu

2133 5018 2319 5064 sancto
2338 5007 2525 5078 gloria,
2550 5006 2854 5076 imperium,
2881 5003 3073 5070 honor,
3101 5014 3244 5056 nunc
3262 5008 3315 5054 et
3334 5013 3571 5068 semper,
3589 5003 3644 5050 et
3659 4995 3728 5049 in

2134 5099 2328 5156 saecula
2357 5097 2700 5154 steculorum.
2729 5095 2920 5149 Amen.

3474 5197 3726 5214 ﬂ

1878 5287 2222 5349 HOMILIA
2261 5283 2412 5346 XII.

446 5422 574 5478 Car.
604 5425 658 5479 4.
681 5439 734 5475 v.
764 5423 852 5478 η.
878 5423 1084 5478 Salutat
1119 5436 1206 5474 vos
1239 5417 1511 5486 Epaphras
1533 5456 1546 5478 ,
1573 5416 1661 5488 qui
1683 5431 1747 5470 ea:
1772 5415 1907 5469 vobis
1933 5424 2028 5482 est,

521 5531 694 5570 cervus
728 5512 916 5568 Christi
939 5555 954 5578 ,
985 5527 1182 5581 semper
1206 5509 1450 5564 sollicitus
1477 5523 1569 5578 pro
1597 5507 1732 5560 vobis
1757 5507 1809 5560 in
1836 5505 2028 5559 oratio-

519 5607 665 5661 nibus
691 5651 704 5673 ,
748 5616 800 5660 ut
835 5609 970 5662 stetis
995 5605 1206 5676 perfecti
1228 5643 1244 5667 ,
1280 5611 1326 5656 et
1353 5601 1488 5672 pleni
1525 5601 1576 5653 in
1615 5599 1753 5653 omni
1779 5599 2032 5653 voluntate

530 5699 638 5753 Dei.
683 5703 764 5756 15.
799 5697 1159 5754 Testimonium
1203 5695 1335 5748 enim
1365 5692 1441 5747 illi
1469 5690 1701 5764 per/tt"ch
1725 5691 1860 5762 quod
1887 5689 2034 5743 habet

2205 5412 2419 5467 multum
2447 5409 2610 5466 zelum
2640 5425 2732 5479 pro
2759 5407 2915 5473 vobis,
2947 5414 2994 5460 et
3019 5420 3112 5475 pro
3133 5405 3194 5458 iis
3215 5403 3300 5474 qui
3323 5412 3440 5456 sunt
3458 5399 3729 5454 ιηοάὶιιιω

2208 5513 2254 5558 et
2283 5503 2369 5573 qui
2399 5498 2689 5568 Hierapoli.

2213 5595 2263 5650 l.
2293 5594 2467 5650 Etiam
2497 5593 2548 5647 in
2581 5591 2733 5646 initio
2759 5588 3029 5659 epistolae,
3062 5586 3235 5641 virum
3269 5580 3665 5639 commendavit
3699 5595 3732 5632 a

2142 5689 2393 5754 caritate;
2423 5685 2699 5741 caritatem
2725 5690 2903 5737 autetn
2943 5679 3175 5735 ostendit
3200 5715 3218 5746 ,
3245 5685 3299 5732 et
3331 5674 3472 5746 quod
3497 5670 3683 5727 laudet
