4064 6210
266 310 291 349 η
355 268 455 327 ssi

351 390 491 455 quod
534 382 747 454 quidem
788 383 921 440 dixit
960 384 1027 441 ab
1064 385 1215 441 initio
1237 427 1254 451 ,
1288 388 1385 454 Qui
1409 390 1560 444 etiam
1586 393 1923 464 manifesta‘vit

349 474 491 529 nobis
518 475 776 528 caritatem
803 482 1016 528 vestram
1038 476 1092 530 in
1114 477 1296 547 spiritu
1326 476 1456 549 (Col.
1492 480 1544 534 l.
1575 478 1651 553 8).
1675 480 1924 538 Dilectio-

348 580 469 619 ncm
492 564 723 620 ostendit
754 574 807 621 et
836 566 1118 621 amabilem
1142 567 1337 631 reddit,
1359 569 1497 639 quod
1526 586 1622 640 pro
1647 572 1763 627 aliis
1784 584 1920 630 oret.

349 657 523 728 Ipsum
555 668 731 713 autem
772 659 1143 735 commendat.
1172 661 1415 727 aperiens
1454 664 1645 718 ostium
1675 680 1922 721 sermone

347 748 462 819 ejus
494 747 638 821 (nam
670 749 809 819 quod
838 750 1161 807 reverendus
1189 751 1257 805 sit
1286 753 1566 822 magister,
1597 754 1647 809 id
1677 765 1760 810 est
1792 758 1922 814 utile

346 839 652 908 discipulo),
684 848 735 894 et
756 855 940 894 rursus
957 839 1097 910 quod
1119 840 1334 908 dixerit,
1367 842 1451 896 Ea:
1475 845 1609 899 vobis
1628 885 1644 909 ,
1674 854 1732 899 ut
1758 846 1918 906 etiam

344 931 412 987 de
435 931 550 986 viro
582 931 915 1002 glorientur,
944 938 1003 985 ut
1029 933 1117 1002 qui
1150 932 1282 987 tales
1301 933 1448 990 viros
1473 933 1664 989 ferant.
1698 934 1763 988 Et
1787 951 1918 989 sem-

345 1042 453 1095 per,
484 1024 694 1095 inquit,
724 1025 970 1079 sollicitus
1015 1041 1110 1095 pro
1152 1024 1287 1079 vobis
1330 1027 1384 1080 in
1429 1026 1756 1081 orationibus.
1800 1027 1921 1083 Non

345 1117 515 1171 solum
547 1115 701 1182 dixit,
731 1114 901 1170 Orans
923 1156 939 1182 ,
981 1116 1073 1172 sed
1101 1158 1117 1182 ,
1159 1115 1423 1171 Sollicitus
1445 1158 1462 1183 ,
1494 1127 1727 1173 tremens
1764 1128 1818 1173 et
1847 1119 1915 1172 ti-

344 1220 517 1262 mens.
548 1204 913 1260 Testimonium
939 1223 1092 1274 enim,
1136 1207 1344 1277 inquit,
1388 1207 1464 1261 illi
1506 1208 1738 1276 perhibeo
1780 1209 1915 1277 quod

344 1295 486 1352 habet
510 1296 725 1350 multum
758 1296 923 1350 zelum
947 1312 1039 1365 pro
1064 1295 1220 1351 vobis.
1266 1296 1359 1351 Est
1395 1297 1547 1350 testis
1575 1298 1676 1351 fide
1701 1296 1910 1369 dignus.

346 1388 595 1455 Quoniam
624 1387 789 1451 habet,
824 1386 1028 1456 inquit,
1052 1385 1263 1439 multum
1290 1385 1455 1440 zelum
1480 1402 1576 1456 pro
1613 1387 1769 1440 vobis.
1803 1387 1915 1441 Hoc

340 1487 438 1545 est,
470 1477 580 1533 Vos
606 1477 758 1534 valde
787 1477 956 1547 diligit
982 1487 1036 1532 et
1076 1491 1267 1548 magno
1296 1478 1456 1532 vestri
1493 1478 1679 1548 ﬂagrat
1707 1493 1909 1535 amore.

340 1566 408 1621 Et
436 1584 532 1639 pro
558 1569 623 1623 iis
665 1568 750 1637 qui
789 1575 905 1621 sunt
938 1564 1238 1633 Laodicew,
1284 1578 1330 1622 et
1359 1569 1445 1640 qui
1472 1568 1755 1637 Hierapoli.
1803 1569 1911 1625 lllis

336 1674 549 1730 quoque
576 1675 700 1716 eum
726 1657 1085 1713 commendat.
1135 1657 1240 1713 Sed
1284 1658 1383 1714 hoc
1434 1660 1572 1713 unde
1608 1668 1759 1713 erant
1800 1660 1910 1731 sci-

336 1753 479 1808 turi?
511 1752 812 1807 Verisimile
855 1760 937 1806 est
977 1750 1100 1806 illos
1141 1752 1442 1819 audivisse;
1470 1751 1561 1806 sed
1594 1752 1754 1808 etiam
1781 1753 1907 1808 dum

334 1844 560 1916 epistola
584 1844 850 1914 legeretur
877 1843 1169 1899 discebant.
1221 1842 1396 1896 Facile
1431 1844 1569 1898 enim
1588 1885 1602 1911 ,
1635 1843 1823 1914 inquit,
1852 1853 1908 1898 ut

335 1945 381 1989 et
420 1935 475 1989 in
516 1934 893 1988 Laodicensium
936 1933 1165 1988 Ecclesia
1207 1936 1401 2005 legatur
1431 1934 1561 2008 (Col.
1604 1936 1658 1991 4.
1692 1934 1805 2010 16).
1838 1935 1906 1992 Ut

334 2028 493 2094 stetis,
523 2026 704 2095 inquit,
735 2027 959 2095 perfecti.
1003 2026 1176 2081 Simul
1217 2036 1270 2081 et
1298 2043 1391 2082 eos
1422 2029 1803 2097 reprehendit,
1849 2038 1905 2086 et

333 2133 435 2172 non
465 2118 656 2173 acerbe
683 2119 1049 2178 eos.admonet
1071 2127 1125 2174 et
1151 2118 1431 2173 consilium
1450 2119 1560 2174 dat.
1590 2119 1730 2175 Fieri
1759 2123 1899 2177 enim

330 2217 501 2279 potest
528 2218 581 2262 ut
612 2218 665 2263 et
688 2209 949 2279 quispiam
985 2209 1055 2264 sit
1086 2208 1352 2279 perfectus
1379 2219 1434 2265 et
1463 2225 1568 2264 non
1598 2219 1703 2266 stet
1730 2226 1745 2277 ;
1776 2220 1829 2265 ut
1854 2212 1900 2267 si

325 2302 443 2371 quis
463 2302 639 2356 omnia
669 2301 897 2367 noverit,
925 2301 1096 2356 adhuc
1116 2311 1292 2356 autem
1328 2301 1572 2358 vacillet:
1592 2302 1704 2358 lieri
1726 2312 1898 2372 potest

326 2391 483 2445 etiam
513 2401 570 2446 ut
598 2407 702 2445 non
729 2391 798 2445 sit
836 2392 1101 2461 perfectus
1124 2432 1141 2457 ,
1173 2406 1273 2447 nec
1296 2393 1583 2458 consistat;
1624 2401 1681 2446 ut
1706 2393 1750 2447 si
1780 2393 1898 2463 quis

323 2483 457 2537 sciat
497 2482 711 2552 quidem
759 2491 1006 2552 partem,
1055 2497 1155 2538 nec
1207 2492 1311 2536 Stet
1362 2483 1603 2538 lirmiter.
1659 2482 1764 2539 Sed
1811 2483 1897 2540 hic

324 2566 602 2643 utrumque
628 2582 793 2642 optat,
830 2571 897 2627 Ut
926 2574 1082 2639 stetis,
1115 2574 1301 2643 inquit,
1331 2574 1556 2642 perfecti.
1599 2572 1733 2630 Vide
1760 2590 1896 2646 quo-

322 2663 480 2717 modo
507 2678 600 2716 eos
629 2677 812 2717 rursus
836 2662 1169 2717 admonuerit
1206 2664 1466 2719 sermonis
1492 2663 1559 2718 de
1588 2666 1809 2734 angelis,
1840 2673 1891 2721 et

319 2753 386 2808 de
406 2754 531 2809 vita.
576 2752 642 2808 Et
673 2753 842 2824 pleni,
871 2754 1039 2823 inquit
1065 2795 1078 2818 ,
1106 2754 1159 2808 in
1184 2756 1321 2809 omni
1346 2757 1600 2811 voluntate
1624 2754 1743 2812 Dei.
1776 2755 1892 2813 Non

318 2846 459 2899 enim
486 2845 657 2899 solum
688 2844 885 2899 sufﬁcit
910 2845 1085 2901 facere
1113 2846 1204 2900 Dei
1243 2846 1589 2903 voluntatem.
1619 2848 1716 2904 Cui
1744 2849 1892 2904 enim

316 2946 397 2993 est
422 2938 577 3007 plene
621 2937 825 3006 aliquid
868 2952 1215 3007 persuasum,
1259 2955 1362 2993 non
1404 2940 1530 2995 sinit
1554 2941 1713 2995 aliam
1748 2942 1802 2996 in
1830 2957 1890 2999 se

314 3046 435 3086 esse
455 3031 784 3085 voluntatem
815 3047 827 3084 :
856 3030 1053 3101 alioqui
1092 3046 1197 3085 non
1244 3029 1399 3100 plene
1438 3046 1745 3101 persuasum
1791 3033 1889 3088 ha-

314 3124 485 3179 beret.
516 3120 903 3187 Testimonium,
935 3123 1139 3194 inquit,
1171 3123 1249 3177 illi
1274 3124 1510 3192 perbibeo
1531 3165 1545 3186 ,
1583 3125 1722 3194 quod
1743 3126 1889 3182 habet

311 3216 524 3269 multum
551 3215 733 3268 zelum.
762 3213 826 3268 Et
852 3212 1048 3278 zelum,
1078 3221 1132 3269 et
1175 3214 1396 3268 multum
1425 3230 1441 3278 ;
1470 3222 1751 3285 utrumque
1787 3232 1885 3271 au-

308 3315 398 3378 get
424 3316 479 3362 et
502 3306 791 3377 ampliﬁcat
822 3327 837 3361 :
866 3306 1002 3360 sicut
1026 3314 1079 3360 et
1099 3305 1213 3374 ipse
1242 3305 1387 3370 dicit,
1417 3306 1657 3361 scribens
1685 3307 1749 3361 ad
1777 3306 1884 3363 Co-

306 3397 537 3454 rinthios
564 3416 578 3452 :
612 3397 855 3452 ﬁmulor
882 3396 1014 3451 enim
1036 3412 1122 3451 vos
1148 3395 1244 3450 Dei
1262 3396 1371 3450 zelo
1403 3395 1478 3466 (2.
1519 3395 1638 3450 Cor.
1682 3398 1770 3452 ll.
1798 3398 1880 3467 2).

308 3491 396 3546 14.
427 3490 632 3545 Salutat
657 3505 742 3542 vos
768 3488 933 3542 Lucas
963 3486 1185 3540 medicus
1219 3487 1530 3539 carissimus.
1566 3486 1661 3541 llic
1683 3497 1765 3542 est
1794 3487 1883 3541 ille

302 3583 659 3653 evangelista.
689 3581 805 3636 Non
849 3596 973 3637 eum
1010 3589 1191 3635 autem
1222 3579 1528 3649 deprimens
1570 3583 1717 3649 ponit
1760 3583 1881 3636 ulti-

301 3692 479 3741 mum,
505 3675 599 3731 sed
636 3675 780 3728 illum
821 3673 1068 3740 extollit,
1098 3670 1421 3741 Epaphram.
1462 3672 1761 3728 Verisimile
1800 3684 1882 3729 est

300 3768 471 3824 fuisse
497 3768 654 3822 etiam
681 3765 815 3819 alios
838 3765 925 3833 qui
957 3769 1273 3818 vocarentur
1304 3762 1405 3818 hoc
1432 3764 1666 3818 nomine.
1694 3762 1759 3817 Et
1777 3764 1881 3820 De-

297 3873 436 3912 mas.
464 3856 598 3911 Cum
616 3856 856 3920 dixisset,
874 3852 1077 3908 Salutat
1101 3869 1186 3907 vos
1202 3851 1368 3907 Lucas
1394 3854 1637 3919 medicus,
1665 3855 1877 3925 adjecit,

297 3946 627 4002 Carissimus.
659 3946 771 4000 lloc
795 3959 1006 4014 quoque
1036 3959 1139 3998 non
1193 3959 1411 4012 parvum
1441 3953 1522 3998 est
1552 3947 1879 4013 encomium,

294 4039 391 4095 sed
427 4037 582 4093 valde
608 4052 876 4106 magnum,
905 4050 1026 4091 esse
1052 4034 1214 4089 Paulo
1235 4034 1588 4089 carissimum.
1617 4035 1703 4090 15.
1725 4034 1882 4090 Salu-

293 4138 399 4183 tate
429 4132 616 4199 fratres
643 4127 725 4196 qui
752 4135 866 4180 sunt
883 4125 1166 4191 Laodicete,
1197 4133 1243 4179 et
1272 4123 1589 4195 Nympham,
1621 4134 1667 4179 et
1691 4142 1802 4197 quae
1825 4128 1880 4182 in

290 4222 453 4275 domo
468 4221 578 4291 ejus
589 4227 659 4271 est
672 4216 973 4273 Ecclesium.
991 4217 1123 4272 Vide
1134 4218 1402 4287 quomodo
1422 4231 1515 4272 eos
1530 4218 1874 4288 conglutinat,

289 4321 344 4367 et
366 4315 517 4367 inter
539 4327 598 4366 se
616 4310 909 4379 coniungit,
936 4325 1041 4364 non
1062 4309 1232 4364 solum
1258 4309 1400 4379 quod
1431 4310 1758 4375 salutaverit,
1783 4311 1877 4367 sed

288 4404 463 4458 etiam
489 4401 632 4472 quod
677 4401 928 4471 epistolas
954 4400 1182 4455 dederit.
1228 4400 1429 4455 Deinde
1460 4413 1645 4453 rursus
1673 4402 1878 4470 gratiﬁ-

287 4502 453 4547 catur
473 4532 489 4557 ,
529 4476 650 4545 eum
679 4506 919 4546 seorsum
948 4488 1242 4560 appellans.
1278 4490 1390 4545 lloc
1413 4498 1588 4543 autem
1616 4488 1741 4544 facit
1770 4505 1877 4547 non

285 4583 410 4640 sine
428 4596 616 4651 causa,
648 4582 740 4637 sed
770 4583 904 4638 alios
927 4582 992 4637 ad
1020 4581 1261 4638 eamdem
1288 4581 1558 4637 adducens
1585 4581 1881 4637 aemulatio-

286 4690 441 4730 nem.
464 4674 650 4744 Neque
671 4676 810 4729 enim
828 4683 910 4728 est
927 4688 1166 4743 parvum,
1185 4672 1325 4743 quod
1346 4687 1448 4727 non
1468 4683 1879 4728 eonnumeratur

282 4782 413 4823 eum
449 4769 684 4823 caeteris.
717 4768 848 4822 Vide
878 4782 1008 4837 ergo
1034 4781 1191 4835 quam
1214 4780 1460 4835 magnum
1497 4780 1616 4820 eum
1647 4765 1881 4820 ostendit

285 4876 417 4917 esse
448 4860 648 4921 virum,
678 4860 721 4913 si
748 4858 964 4929 quidem
994 4856 1186 4912 domus
1220 4856 1336 4925 ejus
1362 4865 1478 4911 erat
1501 4856 1745 4913 ecclesia.
1791 4856 1876 4911 l6.

286 4949 357 5004 Et
386 4964 525 5005 cum
547 4949 675 5003 lecta
701 4949 852 5019 fuerit
883 4948 1022 5017 apud
1065 4962 1153 5001 vos
1201 4946 1436 5017 epistola,
1477 4946 1632 5016 facite
1666 4955 1719 4999 ut
1755 4955 1803 5000 et
1825 4946 1880 4999 in

287 5043 694 5097 Laodicensium
756 5042 982 5096 Ecclesia
1027 5042 1242 5114 legatur.
1288 5040 1413 5096 Mihi
1468 5041 1720 5096 videnlur
1761 5055 1884 5097 esse

285 5135 549 5200 quaedam
578 5149 642 5188 ex
675 5135 739 5189 iis
767 5150 883 5203 qua:
912 5133 1019 5189 illic
1047 5134 1243 5205 scripta
1271 5142 1393 5188 sunt
1412 5174 1426 5198 ,
1455 5149 1572 5203 quae
1598 5133 1695 5187 hos
1720 5132 1891 5187 etiam

282 5221 591 5296 oportebat
616 5224 822 5279 audire.
845 5224 912 5279 Et
934 5224 1018 5280 his
1043 5229 1216 5295 major
1240 5234 1354 5279 erat
1380 5224 1601 5287 utilitas,
1629 5238 1748 5278 cum
1775 5223 1882 5277 illis

287 5314 646 5382 reprehensis
673 5329 766 5369 sua
795 5324 1014 5385 peccata
1041 5322 1411 5386 agnoscerent.
1443 5312 1513 5367 Et
1535 5330 1593 5368 ea
1612 5329 1721 5384 quae
1748 5312 1884 5368 Lao-

285 5402 586 5457 dicensium
611 5414 684 5459 est
711 5446 727 5472 ,
754 5415 811 5458 ut
835 5414 886 5459 et
910 5421 999 5460 vos
1040 5407 1238 5476 legatis.
1285 5403 1511 5474 Quidam
1550 5403 1729 5459 dicunt
1775 5420 1880 5459 non

289 5493 456 5548 Pauli
482 5494 550 5548 ad
574 5496 717 5564 ipsos
739 5496 974 5563 missam,
1008 5496 1104 5551 sed
1135 5512 1254 5565 qua:
1280 5496 1346 5551 ab
1372 5496 1503 5565 ipsis
1528 5495 1602 5549 ad
1621 5495 1838 5549 Paulum
1864 5511 1878 5549 :

290 5601 408 5638 non
439 5586 592 5640 enim
616 5586 782 5653 dixit,
815 5588 945 5644 Eam
996 5603 1118 5659 quae
1144 5597 1235 5644 est
1262 5587 1337 5644 ad
1356 5587 1733 5653 Laodicenses,
1765 5588 1881 5656 sed,

292 5678 434 5744 Qui:
477 5679 674 5749 scripta
729 5693 800 5735 est
828 5700 859 5736 α
886 5681 1156 5740 Laodicea.
1187 5682 1276 5739 t7.
1308 5680 1377 5737 Et
1414 5682 1564 5738 dicite
1602 5681 1879 5754 Archippo,
1945 5765 1949 5769 Ἦ

1197 271 1266 328 IN
1300 274 1516 331 EPlST.
1558 277 1648 331 AD
1685 278 1962 338 COLOSS.
2003 280 2155 340 CAP.
2197 285 2283 341 IV.
2326 287 2553 348 llOSilL.
2596 294 2708 353 ΧΠ.
2778 297 2784 305 ’

3499 324 3611 384 δεῖ
3680 302 3685 306 ’

2046 395 2171 454 Vide
2197 401 2525 461 ministerium
2546 412 2684 480 quod
2708 418 2947 488 accepisti
2980 425 3035 480 in
3064 427 3280 487 Domino
3301 477 3315 499 ,
3381 451 3432 494 ut
3470 442 3608 498 illud

2032 488 2262 559 impleas.
2290 494 2398 550 Cur
2415 514 2519 554 non
2543 503 2726 559 scribit
2743 508 2808 562 ad
2833 510 3000 579 ipsum
3019 519 3044 570 ?
3069 488 3318 580 Fortasse
3342 542 3444 583 non
3466 547 3603 601 opus

2032 590 2167 648 erat,
2189 584 2282 639 sed
2305 588 2418 643 sola
2446 592 2593 647 nuda
2613 595 2994 671 admonitione,
3017 618 3072 663 ut
3098 611 3249 668 lieret
3274 584 3593 688 diligentior.

2033 669 2119 724 18.
2153 671 2408 731 Salutatio
2427 695 2535 733 mea
2561 699 2715 738 manu
2748 687 2924 744 Pauli.
2960 669 3071 752 Hoc
3095 711 3177 756 est
3206 669 3457 764 indician
3487 714 3598 768 sin-

2029 760 2263 818 ceritatis
2289 775 2341 819 et
2371 770 2636 838 amicitim,
2665 778 2804 845 quod
2845 790 2898 835 et
2927 784 3165 845 viderent
3192 792 3400 863 literas,
3439 810 3491 855 et
3540 803 3603 858 iu‘

2029 862 2119 905 eas
2148 865 2327 909 essent
2350 856 2541 915 allecti.
2574 863 2821 925 Memores
2846 882 2999 931 estate
3018 878 3327 939 vinculorum
3348 904 3591 950 meorum.

2027 938 2212 1010 Papae!
2235 957 2427 1014 quanta
2448 955 2771 1013 consolatio!
2792 961 2903 1019 Hoc
2931 969 3071 1023 enim
3099 973 3295 1030 sufﬁcit
3317 979 3383 1033 ad
3410 996 3504 1039 eos
3526 959 3602 1040 ad

2025 1033 2201 1088 omnia
2243 1038 2640 1112 adhortandos,
2686 1057 2740 1104 et
2765 1052 2832 1105 ad
2878 1058 3179 1118 reddendos
3232 1033 3500 1128 fortiores

2023 1125 2311 1181 certamina
2362 1144 2376 1180 :
2410 1145 2514 1184 non
2544 1135 2713 1191 solum
2755 1150 2935 1198 autem
2962 1146 3230 1221 fortiores,
3257 1158 3352 1213 sed
3398 1172 3451 1216 et
3495 1179 3591 1221 eos

2020 1212 2276 1271 reddebat
2306 1222 2472 1291 magis
2499 1223 2802 1286 familiares.
2839 1234 3015 1291 Gratia
3042 1242 3313 1302 vobiscum.
3335 1251 3514 1309 Amen.

2091 1301 2145 1356 2.
2172 1304 2413 1377 Magnum
2450 1318 2761 1399 .cncomium
2781 1363 2797 1386 ,
2839 1333 2897 1376 ει·
2920 1328 3089 1398 majus
3126 1335 3255 1389 aliis.
3285 1343 3528 1397 omnibus
3553 1386 3569 1407 ,

2020 1389 2199 1449 dicere
2230 1396 2301 1453 de
2327 1394 2595 1472 Epaphra,
2623 1409 2723 1472 Qui
2749 1421 2820 1466 est
2850 1430 2914 1469 ea:
2937 1389 3074 1474 vobis
3100 1439 3272 1479 servus
3288 1389 3590 1491 "E’t

2017 1484 2323 1544 ministrum
2373 1492 2548 1561 ipsum
2581 1514 2678 1569 pro
2712 1502 2843 1572 ipsis
2885 1507 3053 1579 dicit,
3086 1516 3224 1571 sicut
3252 1529 3304 1574 et
3347 1538 3404 1578 se
3457 1527 3588 1583 dicit

2018 1576 2317 1689 ministrum
2349 1582 2604 1644 Ecclesia:
2633 1608 2647 1644 :
2678 1602 2735 1648 ut
2754 1599 2965 1665 quando
2994 1603 3140 1672 dicit,
3174 1608 3331 1681 Cujus
3356 1617 3487 1671 enim
3511 1621 3588 1689 fui

2074 1668 2215 1689 _-_,___
2355 1674 2411 1689 .,
2503 1678 2561 1689 .,.
2603 1680 2613 1689 .
2674 1684 2688 1689 _
2748 1685 2825 1689 -,,_

2018 1662 2219 1763 Paulus
2244 1672 2470 1775 mminister
2497 1678 2631 1748 (Col.
2668 1684 2719 1738 1.
2742 1662 2858 1757 2-5).
2886 1691 2970 1746 Ad
2998 1662 3261 1757 eamdem!

2016 1753 2190 1809 virum
2220 1758 2392 1827 ell'ert,
2425 1779 2742 1829 conservum
2765 1793 2884 1834 eum
2911 1786 3162 1853 superius
3204 1753 3381 1862 νοσεῖ,
3412 1806 3469 1851 ει
3497 1799 3583 1856 hic

2012 1855 2245 1947 servum.
2267 1848 2366 1914 Qui
2386 1871 2449 1909 ex
2463 1859 2598 1915 vobis
2625 1872 2715 1929 est,
2740 1866 2941 1938 inquit;
2974 1882 3238 1947 tamquam
3265 1896 3384 1939 cum
3413 1898 3583 1946 matre

2010 1932 2300 2005 disserens,
2344 1953 2397 1998 et
2424 1947 2629 2020 dicens,
2658 1953 2757 2020 Qui
2783 1968 2866 2014 est
2895 1978 2959 2017 ex
2986 1974 3073 2021 tuo
3106 1981 3273 2026 utero.
3301 1973 3406 2031 Sed
3447 1979 3585 2034 invi-

2009 2025 2151 2081 diam
2176 2032 2439 2091 attulisset
2469 2038 2570 2097 hoc
2601 2050 2926 2107 encomium.
2955 2056 3242 2130 PrOpterea
3276 2082 3382 2123 non
3405 2085 3467 2125 ex
3498 2072 3581 2128 his

2006 2117 2135 2174 solis
2155 2136 2276 2177 eum
2297 2133 2669 2203 commendat,
2696 2139 2789 2194 sed
2808 2151 2861 2197 et
2881 2159 2945 2200 ex
2968 2147 3032 2203 iis
3049 2167 3166 2221 qua:
3193 2155 3258 2211 ad
3284 2158 3427 2228 ipsos
3453 2178 3574 2232 pcr-

2007 2208 2214 2267 tinent:
2245 2224 2300 2270 et
2325 2217 2431 2274 illic
2456 2223 2616 2280 solvit
2652 2228 2925 2302 invidiam,
2957 2247 3012 2293 et
3040 2208 3126 2297 hic
3167 2208 3397 2318 quoqbe.
3429 2208 3575 2307 Stein—

2004 2315 2113 2368 per,
2139 2302 2327 2414 inquit,
2352 2327 2446 2411 pro
2462 2315 2598 2369 vobis
2617 2319 2882 2380 sollicitus.
2911 2327 3027 2385 Non
3068 2302 3209 2390 nunc
3238 2302 3407 2394 solum

2003 2405 2102 2445 nos
2143 2401 2199 2448 ut
2240 2397 2394 2455 nobis
2422 2406 2704 2477 ostendat,
2746 2427 2921 2484 neque
2967 2423 3107 2489 apud
3154 2441 3248 2482 vos
3298 2397 3487 2486 solum‘
3516 2397 3574 2489 ut

2000 2481 2155 2539 vobis
2184 2489 2455 2546 ostendat.
2484 2492 2731 2566 Magnum
2762 2481 3018 2562 exhibuit.
3051 2481 3239 2570 animi
3262 2519 3492 2577 studium
3522 2535 3576 2581 et

1999 2573 2329 2633 alacritatem
2378 2582 2632 2654 dicendo,
2666 2590 2951 2651 Sollicitus.
2980 2600 3179 2660 Deinde
3209 2624 3275 2664 ne
3306 2573 3574 2671 videremr

1998 2665 2076 2720 eis
2122 2667 2389 2741 blandiri,
2444 2678 2763 2747 subjunxit:
2800 2685 2967 2742 Habet
3014 2696 3228 2751 multum
3269 2665 3572 2777 zelum—va

1997 2756 2153 2822 vobis,
2178 2767 2225 2811 et
2245 2777 2337 2829 pro
2358 2763 2420 2816 iis
2446 2767 2533 2837 qui
2559 2780 2674 2825 sunt
2698 2771 2972 2834 Laodicea:
2995 2792 3047 2836 et
3073 2787 3159 2855 qui
3187 2756 3571 2861 Hierapoli.rEt

1997 2844 2159 2914 illud,
2197 2849 2266 2906 Ut
2293 2856 2430 2911 stetis
2460 2864 2710 2931 perfecti,
2742 2881 2846 2922 non
2889 2878 2975 2926 est
3026 2844 3401 2938 assentationis
3423 2925 3439 2951 ,
3472 2888 3568 2943 sed

1995 2944 2274 3045 feverendi
2302 2954 2665 3021 praeceptoris.
2691 2956 2758 3013 Et
2784 2962 2998 3032 repleti,
3028 2966 3217 3038 inquit,
3236 2981 3289 3028 et
3317 2944 3563 3045 perfecti.

1994 3026 2125 3123 illud
2152 3035 2368 3103 quidem
2415 3038 2602 3109 dedit,
2651 3045 2754 3104 hoc
2780 3026 3147 3112 au—tem'dixit
3172 3026 3566 3123 deliciae.—

1992 3121 2146 3190 dixit,
2172 3125 2242 3181 Ut
2270 3145 2375 3185 non
2410 3131 2599 3190 labetis
2623 3178 2639 3205 ,
2665 3140 2757 3195 sed
2784 3184 2803 3211 ,
2832 3143 2902 3198 Ut
2927 3149 3085 3202 stetis.
3116 3150 3267 3216 Quod
3306 3166 3482 3212 autem
3533 3177 3563 3215 a

1990 3215 2173 3272 multis
2197 3220 2512 3291 salutentur,
2534 3227 2634 3282 hoc
2659 3244 2751 3286 eos
2777 3245 3005 3300 recreat,
3024 3242 3236 3308 quando
3262 3260 3368 3302 non
3391 3248 3561 3307 solum

1989 3304 2079 3373 qui
2109 3318 2233 3362 sunt
2263 3325 2331 3365 ex
2373 3312 2452 3367 eis
2500 3314 2861 3378 familiaritate
2889 3333 2944 3379 et
2997 3332 3393 3393 necessitudine
3432 3354 3562 3396 con—

1984 3392 2190 3463 juncti,
2221 3400 2316 3455 sed
2346 3403 2507 3458 etiam
2558 3407 2649 3461 alii
2683 3424 2867 3467 eorum
2894 3421 3276 3478 meminerunt.
3304 3427 3369 3482 Et
3414 3430 3565 3489 dicite

1985 3484 2245 3557 Archippo
2288 3506 2308 3545 :
2359 3491 2488 3546 Vide
2528 3498 2866 3557 ministerium
2907 3509 3043 3577 quod
3084 3516 3319 3586 accepisti
3358 3518 3411 3573 in
3454 3484 3563 3577 Dio;

1988 3578 2146 3632 mino.
2180 3581 2286 3636 Eos
2313 3587 2542 3642 maxime
2573 3589 2673 3659 ipsi
2705 3594 2937 3665 subjicit.
2962 3600 3076 3656 Non
3128 3614 3375 3674 poterant
3414 3615 3557 3668 enim

1986 3669 2212 3738 amplius
2260 3673 2409 3729 illum
2439 3691 2663 3749 arguere
2711 3686 2856 3754 ipsos
2900 3669 3307 3767 increpantem,
3340 3703 3556 3772 quando

1986 3760 2087 3830 ipsi
2144 3762 2449 3822 universum
2494 3778 2854 3842 susceperint.
2881 3778 2997 3836 Non
3041 3794 3125 3841 est
3170 3789 3313 3844 enim
3365 3794 3563 3850 rationi

1985 3865 2442 3925 consentaneum,
2473 3870 2531 3918 ut
2559 3864 2808 3937 discipuli
2854 3871 3033 3930 dicant
3086 3878 3155 3935 de
3210 3894 3555 3955 praeceptore.

1984 3944 2087 4001 Sed
2117 3947 2195 4002 eis
2218 3962 2279 4002 os
2310 3951 2592 4010 obstruens
2636 3957 2738 4013 hoc
2787 3960 2917 4018 dicit
2947 3983 2961 4019 :
2995 3944 3413 4044 Dicam-inquiti,
3456 3977 3558 4031 Ar.

1985 4037 2168 4108 clrippo
2196 4054 2215 4093 :
2256 4040 2396 4096 Vide.
2430 4044 2542 4102 lloc
2569 4050 2789 4105 verbum
2840 4070 3051 4125 semper
3076 4070 3157 4116 est
3181 4037 3427 4121 terrentis
3457 4086 3471 4122 :
3504 4078 3560 4124 ut

1983 4128 2193 4196 quando
2222 4129 2385 4197 dicit,
2416 4132 2590 4190 Videte
2615 4155 2766 4194 canes
2795 4142 3051 4216 (Philipp.
3075 4148 3127 4203 5.
3156 4150 3249 4222 2):
3288 4153 3459 4209 Videte
3498 4174 3560 4212 ne

1983 4219 2093 4286 quis
2119 4233 2203 4273 vos
2223 4223 2427 4276 seducat
2450 4240 2469 4278 :
2507 4224 2683 4283 Videte
2708 4248 2770 4285 ne
2788 4234 2957 4299 aliquo
2984 4238 3132 4291 modo
3155 4219 3252 4294 ista
3294 4254 3456 4298 vestra
3495 4247 3556 4299 liv

1981 4306 2146 4362 bertas
2170 4310 2234 4363 sit
2249 4310 2609 4377 o/I'endiculum
2628 4320 2842 4388 inﬁrmis
2866 4324 2997 4393 (Col.
3025 4327 3078 4381 2.
3098 4328 3152 4384 8.
3186 4332 3238 4385 l.
3258 4331 3375 4386 Cor.
3395 4335 3448 4390 8.
3476 4336 3554 4408 9).

1984 4397 2052 4450 Et
2080 4412 2293 4469 semper
2317 4402 2393 4457 sic
2418 4403 2550 4460 dicit
2580 4412 2792 4478 quando
2817 4421 3003 4471 terret.
3035 4416 3190 4488 Vide,
3220 4422 3427 4493 inquit,
3462 4397 3558 4481 mi-

1984 4492 2245 4546 nisterium
2274 4495 2411 4563 quod
2440 4501 2681 4568 accepisti
2708 4504 2764 4557 in
2792 4502 3011 4561 Domino
3029 4549 3047 4575 ,
3075 4520 3127 4564 ut
3167 4492 3305 4567 illud
3324 4516 3557 4586 impleas.

1983 4579 2165 4652 Neque
2185 4583 2313 4639 sinit
2338 4600 2462 4641 eum
2485 4602 2604 4645 esse
2630 4590 2907 4649 dominum
2934 4637 2949 4663 ,
2982 4598 3120 4654 sicut
3166 4602 3281 4672 ipse
3306 4579 3555 4663 dicebat:

1986 4676 2048 4730 Si
2072 4678 2202 4731 enim
2228 4677 2397 4734 volens
2437 4680 2532 4735 hoc
2557 4683 2692 4753 facio
2713 4724 2729 4749 ,
2782 4690 3058 4744 mercedem
3084 4691 3281 4762 habeo;
3319 4699 3366 4753 si
3390 4709 3557 4755 autem

1986 4765 2170 4822 invitus
2191 4810 2206 4836 ,
2239 4769 2553 4840 dispensatio
2578 4774 2702 4827 mihi
2747 4786 2819 4830 est
2862 4780 3059 4834 credita
3103 4784 3182 4854 (1.
3203 4785 3318 4842 Cor.
3351 4789 3405 4847 9.
3445 4791 3553 4863 l7).

1990 4858 2061 4914 Ut
2078 4861 2244 4931 ipsum
2268 4863 2480 4934 impleas
2507 4880 2527 4919 :
2555 4879 2767 4936 semper
2786 4870 2964 4927 studio
2989 4882 3144 4929 utens
3173 4893 3187 4930 :
3223 4878 3372 4943 Quod
3413 4858 3556 4935 acce-

1987 4953 2105 5023 pisti
2132 4955 2185 5008 in
2208 4953 2442 5010 Domino.
2475 4957 2679 5014 Rursus
2695 4960 2860 5029 illud,
2894 4964 2967 5028 in,
2995 4973 3095 5031 est,
3130 4982 3225 5037 per
3251 4968 3552 5027 Dominum.

1988 5043 2105 5113 Ipse
2131 5045 2224 5099 tibi
2257 5045 2421 5110 dedit,
2453 5065 2557 5104 non
2586 5064 2704 5106 nos.
2740 5051 2802 5106 Et
2828 5053 2949 5109 illos
2977 5056 3025 5111 ei
3056 5057 3271 5128 subjicit
3296 5100 3312 5126 ,
3340 5060 3558 5129 quando

1987 5135 2221 5191 ostendit
2244 5136 2296 5191 id
2336 5137 2435 5206 ipsi
2485 5138 2646 5196 fuisse
2695 5143 2947 5199 traditum
2975 5160 3003 5199 a
3036 5147 3279 5203 Domino.
3309 5148 3561 5205 Memores

1988 5234 2138 5280 estote
2156 5227 2468 5284 vinculorum
2487 5246 2728 5288 meorum.
2750 5230 2925 5287 Gratia
2944 5234 3212 5291 vobiscum.
3237 5237 3415 5291 Amen.
3439 5238 3556 5293 Solo

1990 5318 2075 5370 vit
2098 5326 2317 5372 metum.
2347 5318 2459 5374 Etsi
2486 5322 2626 5376 enim
2669 5322 2854 5378 doctor
2881 5333 2962 5379 est
3004 5324 3056 5378 in
3085 5325 3337 5391 vinculis,
3388 5330 3557 5399 gratia

1992 5414 2166 5461 tamen
2205 5423 2326 5463 eum
2353 5410 2530 5465 solvit.
2551 5412 2618 5468 Et
2665 5412 2765 5468 hoc
2791 5430 3005 5485 quoque
3042 5425 3126 5471 est
3176 5419 3360 5487 gratia:
3382 5463 3397 5487 ,
3424 5435 3552 5475 con-

1990 5497 2182 5553 cedere
2200 5508 2257 5553 ut
2276 5499 2388 5568 ipse
2411 5501 2617 5557 vinctus
2648 5518 2663 5554 :
2693 5503 2818 5559 audi
2846 5504 2988 5559 enim
3020 5506 3218 5561 Lucam
3249 5508 3515 5565 dicentem
3540 5528 3555 5565 :

1992 5589 2381 5645 Revertebantur
2397 5594 2617 5664 apostoli
2625 5612 2673 5651 ra
2694 5597 2824 5667 facie
2844 5599 3050 5653 concilii
3083 5601 3362 5671 gaudentes
3378 5642 3393 5668 ,
3422 5616 3561 5673 quod

1992 5682 2131 5753 digni
2155 5692 2315 5738 essent
2344 5685 2501 5741 habiti
2528 5703 2623 5760 pro
2648 5689 2847 5745 nomine
2871 5690 3030 5758 ipsius
3057 5692 3416 5749 contumeliam
3443 5698 3558 5767 pati
