4064 6210
383 314 491 375 385

388 434 524 504 (Act.
555 434 609 489 5.
646 432 759 506 tl).
794 432 1002 488 Revera
1032 428 1174 486 enim
1194 427 1415 498 dignum
1443 436 1566 479 esse
1592 419 1830 476 habitum
1858 423 1961 506 est,

388 536 442 579 et
470 505 854 581 contumeliam
882 538 1003 580 esse
1026 535 1243 594 passum
1274 558 1290 583 ,
1315 525 1371 573 et
1399 516 1633 571 vinctum
1669 525 1813 567 esse.
1835 505 1970 563 Nam

390 617 435 671 si
462 617 553 686 qui
583 624 729 671 amat
754 614 1078 686 quempiam,
1111 613 1319 667 lucrum
1348 621 1467 664 esse
1493 614 1644 678 putat
1674 603 1719 657 si
1753 596 1990 672 propter

389 716 624 761 amatum
661 720 848 777 passus
876 705 966 765 sit,
1017 701 1184 756 multo
1214 699 1381 769 magis
1412 707 1633 768 propter
1673 692 1967 750 Christum.

465 797 663 852 Paulus
702 795 986 865 exemplum
1029 793 1270 847 virtutum
1316 789 1563 845 omnium.
1592 816 1663 826 —
1709 784 1788 840 Ne
1841 795 1971 852 ergo

391 903 533 959 regre
559 887 792 943 feramus
828 884 1148 939 afﬂictiones
1175 890 1392 953 propter
1411 868 1708 941 Christum,
1739 873 1833 930 sed
1854 873 1972 929 vin-

394 979 634 1034 culorum
664 960 816 1032 Pauli
857 989 953 1031 nos
1004 989 1217 1045 quoque
1244 974 1410 1027 simus
1441 981 1746 1031 memores;
1784 973 1838 1019 et
1870 965 1971 1017 hoc

398 1072 469 1126 sit
509 1069 663 1125 nobis
687 1068 1008 1123 adhortatio.
1040 1065 1200 1121 Verbi
1232 1063 1419 1134 gratia,
1464 1060 1657 1116 suades
1680 1055 1964 1126 aliquibus,

391 1171 452 1217 ut
501 1160 823 1232 pauperibus
848 1158 976 1214 deut
1007 1165 1223 1227 propter
1262 1151 1570 1210 Christum?
1624 1147 1971 1204 reminiscere

391 1253 728 1307 vinculorum
761 1250 910 1306 Pauli
936 1289 952 1315 ,
979 1257 1034 1303 et
1062 1257 1114 1302 te
1142 1256 1194 1302 et
1223 1246 1344 1300 illos
1374 1241 1656 1313 pronuntia
1699 1240 1926 1294 miseros
1950 1275 1966 1301 ,

393 1344 440 1398 si
468 1343 555 1396 ille
583 1340 794 1412 quidem
821 1347 876 1395 et
891 1352 1083 1408 corpus
1102 1336 1248 1392 dedit
1277 1333 1504 1388 vinculis
1529 1337 1743 1401 propter
1769 1329 1962 1396 ipsum,

400 1443 459 1488 tu
503 1440 682 1486 autem
713 1446 780 1486 ne
829 1430 1003 1485 cibum
1048 1426 1261 1498 quidem
1301 1423 1642 1494 impertiaris.
1671 1418 1960 1474 Extol’leris

392 1532 611 1595 propter
640 1523 776 1577 bona
819 1519 1027 1590 opera?
1079 1515 1367 1572 recordare
1406 1513 1740 1569 vinculorum
1781 1508 1969 1575 Pauli,

391 1626 447 1670 et
471 1613 613 1685 quod
641 1611 770 1666 nihil
804 1609 907 1665 tale
934 1610 1008 1664 sis
1056 1622 1277 1679 passus,
1306 1620 1404 1661 nec
1448 1605 1586 1658 ultra
1617 1611 1667 1656 te
1723 1598 1968 1656 extolles.

394 1709 537 1763 Bona
588 1703 815 1777 proximi
878 1699 1271 1771 concupivisti?
1319 1705 1588 1753 memento
1637 1691 1972 1749 vinculorum

392 1800 579 1864 Pauli,
611 1806 666 1852 et
713 1794 919 1851 videbis
954 1808 1115 1863 quam
1147 1792 1215 1845 sit
1242 1788 1532 1845 absurdum
1576 1786 1726 1840 illum
1758 1781 1974 1853 quidem

393 1906 512 1946 esse
540 1892 593 1943 in
623 1886 870 1952 vinculis,
902 1894 954 1939 te
978 1895 1157 1939 autem
1190 1883 1242 1936 in
1270 1878 1499 1936 deliciis.
1524 1878 1731 1932 Rursus
1750 1872 1976 1929 delicia-

391 1999 509 2039 rum
539 1980 738 2037 teneris
762 1977 1077 2034 desiderio?
1110 1975 1203 2029 tibi
1233 1973 1413 2028 veniat
1444 1973 1496 2025 in
1521 1977 1758 2025 mentem
1788 1979 1977 2021 carcer

393 2075 543 2132 Pauli
575 2093 589 2130 :
625 2088 685 2130 es
715 2072 860 2127 illius
884 2068 1203 2139 discipulus,
1237 2080 1296 2121 es
1326 2063 1468 2119 illius
1488 2060 1805 2117 commilito.
1832 2060 1978 2124 Quo-

393 2167 556 2223 modo
570 2173 653 2221 est
678 2163 870 2220 rationi
894 2168 1337 2222 consentaneum,
1363 2164 1422 2211 ut
1439 2153 1735 2211 commilito
1759 2151 1973 2222 quidem

392 2260 461 2313 sit
490 2258 541 2312 iu
560 2255 806 2318 vinculis,
838 2263 892 2308 tu
921 2262 1100 2305 autem
1131 2249 1183 2303 in
1215 2245 1456 2302 deliciis?
1476 2245 1551 2300 Es
1580 2245 1631 2299 in
1664 2243 1972 2308 alﬂietioue,

391 2348 666 2404 existimas
712 2354 765 2400 te
808 2358 928 2400 esse
957 2340 1321 2397 derelictum?
1362 2337 1485 2393 audi
1511 2336 1673 2392 verba
1705 2335 1850 2391 Pauli
1877 2378 1891 2400 ,
1921 2343 1975 2390 et

394 2440 601 2495 videbis
625 2436 771 2509 quod
815 2450 937 2491 esse
992 2435 1048 2490 in
1077 2433 1408 2496 afﬂictione,
1442 2445 1551 2485 non
1598 2437 1682 2484 est
1723 2427 1975 2483 indicium

335 2598 338 2607 δ
396 2531 784 2587 derelictionis.
813 2528 903 2584 Vis
931 2536 1108 2583 vestes
1136 2526 1276 2582 ferre
1297 2523 1532 2581 sericas?
1562 2521 1848 2578 recordare
1863 2522 1980 2576 vin-

392 2626 635 2679 culorum
670 2621 839 2689 Pauli,
872 2629 928 2676 et
954 2636 1015 2677 ea
1044 2618 1369 2674 videbuntur
1398 2617 1588 2671 viliora
1624 2615 1814 2685 pannis
1860 2628 1979 2669 sor-

397 2715 539 2771 didis
583 2723 638 2770 et
665 2713 919 2770 emnosis.
945 2712 1038 2767 Vis
1080 2710 1258 2765 aureis
1290 2707 1484 2762 indui?
1516 2706 1609 2761 tibi
1661 2706 1880 2761 veniant
1921 2706 1976 2760 in

399 2816 638 2863 mentem
667 2803 878 2859 vincula
910 2802 1083 2865 Pauli,
1117 2811 1172 2856 et
1199 2799 1368 2854 nihilo
1401 2798 1494 2853 tibi
1512 2797 1838 2852 videbuntur
1866 2812 1975 2852 me-

398 2899 534 2953 liora
563 2912 709 2962 esse,
733 2909 894 2966 quam
926 2903 1082 2948 vetus
1109 2892 1325 2962 juncus.
1366 2890 1455 2944 \‘is
1493 2890 1716 2960 capillos
1741 2903 1937 2944 ornare
1960 2930 1974 2953 ,

394 3000 449 3047 et
469 2988 634 3045 videri
661 2985 916 3060 pulchra?
937 2983 1112 3055 cogita
1139 2982 1443 3053 squalorem
1471 2982 1619 3037 Pauli
1650 2983 1700 3037 in
1731 2997 1974 3048 carcere,

394 3095 449 3140 et
486 3083 553 3137 ad
585 3082 728 3137 illam
777 3078 1085 3136 accenderis
1127 3075 1573 3148 pulchritudinem
1596 3117 1611 3142 ,
1639 3084 1693 3130 et
1722 3074 1824 3129 hoc
1865 3076 1979 3129 exi-

396 3175 641 3232 stimabis
658 3188 777 3230 esse
798 3171 1214 3237 deformitatem,
1233 3177 1394 3240 atque
1415 3169 1609 3224 acriter
1635 3168 1975 3239 ingemisces,

400 3271 492 3325 illa
524 3267 730 3323 vincula
759 3266 1001 3335 cupiens.
1023 3262 1116 3317 Vis
1143 3265 1297 3318 tritos
1329 3261 1479 3316 fucos
1504 3270 1559 3316 et
1586 3260 1851 3332 pigmenta
1883 3260 1976 3315 tibi

397 3361 617 3428 illinire,
642 3367 697 3415 et
716 3357 945 3413 similia?
975 3357 1148 3427 cogita
1171 3355 1316 3410 illitis
1348 3354 1613 3423 lacrymas
1639 3371 1651 3407 :
1687 3352 1977 3407 triennium

400 3463 561 3511 noctu
611 3461 666 3508 et
707 3451 800 3507 diu
844 3465 949 3505 non
981 3447 1225 3504 cessabat
1256 3446 1403 3502 ﬂere.
1438 3446 1549 3501 [loc
1599 3446 1804 3501 mundo
1846 3460 1979 3499 orna

395 3558 515 3604 tuas
539 3560 703 3617 genas
734 3562 749 3600 :
784 3543 868 3599 ha:
897 3542 1151 3614 lacryma:
1177 3539 1321 3608 illas
1362 3537 1594 3593 reddunt
1641 3536 1976 3607 splendidas.

396 3639 512 3696 Non
543 3638 666 3695 dico
716 3646 773 3692 ut
816 3649 915 3706 pro
943 3633 1063 3701 aliis
1091 3631 1256 3693 ﬂeas;
1286 3629 1408 3684 volo
1455 3628 1707 3697 quidem,
1734 3627 1829 3682 sed
1877 3626 1978 3681 hoc

394 3743 477 3789 est
506 3740 559 3786 te
584 3731 778 3793 altius;
808 3741 993 3781 verum
1015 3723 1216 3779 suadeo
1254 3732 1308 3776 ut
1338 3721 1440 3775 hoc
1470 3719 1630 3774 facias
1661 3736 1756 3789 pro
1790 3734 1979 3788 pecca-

394 3824 463 3878 tis
492 3818 841 3876 tuis..lussisti
863 3817 1049 3870 vinciri
1078 3828 1325 3883 puerum,
1345 3824 1397 3866 et
1426 3812 1558 3866 irata
1579 3810 1680 3866 es?
1706 3819 1977 3864 memento

394 3912 731 3968 vinculorum
755 3909 926 3973 Pauli,
956 3916 1010 3962 et
1036 3906 1214 3960 statim
1244 3906 1401 3959 sistes
1430 3904 1598 3959 iram:
1630 3903 1977 3958 reminiscere

395 4018 496 4059 nos
533 4015 655 4057 esse
709 4015 776 4055 ex
822 3999 887 4053 iis
944 3998 1034 4067 qui
1093 3996 1255 4051 vincti
1309 4002 1472 4059 sunt,
1530 4009 1635 4049 non
1683 4009 1750 4049 ex
1792 3994 1858 4049 iis
1886 3996 1975 4064 qui

392 4092 679 4157 vinciunt;
738 4105 802 4145 ex
849 4089 916 4144 iis
970 4089 1061 4159 qui
1134 4094 1260 4141 sunt
1320 4085 1536 4141 contriti
1611 4086 1812 4151 corde,
1868 4101 1976 4141 non

392 4194 575 4241 autem
630 4199 696 4239 ex
746 4182 811 4237 iis
868 4180 957 4252 qui
1003 4188 1309 4236 conterunt.
1363 4177 1559 4234 Diilusa
1616 4193 1720 4245 es,
1757 4189 1813 4234 et
1863 4195 1978 4234 ma-

394 4292 555 4348 gmun
583 4273 797 4331 edidisti
828 4273 1189 4328 cachinnum?
1238 4270 1333 4327 tibi
1376 4270 1597 4326 veniant
1634 4270 1687 4325 in
1738 4281 1973 4327 mentem

395 4368 538 4423 illius
579 4366 734 4423 ﬂetus
759 4407 775 4433 ,
821 4372 876 4421 et
931 4364 1297 4436 ingemisces:
1339 4363 1505 4417 multo
1554 4361 1973 4432 splendidiorem

390 4469 446 4515 te
469 4458 701 4515 reddunt
729 4457 813 4512 ha:
856 4458 1129 4528 lacrymte.
1164 4454 1358 4509 Vidisti
1389 4468 1448 4510 se
1476 4453 1684 4511 deliciis
1712 4455 1976 4513 dedentes

389 4561 446 4607 et
469 4551 757 4607 saltantes?
784 4549 1068 4605 recordare
1091 4546 1207 4618 eius
1229 4547 1609 4618 lacrymarum.
1642 4547 1721 4602 Ex
1742 4562 1973 4619 quonam

391 4641 539 4697 fonte
569 4650 712 4696 tanta
757 4648 1076 4696 emanarunt
1120 4638 1319 4693 ﬂuenta
1348 4679 1364 4704 ,
1394 4645 1451 4691 ut
1494 4652 1559 4692 ex
1610 4638 1754 4693 illius
1803 4640 1976 4695 oculis

393 4733 681 4806 lacrymm?
704 4731 954 4788 Mentorea
982 4741 1155 4798 estote,
1171 4731 1362 4802 inquit,
1382 4731 1725 4802 tacrymarum
1749 4748 1976 4787 mearum

390 4823 740 4897 (Act.20.51),
771 4824 908 4881 sicut
934 4826 1020 4880 hic
1048 4825 1405 4879 vinculorum.
1433 4823 1500 4878 Et
1529 4824 1720 4880 merito
1739 4824 1844 4880 illis
1862 4825 1976 4882 haec

391 4916 625 4986 dicebat,
646 4932 767 4974 cum
790 4931 884 4973 eos
905 4916 1116 4988 Epheso
1140 4916 1376 4972 Miletum
1406 4917 1794 4974 accersivisset.
1824 4919 1976 4976 Dice-

390 5009 481 5064 bat
498 5010 640 5066 enim
670 5009 979 5066 doctoribus
1003 5026 1019 5076 ;
1047 5010 1115 5064 ab
1131 5009 1235 5065 illis
1259 5009 1473 5081 quidem
1492 5010 1711 5081 exigens
1729 5011 1890 5067 etiam
1918 5022 1976 5069 ut

387 5104 745 5173 congregem,
764 5101 832 5158 ab
862 5100 944 5155 his
973 5109 1153 5156 autem
1178 5101 1350 5156 solum
1381 5109 1440 5156 ut
1462 5102 1700 5172 pericula
1726 5103 1971 5162 subeant.

464 5195 521 5249 5.
544 5194 839 5262 Quemnam
871 5193 1070 5249 fontem
1098 5193 1179 5247 vis
1195 5207 1508 5263 comparare
1529 5209 1652 5249 cum
1690 5193 1773 5250 his
1798 5195 1972 5268 lacry-

389 5285 534 5343 mis?
563 5299 759 5341 eumue
784 5286 874 5356 qui
905 5294 1021 5340 erat
1059 5286 1113 5340 in
1162 5283 1428 5355 paradiso,
1454 5284 1545 5354 qui
1575 5283 1834 5355 irrigabat
1856 5285 1973 5341 uni-

390 5395 599 5436 versam
643 5378 884 5434 terram?
911 5376 1016 5434 Sed
1060 5376 1193 5432 nihil
1243 5374 1389 5431 dices
1414 5375 1622 5446 atquale
1654 5396 1668 5433 :
1699 5375 1787 5432 hic
1827 5376 1969 5432 enim

387 5471 509 5525 fons
554 5471 908 5544 lacrymarum
944 5469 1151 5524 animas
1204 5467 1482 5539 irrigabat,
1511 5482 1618 5523 non
1664 5477 1885 5524 terram.
1914 5469 1970 5526 Si

387 5565 656 5635 quispiam
684 5563 842 5621 nobis
888 5563 1188 5621 ostenderit
1227 5563 1451 5620 Paulum
1482 5563 1867 5635 lacrymantem
1917 5572 1974 5620 et

388 5664 692 5722 gementem
713 5694 732 5724 ,
759 5669 937 5711 annon
988 5655 1159 5712 multo
1200 5665 1343 5712 esset
1370 5656 1565 5711 melius
1589 5670 1713 5711 eum
1743 5655 1929 5712 videre
1953 5697 1969 5724 ,

388 5759 551 5814 quam
582 5747 1001 5807 innumerabiles
1026 5747 1221 5806 choros
1247 5750 1521 5820 eleganter
1544 5756 1599 5805 et
1630 5747 1782 5823 belle
1808 5763 1967 5805 coro-

1178 310 1234 371 S.
1275 305 1554 368 JOANNIS
1590 294 2056 358 CllllYSOSTOTtll
2095 297 2411 355 ARClllEP.
2452 298 2983 360 CONSTANT‘INOP.

3553 301 3657 358 38'l

2079 421 2232 471 natos
2259 415 2283 469 ἲ
2330 416 2406 472 De
2433 416 2586 473 vobis
2617 433 2723 475 non
2750 419 2942 491 laquor
2970 437 2982 475 :
3019 418 3115 477 sed
3167 420 3213 476 si
3239 421 3362 493 quis
3389 435 3419 476 a
3449 420 3656 478 theatro

2076 512 2136 559 et“
2155 519 2186 560 a
2211 519 2373 561 scena
2405 506 2638 565 abducto
2666 509 2850 579 alioue
2880 510 3245 568 incontinente
3286 522 3342 569 et
3365 511 3654 583 impudico,

2074 595 2165 665 qui
2190 610 2374 652 amore
2398 612 2687 670 corporum
2716 600 2908 673 ﬂagret
2932 610 2988 658 et
3010 602 3320 669 bacchetur,
3352 602 3659 659 ostenderet

2076 686 2305 757 puellam
2334 689 2593 760 virginem
2620 692 2674 747 in
2701 693 2821 765 ipso
2840 692 2973 751 ﬂere
3001 696 3193 762 aetatis,
3219 704 3282 752 .et
3309 711 3429 768 quae
3459 712 3578 752 cum
3603 698 3656 751 in

2076 775 2198 832 aliis
2241 782 2721 853 superet'aequales
2743 824 2759 850 ,
2787 792 2843 840 et
2870 786 3018 840 vultu
3048 786 3167 856 plus
3196 802 3354 858 quam
3402 788 3659 843 membris

2075 868 2303 934 cmteris,
2347 878 2401 924 et
2443 887 2562 941 quae
2602 880 2817 930 teneros
2863 876 3156 947 mollesque
3196 876 3391 933 habeat
3433 879 3659 943 oculos,

2076 955 2269 1012 leniter
2312 958 2607 1017 insidentes
2629 1004 2645 1031 ,
2696 963 2888 1020 leniter
2914 980 2974 1021 se
3004 967 3278 1023 volventes
3303 1008 3320 1034 ,
3351 967 3615 1024 ﬂexibiles
3638 1010 3653 1029 .

2077 1045 2257 1113 mites,
2288 1062 2537 1119 serenos,
2567 1052 2927 1123 subridentes,
2958 1056 3129 1111 multo
3160 1056 3363 1127 pudore
3391 1060 3661 1129 composié

2076 1144 2162 1191 tos
2196 1147 2252 1193 et
2278 1140 2443 1195 multa
2483 1142 2692 1213 gratia;
2725 1144 2891 1216 nigris
2923 1147 3193 1217 palpebris
3232 1148 3437 1205 inferne
3462 1160 3517 1206 et
3566 1165 3658 1203 su-

2079 1241 2241 1297 perne
2257 1230 2331 1284 sit
2353 1241 2628 1302 coronata,
2657 1243 2713 1291 et
2726 1236 3036 1305 animatam,
3061 1248 3120 1294 ut
3143 1239 3218 1295 ita
3243 1239 3440 1309 dicam,
3464 1242 3667 1297 habeat

2078 1319 2369 1389 pupillam,
2400 1323 2622 1380 nitidam
2666 1326 2940 1387 frontem:
2979 1329 3186 1386 inferne
3232 1341 3415 1388 autem
3459 1349 3652 1403 genam

2077 1409 2144 1466 ad
2173 1414 2491 1469 concinnum
2525 1418 2774 1475 ruborem
2822 1421 3144 1489 venientem,
3177 1423 3346 1479 instar
3376 1427 3659 1481 marmoris

2078 1504 2376 1573 subiectam
2409 1509 2619 1578 planam
2648 1519 2702 1566 et
2727 1528 2934 1584 azquam
2960 1533 2974 1570 :
3002 1514 3195 1572 deinde
3209 1517 3343 1572 mihi
3363 1518 3669 1574 ostenderit.

2080 1593 2300 1650 Paulum
2331 1598 2738 1670 lacrymantem,
2768 1619 2832 1659 ea
2863 1604 3081 1661 dimissa
3109 1606 3177 1663 ad
3204 1609 3377 1678 ipsum
3406 1619 3657 1680 spectan-

2079 1684 2204 1739 dum
2260 1689 2531 1746 exsilirem
2567 1692 2673 1748 :ab
2703 1694 2820 1764 ejus
2861 1695 3005 1750 enim
3055 1698 3228 1754 oculis
3284 1700 3675 1769 resplendehat

2080 1778 2426 1846 pulchritudo
2468 1783 2786 1851 spiritualis.
2817 1785 2950 1841 Nam
3012 1788 3098 1843 illa
3152 1789 3365 1860 quidem
3401 1790 3677 1861 juvennm-

2079 1870 2237 1942 erigit
2260 1872 2490 1941 animos,
2515 1876 2869 1949 accenditquc
2891 1887 2944 1934 et
2972 1881 3106 1945 urit;
3128 1880 3241 1936 haec
3266 1892 3445 1938 autem
3474 1891 3685 1938 contra

2079 1963 2402 2032 comprimit.
2432 1965 2600 2036 llujus
2629 1968 2723 2039 qui
2774 1970 2919 2026 videt
2962 1971 3145 2027 oculos
3164 2014 3189 2039 ,
3211 1973 3424 2028 oculum
3469 1977 3661 2028 anima:

2080 2051 2247 2107 efficit
2276 2055 2663 2126 pulchriorem,
2702 2068 2944 2116 ventrem
2975 2063 3296 2133 comprimit,
3325 2066 3497 2134 replet
3541 2066 3660 2135 pbi-

2081 2144 2322 2215 losophia
2353 2158 2407 2204 et
2438 2151 2601 2205 multa
2649 2155 3140 2224 commiseratione,
3167 2165 3221 2211 et
3267 2156 3659 2211 adamantinam

2081 2239 2294 2294 mollire
2316 2248 2491 2310 potest
2510 2243 2872 2300 animam.llis
2893 2246 3144 2319 lacrymis
3171 2249 3372 2319 rigatur
3400 2249 3657 2314 Ecclesia,

2083 2327 2166 2382 his
2198 2330 2509 2399 plantautur
2537 2333 2751 2390 animm.
2773 2336 2993 2392 Etiamsi
3021 2337 3091 2392 sit
3117 2339 3273 2409 ignis,
3304 2339 3386 2394 hac
3413 2339 3660 2411 larrynu:

2082 2432 2305 2489 possunt
2334 2424 2706 2495 exstinguere,
2749 2438 2805 2482 et
2845 2429 3158 2485 sensibilem
3186 2439 3241 2486 et
3284 2431 3612 2500 corporalem
3643 2449 3655 2483 :

2083 2512 2167 2567 ha:
2192 2513 2441 2587 lacrymze
2466 2518 2686 2588 sagittas
2712 2519 2931 2590 maligni
2960 2521 3155 2590 ignitas
3175 2523 3535 2593 exstinguunt.
3558 2521 3663 2576 Me-

2083 2605 2399 2662 minerimus
2442 2623 2570 2680 ergo
2614 2610 2732 2680 ejus
2779 2611 3138 2684 lacrymarum
3164 2655 3180 2679 ,
3221 2621 3277 2668 et
3323 2613 3685 2669 irridebinaus.

2081 2699 2262 2752 omnia
2294 2700 2598 2768 praesentia.
2630 2701 2738 2757 Has
2767 2702 3032 2775 lacrymas
3054 2703 3300 2759 Christus
3330 2705 3511 2760 beatas
3541 2721 3663 2775 prn-

2086 2791 2388 2859 nuntiabat,
2419 2792 2629 2859 dicens,
2661 2793 2809 2848 Beati
2828 2797 2915 2862 qui
2942 2796 3138 2867 lugent,
3168 2806 3214 2851 et
3234 2796 3365 2850 beati
3388 2799 3473 2865 qui
3497 2798 3620 2866 ﬂent
3642 2839 3657 2863 ,

2081 2882 2321 2948 quoniam
2375 2883 2475 2952 ipsi
2525 2884 2758 2938 ridebunt
2786 2884 3015 2959 (Matth.
3040 2888 3092 2942 5.
3121 2887 3208 2957 5).
3242 2886 3348 2942 llas
3401 2887 3662 2959 lacrymas

2084 2972 2403 3027 enuttebant
2430 2982 2485 3029 et
2511 2973 2678 3030 Isaias
2701 2983 2753 3030 et
2784 2974 3068 3032 .leremias.
3099 2979 3162 3032 Et
3194 2978 3283 3034 ille
3330 2979 3545 3050 quidem
3577 2982 3658 3034 di-

2084 3064 2243 3120 cebat
2267 3107 2282 3132 ,
2321 3066 2571 3122 Dimittite
2618 3085 2698 3123 me
2720 3111 2733 3135 ,
2763 3069 2892 3139 ﬂebo
2936 3088 3111 3126 nutare
3160 3071 3311 3144 (lsai.
3337 3072 3428 3126 22.
3450 3074 3507 3143 4)
3537 3090 3551 3128 :
3582 3074 3687 3129 hic.

2082 3168 2264 3212 autem
2292 3157 2537 3216 dicebat.
2567 3160 2695 3226 Quis
2723 3161 2862 3215 dabit
2883 3163 3040 3232 capiti
3065 3179 3174 3217 meo
3200 3180 3405 3235 aquam,
3436 3175 3481 3219 et
3501 3167 3663 3219 oculis

2083 3249 2207 3302 meis
2233 3249 2400 3318 fontes
2439 3251 2780 3322 lacrymarum
2810 3252 2942 3322 (Jer.
2967 3255 3021 3310 9.
3051 3254 3101 3327 1)
3123 3256 3146 3310 ?
3170 3270 3231 3311 ac
3283 3258 3328 3312 si
3376 3274 3482 3312 non
3513 3259 3665 3313 sulli-

2082 3339 2190 3395 ciat
2217 3339 2334 3395 fons
2361 3343 2638 3398 naturalis.
2666 3342 2807 3398 Nihil
2837 3354 2919 3399 est
2950 3345 3035 3400 his
3064 3347 3312 3419 lacrymis
3333 3349 3618 3419 jucundius
3650 3370 3664 3405 :

2084 3432 2275 3500 quovis
2302 3433 2411 3487 risu
2435 3442 2559 3488 sunt
2586 3433 2670 3489 hm
2705 3434 3076 3503 jucundiores.
3104 3439 3291 3494 Sciunt
3317 3441 3407 3511 qui
3438 3442 3620 3512 lugent
3645 3484 3662 3507 ,

2085 3531 2341 3591 quantam
2370 3523 2485 3578 haec
2526 3538 2613 3579 res
2655 3524 2849 3581 habeat
2887 3528 3331 3584 consolationem.
3359 3529 3437 3587 Ne
3474 3533 3666 3587 existi-

2085 3629 2295 3697 memus
2325 3631 2440 3670 rem
2469 3630 2591 3671 esse
2618 3617 3032 3689 deprecandam,
3067 3619 3160 3676 sed
3187 3621 3348 3677 etiam
3380 3622 3536 3678 valde
3563 3639 3666 3694 op-

2088 3705 2324 3759 tandam.
2360 3706 2474 3761 Non
2502 3719 2557 3762 ut
2575 3707 2663 3762 alii
2692 3718 2935 3778 peccent,
2960 3711 3054 3766 sed
3082 3722 3138 3765 ut
3168 3712 3296 3782 ipsis
3320 3714 3665 3782 peccantibus

2085 3812 2184 3852 nos
2235 3806 2615 3867 conteramur,
2663 3800 2852 3856 harum
2898 3803 3246 3859 recordemur
3273 3807 3661 3879 lacrymarum,

2086 3890 2279 3945 horum
2309 3892 2666 3948 vinculorum.
2699 3893 2842 3965 Ergo
2863 3904 2917 3951 et
2942 3911 3104 3968 super
3129 3899 3334 3954 vincula
3364 3901 3661 3959 descende-

2085 3986 2213 4039 bant
2243 3985 2495 4056 laeryma:
2529 4002 2543 4038 :
2576 4001 2696 4057 qua:
2744 3996 2923 4044 autem
2972 4005 3041 4045 ex
3068 3992 3293 4048 vinculis
3321 3996 3647 4066 percipitur,

2082 4075 2411 4146 voluptatem
2452 4092 2558 4131 non
2612 4078 2824 4135 sinebat
2871 4082 3073 4138 sentire
3117 4099 3264 4139 mors
3315 4101 3544 4157 eorum,
3571 4092 3663 4160 qui

2085 4167 2349 4237 peribant,
2381 4167 2747 4226 vincientium.
2772 4170 2876 4226 Pro
2906 4173 3014 4228 illis
3034 4175 3231 4245 quippe
3256 4176 3475 4235 dolebat
3500 4197 3518 4236 :
3550 4190 3666 4237 erat

2082 4257 2225 4312 enim
2251 4256 2543 4329 discipulus
2572 4258 2716 4315 illius
2759 4261 2848 4331 qui
2877 4260 3040 4319 ﬂebat
3091 4266 3399 4323 sacerdotes
3444 4268 3665 4325 Iudaeo-

2084 4365 2226 4417 rum,
2259 4365 2366 4404 non
2394 4350 2538 4421 quod
2567 4352 2742 4422 ipsum
2770 4363 2955 4410 essent
2984 4354 3039 4410 in
3084 4371 3298 4413 crucem
3326 4362 3533 4427 acturi,
3566 4363 3673 4418 sed.

2081 4444 2225 4515 quod
2254 4446 2353 4516 ipsi
2372 4448 2629 4518 perirent.
2657 4448 2765 4505 Nec
2795 4450 2908 4521 ipse
2928 4452 3074 4507 solus
3101 4452 3203 4508 hoc
3223 4452 3371 4520 facit,
3390 4457 3485 4511 sed
3503 4457 3667 4512 etiam

2082 4540 2216 4596 alios
2236 4539 2315 4595 sic
2339 4539 2673 4608 exhortatur,
2696 4542 2902 4612 dicens,
2930 4542 3125 4612 Nolite,
3156 4546 3344 4616 inquit,
3363 4547 3491 4616 flere
3511 4566 3666 4621 super

2082 4648 2162 4687 me
2185 4672 2201 4699 ,
2235 4631 2358 4702 ﬁlice
2383 4633 2670 4688 Jerusalem
2695 4633 2846 4705 (Luc.
2875 4634 2966 4691 ‘23.
2989 4635 3107 4706 28).
3134 4636 3398 4694 Viderunt
3440 4642 3665 4710 paradi—

2082 4740 2203 4781 sum
2230 4725 2320 4781 isti
2339 4725 2505 4792 oculi,
2536 4725 2791 4782 viderunt
2816 4728 3029 4785 tertium
3061 4729 3284 4799 etclam;
3314 4731 3410 4788 sed
3433 4748 3529 4789 eos
3554 4749 3677 4790 non.

2082 4828 2190 4875 tam
2219 4834 2419 4876 censeo
2461 4819 2648 4876 beatos
2678 4829 2897 4891 propter
2925 4820 3028 4878 hoc
3065 4826 3432 4893 spectaculum
3453 4867 3472 4893 ,
3501 4843 3673 4898 quam.

2082 4922 2300 4985 propter
2323 4911 2588 4983 lacrymas
2631 4927 2726 4982 per
2770 4927 2903 4983 quas
2932 4913 3181 4970 viderunt
3225 4916 3518 4973 Christum.
3552 4920 3670 4976 lloc

2080 5007 2297 5079 quidem
2338 5020 2528 5062 revera
2555 5012 2640 5061 est
2687 5006 2907 5062 beatum
2936 5022 2951 5061 :
2980 5022 3102 5062 nam
3129 5008 3245 5078 ipse
3261 5024 3476 5082 quoque
3499 5010 3570 5067 de
3595 5027 3669 5067 eo

2078 5098 2358 5171 gloriatur,
2381 5097 2565 5153 dicens
2588 5115 2601 5152 :
2624 5095 2679 5151 Ν
2681 5114 2812 5152 anne
2821 5097 2854 5151 .l
2859 5114 2998 5153 esum
3014 5098 3270 5155 Christum
3290 5099 3565 5157 Dominum
3579 5120 3673 5158 no-

2079 5199 2240 5247 strum
2257 5186 2698 5259 vidi(l.Cor.9.l)
2722 5188 2746 5243 ?
2777 5188 2871 5244 sed
2898 5198 2980 5245 est
2999 5189 3208 5247 beatius
3237 5192 3308 5245 ita
3330 5190 3483 5248 ﬂere.
3515 5192 3671 5251 Illius

2079 5278 2368 5352 spectaculi
2415 5277 2569 5334 multi
2594 5278 2811 5334 fuerunt
2838 5280 3161 5350 participes;
3189 5289 3245 5336 et
3286 5295 3382 5337 eos
3429 5283 3523 5353 qui
3552 5299 3668 5340 non

2079 5372 2292 5429 fuerunt
2320 5372 2640 5442 participes,
2670 5387 2857 5427 rursus
2905 5372 3091 5427 beatos
3155 5375 3462 5444 pronuntiat
3509 5375 3667 5431 Chri-

2079 5476 2198 5523 stus
2220 5507 2236 5533 ,
2263 5464 2450 5521 dicens
2473 5505 2489 5532 ,
2515 5462 2663 5519 Beati
2703 5464 2794 5536 qui
2831 5480 2933 5519 non
2984 5465 3214 5520 viderunt
3263 5477 3311 5520 ct
3340 5468 3666 5523 crediderunt

2084 5562 2263 5636 (Joan.
2290 5559 2506 5630 20.29)
2536 5576 2549 5613 :
2581 5557 2684 5614 hoc
2735 5566 2914 5614 autem
2968 5574 3078 5615 nou
3133 5560 3283 5615 multi
3333 5568 3457 5615 sunt
3504 5575 3663 5617 asse-

2078 5653 2251 5726 quuti.
2277 5652 2335 5709 Si
2362 5652 2522 5709 enim
2567 5650 2657 5709 hic
2702 5666 2925 5708 manere
2955 5662 3177 5724 propter
3224 5652 3495 5708 Christum
3520 5695 3535 5719 ,
3577 5662 3677 5709 est

2084 5744 2252 5817 magis
2280 5745 2640 5804 necessarium
2680 5759 2839 5815 quam
2865 5744 3087 5804 dissolvi
3137 5756 3191 5804 ut
3216 5745 3308 5831 .sit
3346 5760 3470 5805 cum
3498 5746 3673 5820 ipso.
