4072 6206
414 328 521 385 383

406 441 494 495 λιν
519 434 603 503 1b,
639 436 765 504 Ἐν,
790 435 879 491 διὰ
898 434 1130 508 Κυρίου,
1159 437 1323 491 ἐστίν’
1344 438 1512 502 Αὐτός
1535 455 1617 491 σοι
1643 436 1863 502 ἔδωκεν,
1885 435 1982 505 οὐχ

405 528 590 600 ἡμεῖς.
648 523 952 589 Κάκείνους
1008 523 1298 578 ύποτάττει
1372 523 1539 595 αύτῷ,
1589 522 1667 594 τῷ
1721 520 1987 576 δεικνύειν

405 615 558 688 παρὰ
597 612 736 668 Θεοῦ
775 611 981 676 αὐτοὺς
1024 612 1518 685 ἐγκεχειρισμένων
1568 605 1987 680 Μνημονεύετέ

402 722 520 775 μου
559 702 682 758 τῶν
732 699 991 771 δεσμῶν.
1035 700 1109 755 Ἦ
1154 699 1326 770 χάρις
1382 702 1510 771 μεθ’
1546 698 1734 770 ὑμῶν.
1775 696 1983 767 Ἀμήν.

406 792 512 846 Τὸν
537 789 704 861 φόϐον
719 788 926 843 ἔλυσεν.
952 788 1014 842 Et
1036 787 1145 859 γὰρ
1164 788 1258 843 καὶ
1274 790 1301 841 ὁ
1324 787 1638 850 διδάσκαλος
1656 789 1713 840 ἐν
1746 785 1982 855 δεσμοῖς,

407 879 522 933 ἀλλ’
569 879 603 949 ή
632 876 791 948 χάρις
822 874 986 928 αὐτὸν
1032 874 1172 928 λύει.
1204 876 1316 928 Kal
1347 873 1503 928 τοῦτο
1538 875 1637 944 τῆς
1676 872 1894 942 χάριτος
1922 869 1986 922 1b

409 966 713 1037 συγχωρεῖν
773 961 935 1016 αὐτὸν
978 961 1196 1032 δεθῆναι
1227 979 1242 994 υ
1289 960 1451 1015 ἄκουε
1492 949 1602 1029 γάρ
1641 957 1735 1012 τοῦ
1801 957 1987 1011 Λουκᾶ

407 1053 675 1122 λέγοντος,
698 1051 781 1104 ὅτι
811 1047 1222 1118 ’Υπέστρεφον
1244 1050 1298 1101 οι
1322 1047 1646 1102 ἀπόστολοι
1669 1042 1788 1098 ἀπὸ
1806 1056 1988 1110 προσ-

407 1138 573 1194 ώπου
636 1136 744 1193 τοῦ
783 1134 1111 1204 συνεδρίου
1137 1135 1450 1205 χαίροντες
1480 1131 1570 1185 ὅτι
1624 1127 1987 1197 κατηξιώθη-

414 1244 537 1282 σαν
557 1224 712 1293 ὑπὲρ
732 1222 840 1279 τοῦ
865 1224 1159 1293 ὀνόματος
1181 1220 1367 1279 αὐτοῦ
1394 1214 1810 1288 ἀτιμασθῆναι.
1839 1217 1987 1269 Κατ-

416 1313 714 1384 αξιωθῆναι
733 1311 843 1383 γὰρ
857 1311 1027 1375 ὅντως
1072 1311 1208 1375 ἐστὶ,
1228 1309 1322 1363 καὶ
1338 1308 1398 1361 1b
1422 1305 1787 1377 ἀτιμασθῆναι
1814 1303 1987 1358 καὶτὸ

418 1401 733 1473 δεθῆναι.Εί
749 1400 859 1471 γὰρ
885 1398 1161 1471 ἐρώμενόν
1184 1416 1268 1462 τις
1295 1397 1453 1468 ἔχων,
1473 1395 1662 1466 κέρδος
1690 1394 1900 1465 ἡγεῖται
1924 1391 1987 1444 τὸ

408 1490 474 1543 δι’
493 1488 698 1543 ἐκεῖνόν
713 1504 765 1541 τι
786 1487 1000 1553 παθεῖν,
1028 1486 1204 1558 πολλῷ
1222 1485 1421 1557 μᾶλλον
1442 1484 1501 1537 1b
1515 1482 1604 1535 διὰ
1618 1480 1711 1535 τὸν
1728 1480 1984 1552 Χριστόν.

480 1576 572 1647 Μὴ
620 1576 802 1630 τοίνυν
864 1573 1225 1646 ἀσχάλλωμεν
1285 1575 1413 1642 περὶ
1467 1570 1566 1633 τὰς
1641 1568 1848 1638 θλίψεις
1897 1567 1987 1621 διὰ

408 1663 663 1736 Χριστὸν,
695 1663 834 1717 ἀλλά
885 1660 1316 1740 μνημρνεύωμεν
1348 1660 1456 1713 τῶν
1484 1656 1700 1729 δεσμῶν
1765 1655 1985 1709 Παύλου

407 1753 503 1807 καὶ
533 1754 711 1823 ἡμεῖς,
740 1753 834 1806 καὶ
858 1750 1016 1804 τοῦτο
1043 1750 1183 1803 ἔστω
1200 1751 1233 1819 ἡ
1242 1749 1356 1820 μῶν
1384 1747 1691 1820 προτροπή·
1722 1740 1853 1812 οἷον,
1873 1760 1982 1798 πα-

414 1842 614 1910 ραινεῖς
635 1857 764 1903 τισι,
815 1839 1008 1910 πένησι
1039 1836 1220 1892 δοῦναι
1245 1837 1335 1891 διὰ
1366 1835 1599 1907 Χριστόν
1625 1850 1641 1899 ;
1678 1832 1989 1904 ἀνάμνησον

411 1927 610 1989 αὐτοὺς
640 1926 746 1979 τῶν
776 1925 988 1980 Παύλου
1033 1924 1271 1996 δεσμῶν,
1302 1924 1401 1978 καὶ
1452 1920 1649 1976 σαυτὸν
1703 1919 1991 1982 κάκείνους

414 2012 720 2080 ταλάνισον,
746 2014 795 2066 εί
828 2014 1035 2075 ἐκεῖνος
1067 2011 1165 2083 μὲν
1191 2012 1288 2066 καὶ
1311 2010 1372 2064 1b
1425 2009 1583 2079 σῶμα
1614 2007 1845 2075 ἐξέδωκε
1900 2006 1990 2058 δε-

416 2103 573 2172 σμοῖς
600 2101 669 2154 δι’
691 2099 874 2163 αὐτὸν,
917 2100 980 2153 σὺ
1009 2099 1067 2153 δὲ
1114 2098 1235 2153 οὐδὲ
1265 2099 1471 2169 τροφῆς
1512 2094 1829 2168 μεταδίδως.
1868 2094 1995 2147 Ἐπ-

410 2188 585 2260 ήρθης
628 2187 723 2240 ἐπὶ
761 2185 1186 2258 κατορθώμασι;
1228 2185 1596 2257 μνημόνευσον
1644 2181 1754 2236 τῶν
1779 2179 1989 2234 Παύλου

408 2275 644 2346 δεσμῶν,
672 2276 768 2329 καί
797 2276 880 2328 ὅτι
902 2274 1055 2328 οὐδὲν
1112 2272 1355 2327 τοιοῦτον
1401 2271 1621 2337 ἔπαθες,
1666 2270 1763 2323 καὶ
1807 2267 1990 2322 οὐκέτι

412 2362 722 2435 ἐπαρθήσῃ.
772 2360 1153 2433 Ἐπεθύμησας
1181 2360 1289 2414 τῶν
1320 2358 1414 2413 τοῦ
1457 2358 1717 2431 πλησίον;
1781 2355 1992 2430 μνημό-

409 2467 597 2504 νευσον
633 2449 743 2504 τῶν
776 2449 993 2503 Παύλου
1024 2447 1261 2520 δεσμῶν,
1310 2448 1406 2501 καὶ
1431 2447 1550 2517 ὄψει
1609 2444 1727 2509 πῶς
1790 2445 1991 2498 ἄτοπον

410 2539 614 2592 ἐκεῖνον
680 2537 782 2608 μὲν
841 2538 900 2590 ἐν
942 2535 1209 2600 κινδύνοις
1261 2530 1400 2589 εἶναι
1428 2576 1442 2601 ,
1499 2534 1558 2587 σὲ
1613 2533 1670 2586 δὲ
1755 2533 1989 2604 τρυφᾷν.

429 2625 815 2698 Ἐπεθύμησας
864 2624 1028 2678 πάλιν
1088 2622 1338 2694 τρυφῆς;
1392 2622 1450 2675 ἐν
1480 2619 1555 2692 νῷ
1608 2619 1742 2674 λάϐε
1773 2619 1833 2673 1b
1902 2619 1992 2672 δε-

417 2716 734 2786 σμωτήριον
782 2711 997 2766 Παύλου
1025 2730 1039 2743 ’
1098 2710 1307 2765 ἐκείνου
1361 2710 1607 2781 μαθητὴς
1650 2705 1719 2775 εἶ,
1781 2707 1991 2761 ἐκείνου

418 2799 852 2872 συστρατιώτης.
895 2798 1020 2861 Πῶς
1075 2797 1187 2868 ἔχει
1253 2796 1430 2862 λόγον,
1497 2796 1589 2849 τὸν
1627 2812 1726 2866 μεν
1756 2809 1987 2864 συστραο

427 2888 628 2961 τιὼτην
678 2889 737 2942 ἐν
773 2889 990 2959 δεσμοῖς
1043 2882 1217 2952 εἶναι,
1280 2886 1339 2938 σὲ
1396 2884 1453 2937 δὲ
1513 2885 1571 2936 ἐν
1632 2885 1847 2954 τρυφῇ;
1905 2878 1993 2934 Ἐν

411 2977 586 3047 θλίψει
625 2976 883 3046 γέγονας,
939 2974 1196 3045 ἐνόμισας
1241 2970 1764 3041 ὲγκαταλελεῖφθαι;
1826 2970 1992 3024 ἄκουε

406 3066 515 3118 τῶν
567 3065 781 3120 Παύλου
856 3062 1054 3131 λόγων,
1132 3061 1228 3115 καὶ
1284 3059 1404 3129 ὄψει
1467 3058 1548 3111 ὄτι
1591 3057 1653 3109 τὸ
1709 3058 1768 3109 ἐν
1815 3054 1992 3125 θλίψει

409 3151 551 3210 εἶναι
601 3156 701 3209 οὐκ
757 3150 1197 3222 ἐγκαταλείψεώς
1260 3150 1375 3202 ἐστι
1444 3146 1764 3217 τεκμήριον.
1808 3144 1993 3208 Θέλεις

410 3232 613 3312 σηρικά
645 3242 832 3311 φορεῖν
874 3240 1067 3309 ἱμάτια
1094 3254 1109 3303 ;
1167 3235 1476 3306 μνημόνευε
1506 3233 1615 3286 τῶν
1665 3229 1876 3284 Παύλου
1908 3231 1995 3284 δε-

411 3330 584 3403 σμῶν,
639 3329 736 3383 καὶ
764 3329 938 3383 ταῦτά
990 3344 1071 3380 σοι
1102 3328 1354 3396 φανεῖται
1406 3322 1515 3377 τῶν
1564 3320 1770 3393 ῥακίων
1842 3321 1978 3373 άτιη

412 3418 614 3489 μότερα
639 3416 749 3471 τῶν
781 3414 1299 3487 βεϐορϐορωμένων.
1323 3411 1512 3493 Θέλεις
1543 3408 1742 3480 χρυσία
1773 3405 1993 3478 περιθέο

411 3506 569 3573 σθαι;
626 3507 684 3559 ἐν
718 3504 795 3574 νῷ
829 3503 963 3557 λάϐε
998 3504 1069 3556 τά
1118 3500 1331 3555 Παύλου
1393 3498 1587 3566 δεσμὰ,
1638 3495 1733 3549 καὶ
1781 3495 1991 3564 σχοίνου

410 3593 644 3657 παλαιᾶς
688 3593 841 3646 οὐδὲν
871 3590 1095 3663 ἄμεινόν
1155 3606 1237 3642 σοι
1266 3587 1408 3654 δόξει
1462 3584 1634 3638 ταῦτα
1667 3582 1988 3637 διακεῖσθαι.

407 3681 595 3747 Θέλεις
619 3680 882 3735 διαθεῖναι
924 3678 1026 3741 τάς
1066 3676 1277 3748 τρίχας,
1308 3675 1402 3728 καὶ
1461 3670 1601 3743 καλὴ
1660 3670 1987 3741 φαίνεσθαι;

408 3765 660 3836 ἐννόησον
683 3762 774 3817 τὸν
805 3762 1018 3833 αὐχμὸν
1060 3760 1155 3814 τοῦ
1193 3757 1407 3813 Παύλου
1447 3755 1540 3809 τὸν
1569 3756 1627 3807 ἐν
1658 3753 1735 3824 τῷ
1782 3753 1992 3824 δεσμω-

407 3854 602 3925 τηρίῳ,
644 3851 739 3906 καὶ
790 3850 1037 3921 ἐκκαήσῃ
1095 3847 1232 3918 πρὸς
1293 3846 1469 3898 ἐκεῖνο
1515 3842 1576 3897 1b
1602 3841 1836 3906 κάλλος,
1894 3840 1992 3893 καὶ

407 3943 568 3995 τοῦτο
596 3939 832 4010 ἐσχάτην
859 3936 1010 4010 [415]
1037 3937 1221 4009 ἡγήσῃ
1244 3932 1562 3998 δυσείδειαν,
1594 3930 1691 3984 καὶ
1716 3926 1991 3995 στενάξεις

411 4030 626 4102 πικρῶς
651 4027 995 4100 ἐπιθυμοῦσα
1023 4026 1246 4079 ἐκείνων
1266 4024 1374 4078 τῶν
1394 4020 1630 4093 δεσμῶν.
1660 4020 1846 4082 Θέλεις
1866 4019 1991 4072 ἐπι-

409 4120 695 4195 τρίμματα
732 4116 829 4170 καὶ
858 4113 1183 4187 ὑπογραφάς
1211 4114 1378 4183 ἑαυτῇ
1410 4109 1733 4178 περιθεῖναι,
1774 4107 1870 4161 καὶ
1889 4107 1989 4161 ὅσα

407 4205 674 4274 τοιαῦτα;
729 4206 983 4275 ἐννόησον
1034 4201 1104 4255 τὰ
1162 4200 1371 4253 ἐκείνου
1421 4198 1633 4269 δάκρυα
1659 4210 1674 4223 ·
1724 4196 1986 4266 τριετίαν,

408 4294 580 4349 νύκτα
626 4293 723 4347 καὶ
749 4293 967 4363 ἡμέραν
993 4290 1094 4343 οὐκ
1122 4286 1356 4341 ἐπαύετο
1385 4284 1655 4355 δακρύων.
1701 4282 1889 4352 Τούτῳ
1911 4281 1989 4353 τῷ

409 4385 601 4456 κόσμῳ
652 4379 966 4445 κσλλὼπιζε
989 4379 1090 4451 τὴν
1140 4376 1415 4450 παρειάν’
1461 4372 1636 4425 ταῦτα
1661 4370 1731 4424 τὰ
1778 4370 1990 4443 δάκρυα

408 4470 670 4543 λαμπρὰν
710 4470 883 4542 αὐτὴν
923 4466 1236 4539 ἐργάζεται.
1274 4464 1349 4518 Οὐ
1371 4461 1515 4530 λέγω
1549 4460 1638 4513 ἵνα
1694 4457 1836 4530 ὑπὲρ
1879 4458 1989 4512 τῶν

408 4559 585 4618 ἄλλων
630 4555 873 4631 δακρύῃς
928 4554 1230 4629 (βούλομαι
1273 4551 1370 4622 μὲν
1410 4548 1519 4620 γὰρ
1550 4545 1843 4611 καὶτοῦτο,
1873 4544 1989 4599 ἀλλ’

408 4645 678 4717 ἀνώτερόν
725 4642 819 4698 σού
855 4645 970 4697 ἐστι
1000 4639 1204 4710 τοῦτο),
1227 4638 1340 4693 ἀλλ’
1369 4637 1507 4708 ὑπὲρ
1535 4634 1642 4689 τῶν
1673 4634 1781 4688 σῶν
1811 4635 1991 4706 ἀμαρ-

409 4734 476 4804 τη
485 4733 673 4807 μάτων
708 4730 869 4784 τοῦτο
898 4726 1146 4800 παραινῶ
1175 4726 1369 4781 ποιεῖν.
1406 4722 1731 4785 Ἐκέλευσας
1757 4721 1988 4793 δεσμευ-

412 4821 573 4892 θῆναι
607 4818 794 4882 παῖδα,
826 4816 921 4872 καὶ
947 4815 1222 4888 ὡργίσθης
1250 4813 1344 4867 καὶ
1401 4809 1791 4884 παρωξύνθηςς
1851 4825 1990 4881 μνη-

412 4912 609 4982 μόνευε
633 4908 745 4964 τῶν
798 4906 1008 4962 Παύλου
1047 4902 1283 4974 δεσμῶν,
1344 4901 1438 4955 καὶ
1484 4899 1700 4971 ,εὐθέως
1762 4898 1995 4963 παύσεις

410 4999 510 5069 τὴν
543 4998 716 5070 ὀργήν
740 5013 757 5030 ο
788 4992 1166 5067 ἀναμνήσθητι
1189 4992 1272 5045 ὅτι
1318 4989 1429 5044 τῶν
1464 4987 1762 5060 δεδεμένων
1805 4989 1986 5058 ἡμεῖς,

410 5082 598 5139 ἀλλὀὐ
624 5083 733 5137 τῶν
761 5082 987 5136 δεόντων
1013 5090 1057 5145 ⁸,
1084 5080 1191 5134 τῶν
1214 5075 1687 5150 συντετριμμένων
1716 5074 1813 5147 τὴν
1838 5091 1989 5146 καρ-

413 5171 551 5238 δίαν,
588 5170 703 5225 ἀλλ’
736 5171 798 5225 οὐ
853 5168 964 5222 τῶν
1015 5166 1426 5239 συντριϐόντων.
1460 5163 1724 5235 Διεχύθης
1762 5163 1854 5216 καὶ
1894 5162 1988 5215 ἀν-

413 5260 723 5331 εκάγχασας
783 5257 965 5329 μέγα;
1012 5255 1220 5309 ἔννοιαν
1256 5252 1389 5307 λάϐε
1417 5252 1527 5306 τῶν
1574 5251 1783 5305 ἐκείνου
1830 5249 1988 5319 ὀδυρ-

416 5347 554 5416 μῶν,
622 5347 718 5400 xal
776 5343 1085 5411 στενάξεις⁸
1150 5339 1328 5411 πολλῷ
1382 5357 1440 5393 σε
1495 5338 1879 5410 λαμπροτέραν
1916 5334 1984 5388 τὰ

410 5435 625 5506 δάκρυα
650 5432 826 5488 ταῦτα
861 5432 1151 5487 δείκνυσιν.
1183 5426 1336 5491 Εἶδες
1364 5426 1686 5498 τρυφῶντας
1736 5426 1831 5478 καὶ
1887 5423 1985 5495 ὀρ·

412 5523 745 5593 χουμένουςς
805 5521 1173 5594 μνημόνευσον
1214 5517 1376 5572 αὐτοῦ
1408 5517 1517 5570 τῶν
1546 5514 1812 5587 δακρύων.
1853 5512 1986 5567 Ποία

413 5610 566 5681 πηγὴ
588 5609 825 5664 τοσαῦτα
877 5608 1138 5664 ἀνέϐλυσε
1192 5606 1429 5676 νάματα,
1487 5603 1563 5667 ὡς
1616 5603 1666 5656 οί
1688 5646 1691 5648 .
1717 5601 1989 5673 ὀφθαλμοὶ

479 5750 499 5775 ⁸
530 5756 669 5811 Unus
681 5756 790 5808 cod.
808 5762 861 5808 et
884 5768 1037 5819 marg.
1063 5750 1215 5806 Savil.
1238 5749 1560 5815 δεσμούντων.

1298 324 1364 380 ΙΝ
1402 324 1620 382 EPIST.
1650 323 1739 380 AD
1776 317 2063 378 COLOSS.
2094 321 2247 381 CAP.
2286 323 2378 380 IV.
2414 324 2650 382 HOMIL.
2690 324 2807 381 ΧΠ.

3547 329 3653 385 ὃδί

2096 435 2291 491 ἐκεῖνοι
2323 437 2391 493 τά
2415 439 2626 507 δάκρυα
2651 457 2666 503 ;
2737 436 3150 507 Μνημονεύηέ
3169 454 3310 506 μου,
3338 439 3490 509 φησὶ,
3540 441 3662 493 τῶν

2092 522 2385 592 δακρύων,
2445 524 2634 597 ῶσπερ
2660 526 2768 579 τῶν
2791 524 3005 597 δεσμῶν
3031 524 3283 581 ἐνταῦθα.
3333 525 3444 580 Kal
3512 527 3659 580 είκόο

2092 627 2200 675 τως
2252 611 2474 677 ἐκείνοις
2500 613 2673 667 ταῦτα
2710 608 2884 679 εἶπεν,
2912 612 3075 685 ἡνίκα
3109 613 3217 666 ἀπὸ
3260 615 3359 685 τῆς
3432 613 3661 682 Ἐφέσου
3715 616 3732 637 ‘

2092 700 2288 762 αὐτοὺς
2324 700 2703 771 μετεστείλατο
2728 702 2808 764 είς
2839 700 2937 773 τὴν
2992 699 3253 771 Μίλητον.
3314 699 3660 763 Διδασκάλοις

2091 785 2201 856 γὰρ
2247 787 2450 856 ἔλεγεν·
2510 787 2649 841 ὥστε
2700 788 2942 849 ἐκείνους
2987 787 3085 858 μὲν
3136 786 3231 840 καὶ
3281 786 3344 839 1b
3407 786 3661 856 συνάγειν

2091 875 2333 940 ἀπαιτεῖ,
2372 873 2595 939 τούτους
2625 874 2683 927 δὲ
2718 875 2779 927 τὺ
2817 874 3148 929 κινδυνεύειν
3170 873 3329 945 μόνον
3363 874 3414 929 δ.

2161 966 2232 1029 γ’.
2254 960 2420 1016 Ποίαν
2437 960 2616 1032 βούλει
2632 962 2965 1033 παραϐαλεῖν
2981 961 3165 1033 πηγὴν
3181 963 3292 1025 τοῖς
3303 959 3663 1031 δάκρυσιτούο

2089 1065 2237 1116 τοις;
2267 1048 2364 1120 τὴν
2398 1050 2456 1102 ἐν
2483 1049 2561 1121 τῷ
2599 1049 2930 1121 παραδείσῳ,
2959 1050 3057 1120 τὴν
3087 1048 3410 1114 ποτίζουσαν
3430 1050 3532 1120 τὴν
3558 1051 3663 1119 γῆν

2090 1133 2338 1201 ἂπασαν;
2386 1134 2526 1189 Ἀλλ’
2558 1136 2713 1190 ούδέν
2738 1136 2849 1190 ἴσον
2881 1138 3025 1209 ἐρεῖς
3045 1153 3058 1166 ·
3085 1135 3223 1207 α’ύτη
3255 1137 3360 1208 γὰρ
3386 1138 3419 1208 ἡ
3444 1136 3552 1189 τῶν
3576 1136 3665 1189 δα-

2091 1220 2274 1291 κρύων
2303 1221 2455 1293 πηγὴ
2501 1221 2679 1293 ψυχὰς
2727 1221 3006 1289 ἐπότιζεν,
3050 1223 3110 1275 ού
3154 1223 3274 1294 γῆν.
3324 1222 3391 1276 Εἴ
3416 1240 3499 1286 τις
3531 1225 3670 1294 ἡμῖν

2090 1308 2489 1381 δεδακρυμένον
2539 1310 2706 1376 ἔδειξε
2762 1310 2972 1365 Παῦλον
3028 1312 3124 1365 καὶ
3184 1310 3540 1375 στενάζοντα,
3599 1311 3660 1363 ού

2092 1395 2274 1466 πολλῷ
2317 1392 2387 1468 ἦν
2432 1398 2636 1469 βέλτιον
2664 1399 2820 1464 ίδεῖν,
2851 1399 2884 1471 ἢ
2916 1400 3110 1471 χοροὺς
3158 1399 3383 1471 μυρίους
3426 1397 3662 1471 φαιδρῶς

2093 1484 2609 1555 ἐστεφανωμένουςς
2665 1486 2740 1540 Οὐ
2788 1486 2930 1556 λέγω
2975 1488 3101 1559 περὶ
3141 1488 3330 1558 ὑμῶν’
3363 1486 3475 1542 ἀλλ’
3510 1487 3562 1539 εί
3582 1502 3665 1548 τις

2092 1569 2200 1624 ἀπὸ
2224 1570 2319 1624 τοῦ
2341 1571 2571 1643 θεάτρου
2594 1573 2803 1643 καὶτῆς
2827 1573 3035 1643 σκηνῆς
3057 1573 3382 1636 ἀποσπάσας
3403 1570 3526 1625 τινὰ
3553 1570 3673 1623 τῶν

2092 1658 2407 1714 ἀκολάστων
2439 1660 2794 1729 ἐκκαιόμενον
2844 1662 2938 1714 καὶ
2987 1661 3385 1732 βακχευόμενον
3435 1660 3513 1729 τῷ
3556 1658 3666 1713 τῶν

2096 1747 2364 1816 σωμάτων
2387 1746 2572 1817 ἔρωτι,
2599 1746 2806 1800 ἐδείκνυ
2831 1747 3001 1818 κόρην
3026 1748 3291 1819 παρθένον
3314 1748 3372 1800 ἐν
3394 1747 3542 1817 αὐτῷ
3566 1747 3670 1815 τῆς

2094 1832 2313 1903 ἡλικίας
2342 1834 2420 1904 τῷ
2452 1833 2601 1888 ἄνθει
2626 1832 2697 1887 τά
2725 1851 2784 1887 τε
2818 1833 2954 1888 ἄλλα
2979 1834 3216 1887 νικῶσαν
3250 1833 3349 1898 τάς
3376 1834 3664 1904 ὁμήλικας,

2095 1922 2191 1975 καὶ
2220 1924 2288 1994 τῇ
2320 1921 2439 1993 ὄψει
2475 1923 2615 1995 ὑπὲρ
2648 1922 2716 1976 τὰ
2743 1923 2905 1978 λοιπά
2946 1923 3104 1995 μέλη,
3142 1923 3418 1994 ὀφθαλμὸν
3441 1922 3672 1993 ἔχουσαν

2096 2007 2303 2063 ἁπαλὸν
2326 2009 2421 2063 καὶ
2466 2010 2707 2081 μαλακὸν
2741 2011 3114 2083 ἐγκαθήμενον
3144 2011 3345 2082 ἡρέμα,
3381 2027 3669 2082 περιστρε-

2096 2096 2329 2170 φόμενον
2366 2098 2575 2169 ἡρέμα,
2612 2098 2801 2170 ὑγρὸν,
2835 2100 3062 2171 ἥμερον,
3089 2099 3321 2172 γαληνὸν
3354 2098 3665 2170 μειδιῶντα,

2094 2185 2191 2239 καὶ
2243 2186 2409 2258 πολλῇ
2461 2187 2559 2257 μὲν
2597 2186 3056 2255 περιεσταλμένον
3097 2190 3164 2259 τῇ
3200 2187 3365 2254 αίδοῖ,
3411 2185 3578 2256 πολλῇ
3610 2185 3667 2238 δὲ

2095 2274 2162 2344 τῇ
2192 2273 2409 2344 χάριτι,
2460 2273 2744 2345 βλεφαρίσι
2786 2277 3014 2337 κυαναῖς
3048 2275 3290 2328 κάτωθεν
3325 2275 3419 2329 καὶ
3465 2273 3677 2328 ἄνωθεν

2097 2360 2569 2433 ἐστεφανωμένην,
2625 2362 2724 2432 τὴν
2784 2362 2952 2433 κόρην
3004 2361 3275 2433 ἔμψυχον,
3330 2363 3407 2426 ὡς
3457 2363 3667 2425 εἰπεῖν,

2098 2447 2328 2519 ἔχουσαν
2359 2491 2374 2515 ,
2420 2448 2640 2520 λάμπον
2679 2440 2740 2503 1b
2785 2451 3068 2520 μέτωπον,
3102 2449 3345 2505 κάτωθεν
3383 2449 3546 2503 πάλιν
3572 2449 3677 2520 τὴν

2098 2533 2331 2606 παρειὰν
2360 2536 2439 2599 είς
2469 2535 2671 2605 ἀκριϐῆ
2706 2537 3044 2608 ἐρυθρότητα
3073 2537 3495 2609 ἀφικνουμένην,
3529 2554 3671 2607 μαρ-

2102 2622 2277 2694 μάρου
2305 2621 2461 2692 δίκην
2508 2621 2658 2677 λείαν
2698 2623 3063 2693 ὑποκειμένην
3086 2664 3100 2688 ,
3128 2625 3336 2696 ὁμαλήν
3356 2642 3370 2658 ·
3418 2619 3534 2676 εἶτά
3581 2643 3670 2694 μοι

2099 2706 2268 2772 ἔδειξε
2310 2707 2521 2764 Παῦλον
2558 2707 2881 2781 δακρύοντα,
2916 2709 3124 2781 ταύτην
3151 2712 3217 2765 ἂν
3264 2711 3422 2780 ἀφεὶς
3459 2714 3671 2782 ἐπεπή-

2099 2796 2238 2869 δησα
2282 2798 2349 2868 τῇ
2398 2796 2588 2851 τούτου
2638 2796 2767 2868 θέᾳ·
2816 2794 3008 2859 κάλλος
3053 2797 3161 2869 γάρ
3196 2798 3518 2868 ἀπέλαμπεν
3563 2799 3673 2853 ἀπὸ

2098 2884 2303 2941 τούτων
2323 2888 2432 2941 τῶν
2457 2885 2750 2956 ὀφθαλμῶν
2773 2886 3166 2956 πνευματικόν.
3205 2887 3410 2941 Ἐκεῖνο
3437 2887 3535 2959 μὲν
3562 2887 3670 2958 γὰρ

2101 2976 2248 3028 ποιεῖ
2289 2972 2599 3038 ἐξίστασθαι
2641 2972 2777 3026 νέων
2829 2972 3025 3043 ψυχὰς,
3066 2973 3278 3027 ἐκκαίει
3310 2973 3404 3026 καὶ
3447 2974 3668 3042 φλέγει·

2099 3061 2260 3117 τοῦτο
2287 3063 2345 3117 δὲ
2372 3062 2680 3117 τούναντίον
2710 3061 3076 3116 καταστέλλει.
3104 3061 3304 3115 Τούτου
3329 3064 3456 3127 τοὺς
3475 3063 3671 3132 ὀφθαλ-

2103 3152 2238 3224 μοὺς
2262 3151 2291 3204 ὁ
2326 3149 2468 3220 δρῶν
2502 3149 2829 3221 ὡραιότερον
2871 3148 2962 3202 τὸν
2987 3149 3086 3221 τῆς
3127 3149 3304 3220 ψυχῆς
3342 3151 3669 3220 ἐργάζεται,

2100 3238 2361 3309 κατασπᾷ
2400 3235 2676 3307 γαστέρα,
2725 3236 3040 3306 φιλοσοφίας
3080 3237 3404 3309 ἐμπίπλησι,
3452 3256 3671 3310 συμπα-

2100 3325 2253 3389 θείας
2305 3324 2541 3394 πολλῆς,
2598 3325 2688 3378 καὶ
2744 3324 3110 3395 ἀδαμαντίνην
3168 3325 3402 3396 μαλάξαι
3452 3327 3671 3381 δύναται

2097 3412 2297 3484 ψυχήν.
2329 3411 2551 3476 Τούτοις
2579 3412 2798 3483 ἄρδεται
2832 3413 2866 3483 ἡ
2911 3410 3239 3482 Ἐκκλησία,
3269 3413 3480 3478 τούτοις
3502 3414 3673 3484 ψυχαὶ

2100 3501 2418 3570 φυτεύονται
2453 3497 2601 3571 [416]
2623 3501 2734 3562 τοῖς
2766 3498 2998 3570 δάκρυσι
3016 3512 3029 3526 ·
3060 3499 3163 3553 κᾶν
3192 3498 3303 3572 πῦρ
3324 3496 3381 3574 ᾖ,
3401 3501 3573 3556 ταῦτα
3603 3504 3672 3557 τὰ

2097 3588 2312 3660 δάκρυα
2355 3587 2547 3641 σϐέσαι
2575 3587 2818 3652 δύναται,
2850 3588 2944 3641 καὶ
2974 3587 3230 3658 αἰσθητὸν
3253 3599 3276 3627 σ
3307 3590 3401 3642 καὶ
3431 3607 3671 3660 σωματι-

2097 3676 2212 3731 κόν·
2236 3675 2411 3731 ταῦτα
2432 3677 2502 3731 τὰ
2525 3676 2734 3746 δάκρυα
2759 3674 2829 3729 τὰ
2853 3673 2983 3745 βέλη
3006 3674 3106 3727 τοῦ
3131 3675 3374 3746 Πονηροῦ
3394 3675 3463 3730 τὰ
3490 3694 3670 3731 πεπυ-

2101 3763 2321 3835 ρωμένα
2343 3763 2610 3818 σϐέννυσι.
2631 3764 2753 3833 Μνη
2763 3760 3077 3833 μονεύωμεν
3097 3762 3275 3815 τοίνυν
3292 3764 3403 3816 τῶν
3417 3762 3673 3835 δακρύων

2097 3849 2286 3915 αὐτοῦ,
2318 3850 2413 3903 καὶ
2454 3850 2669 3903 πάντων
2703 3837 3189 3919 καταγελασόμεθα
3221 3849 3332 3903 τῶν
3363 3851 3666 3920 παρόντων.

2097 3938 2287 3992 Ταῦτα
2333 3935 2671 4008 ἐμακάριζεν
2723 3938 2751 3989 ὁ
2790 3935 3025 4008 Χριστὸς
3070 3935 3139 3989 τὰ
3176 3935 3407 4008 δάκρυα,
3461 3937 3665 4006 λέγων·

2095 4025 2386 4094 Μακάριοι
2417 4027 2474 4079 οἱ
2501 4023 2883 4089 πενθοῦντες,
2914 4022 3012 4076 καί
3039 4021 3315 4092 μακάριοι
3346 4027 3399 4078 οἱ
3432 4024 3671 4077 κλαίον-

2095 4130 2216 4179 τες,
2234 4112 2324 4167 ὅτι
2347 4110 2518 4166 αὐτοὶ
2534 4110 2915 4181 γελάσονται.
2933 4109 3168 4163 Τοιαῦτα
3189 4109 3282 4163 καὶ
3308 4110 3555 4176 Ἡσαΐας,
3575 4112 3669 4163 καὶ

2107 4200 2377 4272 Ἱερεμίας
2408 4198 2558 4269 ἠφίει
2598 4197 2843 4266 δάκρυα·
2879 4196 2974 4249 καὶ
3011 4198 3040 4248 ὁ
3071 4195 3171 4263 μὲν
3202 4195 3420 4263 ἔλεγενο
3453 4196 3668 4265 Ἀφετέ

2091 4306 2200 4357 με,
2227 4286 2452 4354 πικρῶς
2482 4285 2822 4352 κλαύσομαι
2843 4296 2859 4312 ⁸
2899 4285 2929 4335 ό
2963 4282 3021 4334 δὲ
3049 4281 3221 4350 ἔλεγε·
3263 4284 3358 4347 Τίς
3388 4283 3563 4338 δώσει
3591 4284 3666 4355 τῇ

2094 4372 2331 4444 κεφαλῇ
2362 4390 2482 4442 μου
2522 4371 2709 4440 ὕδωρ,
2752 4369 2849 4423 καί
2886 4367 3010 4434 τοῖς
3042 4369 3373 4438 ὀφθαλμοῖς
3403 4389 3524 4439 μου
3551 4388 3667 4442 πη-

2096 4464 2203 4534 γὰς
2232 4461 2538 4529 δακρύων;
2574 4458 2650 4523 ὡς
2682 4459 2782 4511 ούκ
2814 4455 3087 4529 ἀρκούσης
3126 4458 3226 4525 τῆς
3269 4460 3522 4529 φυσικῆς,
3559 4462 3666 4516 Οὐ-

2095 4548 2183 4603 δέν
2236 4546 2344 4602 τῶν
2388 4544 2640 4618 δακρύων
2694 4543 2897 4598 τούτων
2946 4545 3093 4615 ἥδιον
3116 4560 3130 4575 ·
3182 4544 3385 4609 παντὸς
3431 4546 3668 4615 γέλωτος

2094 4636 2268 4715 ταῦτα
2297 4634 2555 4708 ἡδύτερα.
2590 4635 2799 4689 Ἴσασιν
2842 4635 2892 4688 οί
2937 4633 3294 4700 πενθοῦντες,
3335 4635 3507 4706 πόσην
3550 4636 3664 4707 ἔχει

2065 4725 2157 4789 ,τὸ
2199 4726 2433 4797 πρᾶγμα
2482 4721 2856 4795 παραμυθίαν.
2901 4721 2993 4795 Μὴ
3042 4723 3314 4777 ἀπευκτὸν
3355 4724 3489 4778 αὐτὸ
3526 4721 3666 4780 εἶναι

2095 4814 2440 4887 νομίζωμεν,
2492 4812 2629 4866 ἀλλὰ
2685 4811 2781 4865 καὶ
2836 4809 3037 4881 σφόδρα
3089 4810 3301 4865 εὐκτόν.
3358 4812 3468 4882 Οὐχ
3524 4811 3667 4867 ὥστε

2096 4902 2318 4974 ἐτέρους
2351 4899 2704 4973 ἁμαρτάνειν,
2755 4896 2872 4952 ἀλλ’
2908 4896 3052 4950 ὥστε
3101 4898 3524 4970 ἁμαρτανόντων
3562 4899 3663 4953 αύ-

2093 4990 2201 5045 τῶν
2243 4990 2390 5060 ἡμᾶς
2418 4985 2788 5043 κατακλᾶσθαι
2807 5025 2821 5050 ,
2852 4987 3058 5041 τούτων
3105 4984 3533 5058 μνημονεύωμεν
3555 4986 3667 5040 τῶν

2093 5075 2367 5148 δακρύων,
2395 5074 2599 5130 τούτων
2630 5072 2738 5129 τῶν
2764 5074 2997 5146 δεσμῶν.
3030 5075 3173 5145 'Apa
3202 5075 3309 5128 καὶ
3330 5073 3422 5127 ἐπὶ
3450 5073 3560 5127 τῶν
3580 5073 3664 5127 δε-

2095 5161 2248 5231 σμῶν
2274 5162 2487 5234 δάκρυα
2508 5160 2827 5215 κατέϐαινεν
2846 5177 2859 5193 ο
2881 5161 2982 5215 οὐκ
3007 5161 3156 5231 ἡφίει
3178 5160 3234 5213 δέ
3254 5159 3414 5213 αὐτὸν
3435 5160 3532 5230 τῆς
3553 5158 3667 5214 ἀπὸ

2094 5250 2201 5305 τῶν
2232 5248 2446 5321 δεσμῶν
2481 5248 2673 5321 ἡδονῆς
2700 5247 3054 5303 αἰσθάνεσθαι
3081 5248 3189 5301 τῶν
3217 5246 3604 5317 ἀπολλυμένων
3633 5248 3663 5300 ό

2094 5336 2344 5404 θάνατος,
2391 5335 2503 5391 τῶν
2547 5335 2909 5407 δεσμούντων.
2954 5336 3065 5388 Kal
3109 5333 3218 5407 γὰρ
3259 5333 3400 5404 ὑπὲρ
3440 5334 3665 5389 ἐκείνων

2094 5426 2248 5499 ήλγει
2267 5443 2283 5458 θ
2312 5426 2563 5499 μαθητὴς
2584 5426 2694 5497 γὰρ
2720 5422 2789 5498 ἦν
2812 5426 3024 5481 ἐκείνου
3054 5424 3149 5479 τοῦ
3179 5422 3508 5497 δακρύοντος
3537 5425 3665 5492 τοὺς

2126 5683 2139 5697 κ
2153 5620 2185 5660 b
2206 5620 2260 5669 Si
2281 5617 2403 5692 ﬂde§
2423 5613 2647 5697 Πείεεῖο,
2687 5614 2761 5666 sic
2791 5612 3045 5680 scripserit
3065 5615 3257 5679 Chrys.,
3276 5616 3332 5666 τὸ
3355 5610 3662 5679 συναλγεῖν...

2092 5694 2148 5732 το
2168 5696 2471 5741 μνημονευειν
2492 5694 2647 5741 μονον.

2157 5747 2179 5775 τ
2195 5742 2380 5794 Mavult
2402 5743 2615 5794 Duuaeus
2634 5739 2932 5802 ἀναίσθητον.
