4072 6206
326 296 438 354 583

330 411 510 478 ἱερέας
539 406 646 461 τῶν
704 399 990 465 Ἰουδαίων,
1033 397 1131 467 οὐχ
1169 396 1249 448 ὃτι
1280 393 1442 448 αὐτὸν
1480 390 1911 478 {9511010106-

330 476 478 569 906v,
519 495 633 549 ἀλλ’
667 493 749 546 ὅτι
778 488 933 544 αὐτοὶ
965 483 1309 569 ἀπώλλυντο.
1334 481 1445 569 gat
1483 479 1584 569 οὐκ
1616 477 1780 540 αὐτὸς
1816 476 1914 547 μό-

328 564 417 648 νος
449 582 591 637 αὐτὸ
621 581 785 643 ποιεῖ,
824 574 959 629 ἀλλά
992 572 1086 626 καὶ
1112 571 1239 632 τοὺς
1266 568 1459 630 ἄλλους
1488 564 1632 619 οὕτω
1661 580 1915 633 παρακα-

328 672 435 734 λεῖ,
454 669 627 738 λέγων
653 684 667 698 ·
692 669 749 719 Μ
756 666 789 732 ἡ
815 661 1050 717 κλαίετε
1074 658 1165 711 ἐπ’
1193 656 1317 738 ἐμὲ,
1348 652 1669 724 θυγατέρες
1704 652 1915 738 Ἰερου-

328 735 557 826 σαλήμ.
584 751 738 808 Εἶδον
757 751 848 803 τὸν
876 746 1199 818 παράδεισον
1220 735 1369 797 οὗτοι
1387 744 1435 795 οἱ
1457 740 1751 811 ὀφθαλμοὶ,
1776 735 1916 792 εἶδον

328 846 421 899 10v
463 843 659 915 τρίτον.
681 835 910 909 οὐρανόν
932 850 946 864 ·
980 832 1095 887 ἀλλ’
1141 831 1202 885 οὐ
1236 829 1530 902 μακαρίζω
1565 828 1766 890 αὐτοὺς
1816 826 1917 896 τῆς

330 934 460 996 θέας
486 930 688 1000 ταύτης
716 928 903 981 ἕνεκεν
927 921 1122 988 οὕτως,
1152 922 1227 985 ὡς
1251 920 1359 974 τῶν
1390 918 1645 989 δακρύων
1668 915 1914 977 ἐκείνων,

330 1023 399 1076 δι’
421 1013 497 1075 ὧν
522 1015 661 1072 εἶδον
682 1016 775 1069 τὸν
804 1012 1060 1083 Χριστόν.
1084 1009 1373 1082 Μακάρων
1398 1009 1499 1080 μὲν
1526 1008 1697 1070 ὅντως
1717 1004 1876 1059 τοῦτο
1899 1018 1913 1032 ⁸

330 1108 427 1163 καὶ
447 1108 556 1178 γὰρ
581 1106 675 1160 καὶ
697 1102 865 1167 αὐτὸς,
890 1102 977 1156 ἐπ’
1001 1099 1152 1170 αὐτῷ
1183 1097 1515 1169 σεμνύνεται
1539 1095 1736 1164 λέγων’
1767 1092 1916 1161 Οὐχί

342 1195 586 1266 Ἰησοῦν
618 1193 880 1263 Χριστὸν
911 1193 1020 1247 τὸν
1044 1193 1266 1259 Κύριον
1291 1185 1464 1256 ἡμῶν
1486 1184 1753 1252 ἑώρακα;
1781 1180 1918 1235 ἀλλὰ

334 1272 753 1357 μακαριώτερον
785 1280 846 1335 τὸ
890 1278 1160 1350 δακρῦσαι
1194 1274 1387 1338 οὕτως.
1445 1272 1688 1326 Ἐκείνου
1730 1267 1916 1324 πολλοὶ

331 1374 762 1443 κεκοινωνήκασι
796 1368 892 1423 106
925 1368 1217 1437 θεάματος,
1252 1364 1347 1418 καὶ
1386 1363 1513 1425 τούς
1547 1360 1621 1431 μὴ
1654 1357 1917 1428 κοινωνή-

334 1478 536 1525 σαντας
571 1456 867 1530 μακαρίζει
914 1455 1078 1510 πάλιν
1108 1451 1363 1523 Χριστὸς,
1384 1450 1559 1518 λέγων
1578 1463 1591 1477 ⁸
1626 1444 1918 1515 Μακάριοι

332 1554 388 1604 οἱ
429 1548 517 1619 μὴ
551 1547 813 1611 ἰδόντες,
866 1542 968 1597 καὶ
1012 1541 1455 1603 πιστεύσαντες
1477 1553 1492 1567 ο
1522 1534 1716 1588 τούτου
1762 1531 1820 1586 δέ
1855 1532 1915 1586 οὐ

335 1637 521 1691 πολλοὶ⁹
561 1634 844 1704 ἐπέτυχον.
884 1630 944 1684 Et
977 1632 1085 1701 γὰρ
1114 1627 1176 1682 10
1216 1626 1395 1697 μένειν
1436 1624 1524 1678 διὰ
1555 1620 1793 1694 Χριστὸν
1835 1621 1925 1673 ἐνμ-

332 1727 507 1781 ταῦθα
536 1724 632 1778 τοῦ
674 1720 937 1777 ἀναλῦσαι
986 1718 1125 1789 πρὸς
1161 1715 1325 1770 αὐτὸν
1361 1711 1787 1782 άθαγκαιότερον
1832 1708 1933 1761 δια

333 1814 432 1884 τὴν
462 1811 738 1882 σωτηρίαν
771 1808 880 1862 τῶν
907 1806 1106 1870 ἄλλων,
1128 1804 1237 1876 ἄρα
1265 1802 1364 1857 καὶ
1390 1801 1484 1855 τοῦ
1515 1801 1643 1854 ίδεῖν
1671 1798 1833 1852 αὐτὸν
1859 1795 1921 1850 10

333 1902 402 1955 δι’
439 1900 640 1963 αὐτοὺς
686 1896 939 1962 στενάξαι
973 1891 1422 1961 ἀναγκαιότερον.
1463 1890 1527 1942 Εἰ
1557 1887 1669 1958 γὰρ
1693 1884 1788 1940 τοῦ
1823 1885 1924 1940 σὺν

336 1988 485 2060 αὐτῷ
513 1983 652 2041 εἶναι
677 1985 738 2038 τὸ
769 1984 836 2038 δι’
871 1982 1036 2036 αὐτὸν
1076 1983 1157 2043 είς
1184 1979 1410 2047 γέενναν
1441 1973 1583 2030 εἶναι
1612 1973 1927 2060 ποθεινότεξ

340 2058 577 2149 ρον,ήκαὶ
617 2072 711 2127 106
744 2072 982 2125 συνεῖναι
1023 2066 1173 2137 αὐτῷ
1197 2066 1259 2119 10
1296 2062 1628 2136 χωρίζεσθαι
1657 2059 1825 2115 αὐτοῦ
1853 2058 1921 2112 δι’

337 2148 499 2216 αὐτὸν
538 2159 916 2230 ποθεινότερον
949 2154 1138 2225 (10610
1181 2155 1289 2224 709
1341 2154 1490 2205 ἐστιν
1529 2152 1666 2219 ὅπερ
1702 2148 1922 2217 5157m-

337 2251 627 2319 Ηὺχόμην
646 2246 912 2315 ἀνάθεμα
940 2238 1093 2297 εἷναι
1122 2241 1305 2306 αὐτὸς
1319 2238 1434 2310 ἐγὼ
1455 2239 1573 2295 ἀπὸ
1594 2237 1854 2307 Χριστοῦ
1868 2237 1891 2307 )
1906 2253 1920 2267 ⁸

338 2336 518 2408 πολλῷ
550 2334 750 2407 μᾶλλον
779 2333 953 2387 καὶτὸ
980 2330 1239 2403 δακρύειν
1268 2330 1337 2383 δι’
1379 2328 1567 2383 αὐτόν.
1595 2329 1718 2380 Οὐκ
1746 2326 1928 2379 ἐπαυ-

339 2426 572 2496 σάμην,
603 2424 767 2496 φησὶ,
797 2422 949 2492 μετὰ
992 2419 1272 2489 δακρύων
1311 2416 1617 2473 νουθετῶν
1645 2414 1761 2468 ἕνα
1793 2414 1929 2468 ἕκα-

339 2530 510 2567 στον.
548 2512 648 2565 Διὰ
683 2510 772 2576 τί;
806 2509 941 2579 Οὐχὶ
982 2508 1108 2570 τούς
1155 2504 1439 2568 κινδύνους
1479 2501 1768 2567 δεδοικώς’
1810 2500 1926 2555 ἀλλ’

340 2601 534 2671 ῶσπερ
581 2598 645 2652 ἄν
677 2614 765 2660 τις
805 2593 1121 2650 ἀσθενοῦντι
1163 2592 1653 2663 παρακαθήμενος,
1698 2591 1793 2644 καὶ
1852 2589 1929 2661 μὴ

342 2691 500 2753 εἰδὼς
515 2689 575 2744 10
591 2689 763 2755 τέλος,
787 2686 1013 2758 δακρύοι
1030 2684 1117 2738 διὰ
1142 2683 1328 2746 πόθον,
1347 2681 1599 2745 δεδοικὼς
1622 2681 1696 2751 μὴ
1719 2680 1927 2751 ἐκπέσῃ

341 2779 442 2849 τῆς
470 2777 616 2848 ζωῆς
640 2792 653 2805 ·
685 2774 828 2829 οὕτω
863 2774 959 2828 καὶ
990 2772 1176 2838 αὐτὸς,
1216 2772 1346 2824 ὅταν
1385 2767 1525 2823 εἶδεν
1564 2768 1927 2834 ἀσθενοῦντα,

342 2868 438 2920 καὶ
481 2864 779 2934 ἐπιπλῆξαι
811 2862 914 2916 οὐκ
954 2861 1209 2932 ἴσχυσεν,
1237 2856 1468 2928 ἐδάκρυε
1501 2856 1708 2910 λοιπόν.
1758 2853 1935 2908 Τοῦτο

344 2955 439 3007 καὶ
461 2955 488 3006 0
516 2952 751 3025 Χριστὸς
781 2949 1060 3021 ἐποίησεν,
1087 2947 1174 3000 ἵνα
1197 2944 1299 2999 κᾶν
1328 2944 1398 2997 τὰ
1428 2942 1641 3012 δάκρυα
1663 2941 1926 2995 αἰδεσθῶ-

346 3059 431 3095 σιν
458 3059 471 3073 ·
499 3035 631 3104 οἷον,
660 3038 947 3112 ήμάρτανέ
976 3053 1093 3101 τις;
1126 3034 1363 3105 ἐπετίμα
1387 3047 1401 3061 ’
1432 3030 1736 3085 κατέπτυεν
1762 3028 1929 3084 αὐτοῦ

345 3132 373 3184 0
404 3127 829 3200 ἐπιτιμώμενος,
868 3125 973 3195 ξκαὶ
1024 3120 1314 3192 ἀπεπήδα;
1368 3118 1654 3189 ἐδάκρυεν,
1696 3117 1789 3171 ἵνα
1825 3116 1930 3171 κᾶν

344 3217 518 3282 οὕτως
546 3214 938 3285 ἐπισπάσηται.

419 3334 569 3408 [417]
590 3334 652 3387 δ’.
678 3333 897 3388 Τούτων
916 3328 1348 3403 μνημονεύωμεν
1376 3326 1485 3380 τῶν
1500 3323 1769 3397 δακρύων·
1789 3323 1935 3377 οὓτω

347 3425 447 3489 τὰς
479 3422 785 3493 θυγατέρας
814 3419 1210 3491 άνατρέφωμεν
1248 3417 1347 3480 τὰς
1372 3413 1602 3481 ἑαυτῶν,
1631 3414 1774 3469 οὕτω
1805 3413 1932 3476 τούς

348 3514 569 3577 παῖδας,
590 3510 915 3584 δακρύοντες
926 3510 1053 3563 ὅταν
1070 3508 1271 3577 ἴδωμεν
1291 3506 1348 3559 ἐν
1368 3507 1556 3568 κακοῖς
1572 3504 1750 3564 ὄντας.
1770 3503 1932 3555 Ὅσαι

349 3600 578 3672 ἐρᾶσθαι
621 3598 937 3670 βούλονται,
987 3595 1478 3667 μνημονευέτωσαν
1522 3592 1633 3646 τῶν
1679 3590 1933 3663 δακρύων

351 3689 566 3743 Παύλου
586 3726 602 3751 ,
630 3687 735 3741 καὶι
753 3685 1161 3750 στεναζέτωσαν
1181 3698 1195 3713 ·
1223 3683 1347 3736 ὅσαι
1378 3678 1748 3752 μακαρίζεσθε
1767 3719 1782 3743 ,
1810 3680 1935 3733 ὅσαι

350 3779 411 3831 ἐν
425 3776 690 3844 θαλάμοις
714 3774 858 3837 ἐστὲ,
879 3773 1000 3826 ὅσαι
1019 3773 1077 3825 ἐν
1098 3771 1282 3841 ἡδονῇ,
1300 3769 1507 3823 τούτων
1528 3766 1895 3837 μνημονεύετε
1915 3782 1931 3797 ο

352 3864 466 3916 ὅσοι
499 3864 557 3915 ἐν
587 3861 797 3923 πένθει,
827 3858 1156 3912 άλλάττεσθε
1182 3857 1389 3925 δάκρυα
1417 3854 1787 3925 δακρύων.οὐ
1808 3854 1935 3916 τοὺς

352 3947 660 4010 τεθνεῶτας
694 3947 900 4008 ἐκεῖνος
930 3943 1167 4003 ἐπένθει,
1199 3941 1335 3995 ἀλλὰ
1365 3942 1494 4005 τοὺς
1531 3940 1936 4011 ἀπολλυμένους

356 4037 453 4091 καὶ
487 4035 718 4101 ζῶντας.
754 4031 908 4086 Εἴπω
952 4029 1047 4084 καὶ
1070 4030 1231 4101 ἐτερα
1263 4028 1504 4099 δάκρυα;
1539 4028 1649 4081 Καὶ
1676 4027 1937 4098 Τιμόθεος

353 4120 576 4174 ἔκλαιε·
631 4115 875 4187 μαθητὴς
919 4115 1028 4185 709
1061 4108 1130 4185 ἦν
1180 4111 1405 4166 τούτου’
1452 4112 1531 4166 διὸ
1579 4113 1672 4166 καὶ
1710 4112 1937 4184 γράφων

354 4208 506 4279 αὐτῷ
552 4198 707 4275 ἔλεγε
730 4221 743 4233 ·
790 4201 1182 4272 Μεμνημένος
1204 4217 1322 4255 σου
1353 4200 1475 4254 τῶν
1505 4200 1801 4270 δακρύων,
1837 4201 1938 4254 ἵνα

356 4295 549 4368 χαρᾶς
579 4290 892 4362 πληρωθῶ.
948 4288 1141 4343 Πολλοὶ
1171 4289 1265 4342 καὶ
1309 4288 1367 4355 ἐξ
1403 4288 1599 4359 ἡδονῆς
1632 4287 1935 4359 ὀδύρονται.

356 4385 517 4440 Οὐτω
564 4384 661 4438 καὶ
693 4381 887 4453 ἡδονῆς
935 4380 1052 4433 ἐστι
1085 4378 1147 4431 τὸ
1192 4380 1445 4450 πρᾶγμα,
1480 4379 1575 4432 καὶ
1605 4376 1800 4449 ἡδονῆς
1839 4376 1941 4448 μά-

358 4475 518 4528 λιστα
539 4469 964 4540 ἐπιτεταμένης·
995 4467 1170 4531 οὓτως
1189 4466 1250 4519 οὐ
1280 4465 1514 4536 φορτικὰ
1542 4465 1613 4519 τά
1631 4466 1844 4536 δάκρυα
1872 4466 1942 4521 τὰ

360 4560 424 4625 ἐξ
444 4560 638 4630 ὀδύνης
658 4555 939 4627 τοιαύτης,
970 4554 1106 4608 ἀλλὰ
1126 4555 1221 4608 καὶ⁵
1246 4554 1471 4607 ἐκείνων
1495 4551 1673 4623 πολλῷ
1700 4552 1943 4623 βελτίονα

359 4648 470 4704 τῶν
503 4647 571 4701 δι’
623 4646 823 4717 ἡδονὴν
853 4644 1146 4716 κοσμικήν.
1185 4644 1386 4696 Ἀκουε
1409 4641 1504 4696 τοῦ
1546 4643 1836 4715 Προφήτου
1863 4643 1945 4696 λέ-

360 4750 580 4807 γοντος·
637 4735 899 4789 Ἤκουσε
936 4734 1154 4802 Κύριος
1181 4732 1295 4802 τῆς
1321 4732 1532 4803 φωνῆς
1589 4732 1696 4787 τοῦ
1747 4735 1946 4788 κλαυ-

318 4824 515 4894 -θμοῦ
561 4839 703 4893 μου.
752 4821 864 4876 Ποῦ
915 4822 1024 4893 γὰρ
1059 4822 1124 4875 οὐ
1172 4823 1441 4893 χρήσιμον
1486 4821 1549 4874 τὸ
1574 4820 1842 4891 δάκρυον;
1888 4823 1946 4874 ἐν

363 4908 572 4977 εὐχαῖς,
606 4907 667 4959 ἐν
704 4904 1125 4975 παραινέσεσιν;
1168 4902 1362 4975 Ἡμεῖς
1393 4905 1450 4958 δὲ
1488 4905 1628 4958 αὐτὰ
1664 4904 1948 4959 διαϐάλλο-

368 5011 494 5068 μεν,
538 4991 641 5048 οὐκ
682 4994 763 5058 είς
793 4991 831 5046 ὃ.
855 4992 1063 5046 δέδοται
1110 4992 1465 5063 κεχρημένοι.
1514 4992 1685 5047 Ὅταν
1722 4991 1948 5062 ἀδελφὸν

370 5079 787 5154 παρακαλῶμεν
827 5079 1233 5149 ἁμαρτάνοντα,
1262 5078 1469 5133 κλαίειν
1490 5080 1577 5134 δεῖ
1612 5081 1949 5152 κοπτόμενον

370 5171 466 5226 καὶ
483 5169 827 5234 στενάζοντακο
855 5167 983 5221 ὅταν
1007 5165 1363 5237 παραινῶμέν
1389 5184 1517 5232 τινι,
1547 5170 1575 5223 ὁ
1599 5168 1657 5221 δὲ
1686 5168 1765 5240 μὴ
1789 5186 1952 5240 προσ-

374 5260 475 5330 έχῃ
503 5300 518 5325 ,
553 5257 671 5312 ἀλλ’
722 5255 1084 5328 ἀπολλύηται,
1137 5254 1345 5310 κλαίειν
1380 5256 1477 5310 δεῖ.
1513 5258 1697 5312 Ταῦτα
1744 5260 1953 5328 φιλοσο-

372 5347 502 5416 φίας
524 5345 855 5418 τάδάκρυα·
884 5346 1012 5399 ὅταν
1038 5344 1219 5415 μέντοι
1254 5344 1423 5415 πένης
1441 5362 1526 5407 τις
1554 5345 1797 5416 γένηται,
1825 5347 1953 5399 ὅταν

374 5436 433 5489 ἐν
476 5434 617 5504 νόσῳ
720 5437 1028 5506 σωματικῇ,
1064 5435 1194 5489 ὅταν
1232 5433 1500 5505 ἀποθάνῃ,
1530 5434 1744 5487 οὐκέτιο
1778 5433 1952 5488 ταῦτα

375 5521 486 5591 γὰρ
537 5522 598 5574 οὐ
653 5522 903 5594 δακρύων
931 5521 1079 5588 ἀξια.
1116 5523 1327 5592 Ὠσπερ
1355 5516 1448 5574 οὖν
1486 5521 1581 5575 καὶ
1621 5522 1713 5574 τὸν
1743 5522 1956 5591 γέλωτα

374 5608 761 5677 διαϐάλλομεν,
795 5609 1039 5680 ἀκαίρως
1070 5608 1219 5680 αὐτῷ
1266 5609 1597 5680 κεχρημένοι
1621 5626 1635 5640 ο
1672 5610 1815 5664 οὐτω
1861 5612 1955 5664 καὶ

378 5694 447 5749 τά
484 5694 713 5766 δάκρυα,
751 5698 997 5769 ἀκαίρως
1036 5696 1179 5751 αὐτὰ
1221 5697 1703 5768 μεταχειρίζοντες.
1752 5699 1815 5751 Ἡ
1843 5698 1953 5767 γὰρ

1045 284 1104 339 S.
1146 275 1439 336 JOANNlS
1477 268 1979 332 CIIRYSOSTOMI
2015 271 2339 330 ARCHIEP.
2380 268 2940 330 CONSTANTINOP.

2025 389 2259 441 ἑκάστου
2287 386 2457 459 ἀρετὴ
2477 387 2597 441 τότε
2622 388 2891 459 φαίνεται,
2918 388 3045 442 ὅταν
3069 385 3206 458 πρὸς
3222 385 3285 441 10
3311 389 3631 461 ἐπιτήδειον-

2028 475 2189 546 εργον
2224 476 2426 544 ἄγηται
2449 490 2462 503 ’
2517 476 2645 531 ὅταν
2671 477 2727 530 δὲ
2785 476 2918 546 πρὸς
2949 475 3010 529 10
3056 470 3609 546 ἀλλότριον,ὀύκέτι.

2021 553 2165 625 Οἴον,
2199 559 2227 610 0
2256 555 2396 622 οἶνος
2424 558 2560 630 πρὸς
2583 558 2924 631 εὐφροσύνην
2949 558 3163 613 δέδοται
3187 598 3203 623 ,
3230 558 3345 611 ἀλλ’
3383 558 3443 613 οὐ
3477 559 3611 632 πρὸς

2023 645 2193 716 μέθην
2217 661 2233 677 ο
2264 646 2292 698 0
2335 646 2498 717 ἄρτος
2539 646 2679 717 πρὸς
2722 644 3010 717 τροφὴν,ή
3048 644 3205 715 μίξις
3237 645 3379 717 πρὸς
3426 646 3613 700 παιδο-

2020 733 2446 805 ποιίαν..”Ωσπερ
2471 730 2565 788 οὖν
2588 730 2777 789 ταῦτα’
2795 732 3145 804 διαῦέδληται
3176 733 3610 805 παραχρώμενα,

2019 822 2165 876 οὕτω
2214 823 2307 875 καὶ
2345 823 2413 877 τά
2447 822 2677 894 δάκρυα.
2722 821 3050 876 Ἐπιιιείσθω
3093 821 3280 891 νόμος,
3331 824 3389 876 ἐν
3424 823 3612 893 εὐχαῖς

2028 909 2219 979 μόναις
2245 909 2340 964 καὶ
2373 909 2730 981 παραινέσεσι
2763 908 3067 980 κεχρῆσθαι
3093 908 3305 973 τούτοις
3332 926 3345 940 ο
3384 909 3480 964 καὶ
3508 911 3610 980 ὅρα

2019 995 2137 1059 πῶς
2185 996 2281 1050 καὶ
2328 995 2576 1050 ποθεινὸν
2620 995 2774 1049 ἐσται
2820 994 2882 1047 τὸ
2924 996 3178 1066 πρᾶγμα.
3210 996 3377 1049 Οὐδὲν
3431 997 3603 1061 οὕτως

2021 1084 2329 1154 ἀποσμήχει
2358 1082 2427 1136 τὰ
2450 1084 2827 1154 ἁμαρτήματα
2849 1120 2863 1144 .
2892 1082 2967 1146 ὡς
2999 1082 3240 1153 δάκρυα.
3270 1084 3382 1136 Καὶ
3407 1083 3612 1154 ταύτην

2017 1170 2119 1241 τὴν
2155 1170 2472 1242 σωματικὴν
2513 1170 2636 1241 ὄψιν
2674 1169 2885 1241 ὡραίαν
2939 1169 3182 1225 δείκνυσι
3237 1170 3307 1225 τὰ
3357 1170 3605 1243 δάκρυα’

2023 1256 2161 1327 πρὸς
2197 1257 2345 1311 ἐλεον
2374 1257 2483 1328 γάρ
2517 1258 2819 1312 ἐπισπᾶται
2848 1272 2938 1311 τον
2963 1256 3201 1327 ὁρῶντα,
3234 1257 3438 1329 σεμνὴν
3467 1262 3619 1312 ποιεῖ

2021 1345 2154 1414 ἡμῖν
2183 1345 2376 1415 αὐτήν.
2425 1343 2593 1398 Οὐδὲν
2638 1344 2788 1415 ῆδιον
2823 1343 3118 1414 ὀφθαλμῶν
3165 1344 3602 1416 δεδακρυμένων.

2019 1431 2094 1484 T0
2124 1431 2235 1502 γὰρ
2282 1430 2667 1502 εὐγενέστερον
2697 1432 2754 1487 ἐν
2786 1432 2917 1501 ἡμῖν
2951 1430 3110 1501 μέλος
3148 1430 3241 1484 καὶ
3273 1430 3606 1504 ὡραιότερον

2019 1520 2114 1573 καὶ
2155 1519 2259 1589 τῆς
2298 1519 2479 1591 ψυχῆς
2519 1518 2677 1574 τοῦτό
2714 1521 2882 1575 ἐστιν.
2915 1519 3046 1573 Ἀτε
3079 1515 3171 1573 οὖν
3198 1518 3270 1582 ὡς
3295 1520 3463 1590 αὐτὴν
3504 1522 3605 1590 τὴν

2018 1605 2199 1677 ψυχὴν
2248 1605 2484 1677 ὁρῶντες
2528 1607 2991 1679 ἀποδυρομένην,,
3033 1605 3177 1661 οὕτω
3218 1608 3598 1679 καμπτόμεθα.

2019 1693 2209 1747 Ταῦτα
2250 1694 2378 1765 ὑμῖν
2413 1694 2514 1764 οὐχ
2546 1694 2733 1757 ἁπλῶς
2763 1694 3002 1766 εἴρηται,
3033 1693 3148 1747 ἀλλ’
3185 1692 3328 1747 ὥστε
3354 1695 3496 1765 ὑμᾶς
3528 1696 3603 1766 μὴ

2020 1781 2244 1853 γάμοις,
2272 1781 2348 1853 μὴ
2371 1781 2673 1853 ὀρχήμασι,
2704 1782 2779 1853 μὴ
2803 1785 2982 1854 χοροῖς
3010 1781 3411 1854 παραγίνεσθαι
3443 1798 3606 1836 σατα-

2023 1870 2214 1931 νικοῖς.
2258 1868 2400 1936 Ὅρα
2438 1867 2548 1938 γὰρ
2594 1869 2648 1921 τί
2676 1860 2834 1939 εὗρεν
2882 1869 2911 1919 0
2938 1868 3220 1932 διάϐολοςο
3259 1869 3478 1941 Ἐπειδὴ
3509 1870 3609 1935 τῆς

2025 1955 2231 2025 σκηνῆς
2256 1954 2351 2007 καὶ
2376 1953 2484 2008 τῶν
2518 1956 2773 2026 ἀσέμνων
2802 1954 2913 2009 τῶν
2937 1957 3053 2010 ἐκεῖ
3086 1958 3118 2027 ή
3153 1956 3316 2026 φύσις
3344 1957 3484 2029 αὐτὴ
3514 1958 3611 2014 τὰς

2022 2045 2286 2113 γυναῖκας
2326 2044 2637 2114 ἀπήγαγεν,
2683 2046 2774 2109 είς,
2799 2044 2897 2117 τὴν
2932 2048 3315 2114 γυναικωνῖτιν
3348 2047 3613 2117 εἰσήγαγε

2022 2131 2093 2183 τὰ
2119 2130 2212 2184 τοῦ
2237 2130 2489 2203 θεάτρου,
2527 2130 2809 2201 μαλακοὺς
2836 2132 2983 2200 λέγω
3010 2133 3105 2186 καὶ
3134 2134 3362 2204 πόρνας.
3392 2134 3611 2204 Ταύτην

2023 2218 2122 2290 τὴν
2150 2217 2329 2291 λύμην
2354 2222 2383 2273 ὁ
2415 2219 2523 2272 τῶν
2558 2220 2755 2291 γάμων
2804 2222 3141 2291 ἐπεισήγαγε
3175 2223 3338 2293 νόμος
3364 2240 3374 2251 ·
3411 2223 3612 2295 μᾶλλον

2024 2307 2082 2360 δέ
2109 2308 2208 2380 οὐχ
2232 2310 2260 2361 0
2298 2308 2395 2362 106
2422 2309 2628 2378 γάμου,
2670 2309 2745 2381 μὴ
2785 2311 3019 2378 γένοιτο,
3046 2311 3191 2365 ἀλλὰ.
3209 2313 3309 2383 τῆς
3336 2314 3611 2385 ἡμετέρας

2028 2394 2304 2465 βλακείας.
2350 2396 2416 2448 Τί
2455 2399 2650 2461 ποιεῖς,
2698 2397 2988 2469 άνθρωπε;
3033 2399 3134 2452 οὐκ
3162 2395 3311 2464 οἶδας
3344 2400 3396 2452 τί
3435 2402 3610 2472 πράτ-

2025 2499 2157 2546 τεις.
2192 2482 2429 2536 Γυναῖκα
2472 2481 2623 2557 [418]
2660 2484 2770 2556 άγῃ
2800 2486 2892 2537 ἐπὶ
2922 2484 3246 2556 σωφροσύνῃ
3286 2485 3382 2539 καὶ
3420 2487 3609 2540 παιδο-

2027 2570 2181 2641 ποιίᾳ
2201 2588 2213 2601 ·
2239 2569 2291 2623 τί
2313 2565 2407 2624 οὖν
2431 2573 2487 2624 αἱ
2515 2571 2711 2642 πόρναι
2740 2570 3021 2642 βούλονται
3042 2589 3057 2637 ;
3082 2573 3200 2627 Ἵνα
3223 2574 3256 2645 ή
3280 2572 3615 2646 εὐφροσύνη,

2028 2658 2183 2728 φησὶ,
2234 2659 2461 2729 γένηται
2498 2659 2718 2730 μείζων.
2753 2659 2863 2712 Καὶ
2903 2661 3011 2730 μὴν
3037 2660 3208 2714 ταῦτα
3248 2661 3350 2714 οὐκ
3374 2663 3616 2733 ἀφροσύ-

2027 2764 2159 2816 νης;
2193 2746 2437 2818 ὑϐρίζεις
2459 2749 2560 2818 τὴν
2584 2748 2825 2820 νύμφην,
2851 2749 3096 2821 ὑϐρίζεις
3124 2750 3221 2816 τάς
3248 2750 3625 2823 κεκλημένοις.-

2028 2835 2091 2888 Ei
2124 2835 2232 2906 γάρ
2281 2835 2546 2900 τοιούτοις
2594 2836 2923 2907 τέρπονται,
2961 2836 3123 2909 ὐὸρις
3161 2838 3223 2892 10
3262 2841 3514 2910 πρᾶγμα.
3550 2840 3630 2893 Εἰ.

2027 2912 2089 2966 10
2128 2915 2394 2981 γυναῖκας
2435 2914 2644 2987 πόρνας
2672 2916 2805 2987 όρᾷν
2846 2916 3267 2987 ἀσχημονούσας
3303 2918 3458 2989 φέρει
3492 2918 3616 2972 τινα

2029 3000 2377 3071 φιλοτιμίαν,
2410 3001 2498 3057 διὰ
2523 3003 2577 3055 τί
2625 3002 2699 3074 μὴ
2730 3003 2827 3058 καὶ
2865 3004 2964 3075 τὴν
3006 3004 3227 3077 νύμφην
3277 3005 3492 3071 ἕλκεις,
3529 3006 3635 3061 ἵνα·

2028 3087 2254 3161 κάκείνη
2286 3090 2504 3162 θεωρῇς
2540 3090 2766 3155 Πάντως
2796 3091 3047 3161 ἄσχημον
3082 3092 3179 3145 καὶ
3220 3092 3468 3164 αίσχρὸν,
3512 3111 3616 3164 μα-

2027 3174 2230 3239 λακοὺς
2282 3175 2484 3246 ἄνδρας
2539 3177 2634 3230 καὶ
2685 3176 3086 3248 ὀρχουμένους,
3135 3177 3227 3230 καὶ
3280 3179 3462 3232 πᾶσαν
3513 3178 3615 3249 τὴν

2031 3264 2257 3334 πομπὴν
2285 3263 2384 3334 τήν
2413 3266 2711 3334 σατανικῆν
2737 3264 3052 3333 ἐπεισάγειν
3077 3266 3143 3335 τῇ
3174 3263 3340 3335 οἰκίᾳ.
3373 3269 3613 3337 Μνημο-

2029 3350 2236 3405 νεύετέ
2279 3368 2402 3420 μου
2426 3391 2442 3417 ,
2491 3352 2654 3421 φησὶ,
2698 3351 2817 3404 τῶν
2859 3347 3118 3421 δεσμῶν.
3163 3351 3373 3422 Aea-90';
3402 3353 3551 3407 ἐστιν
3583 3356 3613 3409 0

2029 3442 2231 3511 γάμος,
2259 3440 2461 3512 δεσμὸς
2486 3440 2795 3513 ὡρισμένος
2830 3441 2982 3514 παρὰ
3008 3440 3143 3494 Θεοῦ
3166 3457 3180 3471 ο
3204 3440 3360 3506 λύσις
3382 3444 3419 3515 η
3437 3443 3616 3516 πόρνη

2032 3533 2126 3585 καὶ
2149 3530 2415 3595 διάλυσις.
2446 3530 2695 3598 Ἔξεστιν
2725 3531 2937 3603 ἑτέροις
2958 3531 3269 3603 φαιδρύνειν
3289 3533 3382 3587 τὸν
3410 3534 3617 3605 γάμον,

2032 3613 2146 3672 οἷον
2186 3620 2490 3692 τραπέζαις
2520 3619 2878 3690 πληθούσαις,
2915 3621 3011 3674 καὶ
3046 3620 3319 3691 ἱματίοιςο
3357 3622 3423 3675 οὐ
3465 3639 3621 3693 περι-

2035 3707 2225 3761 κόπτω
2273 3707 2483 3772 ταῦτα,
2532 3707 2620 3763 ἵνα
2678 3708 2751 3778 μὴ
2789 3707 2925 3773 δόξω
2970 3707 3181 3779 σφόδρα
3222 3702 3362 3762 εἶναι
3396 3709 3615 3779 ἄγριος·

2035 3796 2214 3851 καίτοι
2259 3798 2464 3869 ἤρκεσε
2507 3799 2572 3869 τῇ
2632 3796 2903 3867 Ῥεϐέκκα
2950 3796 3237 3869 θέριστρον
3268 3799 3465 3869 μόνον·
3501 3800 3621 3853 ἀλλ’

2034 3884 2097 3936 οὐ
2162 3885 2506 3955 περικόπτω.
2582 3884 2830 3948 Ἔξεστιν
2892 3884 3133 3955 ἱματίοις
3196 3885 3631 3959 φαιδρύνεσθαι,

2035 3969 2215 4034 ἔξεστι
2243 3971 2569 4042 παρουσίαις
2599 3970 2901 4040 αἰδεσίμων
2928 3970 3158 4042 ἀνδρῶν,
3192 3971 3489 4044 αίδεσίμων
3517 3989 3619 4041 γυ-

2034 4056 2258 4112 ναικῶν.
2287 4057 2432 4111 Τίτά
2448 4056 2802 4127 ἐπιχάρματα
2821 4059 3026 4124 ἐκεῖνα,
3050 4058 3102 4111 τί
3124 4057 3197 4112 τάν
3214 4059 3414 4132 τέρατα
3436 4062 3621 4114 ἐπεισ-

2037 4144 2225 4213 άγεις;
2262 4144 2403 4199 Εἰπὲ.
2466 4144 2503 4197 ἃ.
2532 4143 2752 4208 ἀκούεις
2783 4146 2913 4217 παρ’
2944 4145 3146 4200 αὐτῶν.
3192 4147 3333 4200 Ἀλλ’
3363 4148 3621 4220 ἐρυθριᾷς

2036 4228 2242 4294 είπεῖν;
2285 4227 2357 4281 Σὺ
2391 4226 2683 4298 ἐρυθριᾷς,
2720 4227 3009 4293 κάκείνους
3049 4228 3382 4297 ἀναγκάζεις
3413 4233 3615 4295 ποιεῖν;
3714 4228 3721 4235 ’

2040 4316 2105 4369 Et
2139 4314 2324 4378 καλὸν,
2354 4313 2443 4367 διὰ
2472 4314 2524 4367 τί
2555 4313 2630 4385 μὴ
2658 4315 2751 4368 καὶ
2780 4314 2944 4379 αὐτὸς
2977 4318 3181 4382 ποιεῖς;
3216 4319 3264 4369 εἰ
3292 4317 3345 4369 δὲ
3374 4317 3615 4388 αἰσχρὸν,

2039 4401 2130 4456 διὰ
2166 4399 2218 4454 τί
2260 4401 2448 4472 ἓτερον
2487 4400 2856 4470 άναγκάζεις;
2900 4402 3086 4456 Πάντα
3128 4402 3484 4475 σωφροσύνης
3523 4405 3625 4476 ἐμ-

2044 4487 2359 4559 πεπλῆσθαι
2393 4489 2507 4555 δεῖ,
2551 4488 2729 4542 πάντα
2771 4489 3133 4560 σεμνότητος,
3176 4491 3355 4544 πάντα
3396 4491 3626 4561 κοσμιόο

2042 4592 2238 4646 τητος·
2299 4575 2395 4630 νῦν
2445 4575 2503 4631 δέ
2541 4575 2848 4630 τούναντίον
2903 4577 3047 4649 ὁρῶ,
3099 4577 3539 4649 σκιρτῶνταςςὼς
3569 4582 3626 4634 αἱ

2046 4665 2304 4737 κάμηλοι,
2353 4663 2430 4728 ὡς
2459 4665 2516 4717 αἱ
2554 4664 2790 4736 ἡμίονοι.
2821 4665 2901 4736 Τῇ
2943 4664 3197 4737 παρθένῳ
3230 4661 3470 4737 θάλαμος
3500 4670 3625 4720 ἐπι-

2045 4752 2258 4823 τήδειον
2300 4750 2479 4822 μόνον.
2524 4751 2689 4806 Ἀλλά
2730 4753 2965 4828 πενιχρά
3003 4755 3141 4819 ἐστι,
3178 4753 3365 4824 φησιν.
3408 4755 3628 4824 Ἐπειδὴ

2047 4840 2281 4911 πενιχρά
2309 4842 2446 4904 ἐστι,
2479 4841 2575 4894 καὶ
2604 4840 2831 4912 κόσμιος
2862 4841 3067 4911 ὀφείλει
3108 4836 3283 4897 εἶναι’
3321 4842 3493 4913 ἐχέτω
3538 4844 3645 4895 τὶν·

2050 4927 2255 4999 τρόπον
2285 4927 2408 4982 ἀντὶ
2433 4927 2688 4983 πλούτου.
2715 4929 2829 4982 Οὐκ
2854 4928 2966 4999 ἔχει
2996 4931 3200 4999 προῖκα
3232 4929 3506 4983 ἐπιδοῦναι
3530 4947 3545 4996 ;
3579 4929 3642 4982 1f

2048 5015 2219 5088 αὐτὴν
2255 5015 2350 5069 καὶ
2399 5013 2602 5086 ἑτέρως
2639 5014 3119 5087 εὐκαταφρόνητον
3167 5016 3343 5078 ποιεῖς
3372 5014 3481 5068 ἀπὺ
3532 5017 3632 5086 τῆς

2049 5104 2431 5175 ἀναστροφῆς;
2497 5102 2737 5156 Ἐπαινῶ
2783 5103 2865 5156 ὅτι
2920 5101 3182 5175 παρθένοι
3237 5101 3634 5175 παραγίνονται

2049 5191 2149 5264 τὴν
2200 5191 2440 5263 ὁμήλικα
2485 5189 2761 5261 τιμῶσαι,
2810 5190 2892 5244 ὅτι
2940 5190 3337 5262 παραγίνονται
3375 5190 3636 5259 γυναῖκες

2051 5281 2151 5351 τὴν
2193 5281 2271 5343 είς
2300 5280 2471 5344 αὐτάς
2500 5279 2866 5350 καταχθεῖσαν
2912 5281 3153 5351 τιμῶσαι
3179 5294 3194 5310 ο
3241 5276 3424 5344 καλῶς
3474 5278 3636 5334 10610

2054 5366 2305 5438 ὥρισται.
2339 5366 2442 5419 Δύο
2461 5366 2571 5438 γάρ
2595 5368 2733 5421 εἰσιν
2763 5361 2906 5422 οὗτοι
2933 5369 3105 5440 χοροὶ,
3135 5367 3164 5420 ὀ
3191 5366 3299 5422 τῶν
3326 5367 3633 5439 παρθένων,

2056 5455 2153 5510 καὶ
2185 5457 2214 5509 0
2241 5455 2349 5509 τῶν
2387 5454 2792 5526 γεγαμημένων
2812 5471 2826 5486 ·
2856 5448 3017 5510 αὗται
3047 5454 3451 5527 παραδιδόασιν,
3490 5457 3639 5509 ἐκεῖ·

2057 5560 2145 5599 ναι
2181 5542 2447 5614 δέχονται.
2503 5543 2571 5596 Ἦ
2598 5544 2784 5613 νύμφη
2832 5543 3039 5614 μεταξύ
3073 5542 3279 5599 τούτων
3308 5544 3483 5613 ἐστὶν,
3510 5539 3639 5597 οὐτε

2059 5632 2358 5700 παρθένος,
2385 5630 2511 5685 οὐτε
2562 5631 2738 5702 γυνή’
2794 5616 3006 5686 ἐκεῖθεν
3057 5634 3157 5702 μὲν
3185 5630 3294 5704 γάρ
3333 5628 3645 5707 ἐξέρχεται,

2063 5719 2262 5788 ταύτης
2289 5720 2343 5773 δέ
2374 5719 2640 5777 ἐπιϐαίνει
2669 5719 2767 5791 τῆς
2795 5719 3129 5792 συμμορίας.
