4064 6210
377 344 478 401 585

379 465 600 528 propter
624 456 849 512 aliorum
877 455 1137 523 salutem;
1171 469 1298 526 ergo
1328 463 1382 510 et
1428 459 1647 525 propter
1675 453 1818 521 ipsos
1869 451 1946 502 in-

375 549 696 617 gemisccre,
720 557 804 602 est
845 547 1013 615 magis
1043 546 1407 601 necessarium
1455 557 1612 613 quam
1657 543 1830 611 ipsum
1875 541 1954 594 vi-

379 639 529 692 dere.
558 637 690 691 Nam
738 636 782 690 si
838 646 1058 707 propter
1112 637 1256 706 ipsos
1303 636 1502 689 essein
1556 633 1797 703 gehenna
1825 674 1840 698 ,
1871 641 1955 686 est

374 730 545 799 magis
570 729 984 784 desiderandum
1005 743 1160 797 quam
1189 742 1307 782 esse
1335 742 1456 782 cum
1489 728 1637 796 ipso;
1660 737 1713 780 et
1737 733 1956 795 propter

379 821 527 890 ipsos
552 829 635 875 est
656 820 826 890 magis
852 819 1261 874 desiderantium
1285 818 1352 872 ah
1375 819 1489 887 ipso
1512 817 1767 886 separari,
1795 830 1952 884 quam

382 928 504 967 esse
529 927 648 965 cum
683 912 798 980 ipso
834 910 959 981 (hoc
985 910 1126 964 enim
1159 909 1409 978 estquod
1432 907 1663 971 dicebat,
1700 905 1953 975 Optabam

375 1008 482 1074 ipse
523 1022 612 1075 ego
642 1003 912 1056 anathema
941 1018 1045 1056 esse
1071 1019 1102 1054 a
1143 999 1340 1055 Christo
1370 999 1544 1070 [Rom
1563 1001 1616 1054 9.
1643 997 1720 1069 5])
1748 1015 1760 1050 :
1788 998 1954 1051 multo

376 1097 544 1164 magis
571 1095 702 1149 ﬁere
733 1093 1174 1164 propter-ipsum.
1211 1091 1333 1144 Non
1356 1090 1575 1152 cessavi,
1609 1089 1806 1158 inquit,
1839 1104 1954 1140 cum

380 1189 615 1258 lacrymis
640 1202 1040 1256 unumquemque
1054 1185 1326 1238 admonens
1349 1185 1485 1252 (Act.
1500 1182 1588 1237 20.
1607 1181 1718 1251 51).
1742 1180 1954 1246 Quare?

379 1278 493 1332 Non
527 1279 721 1332 timens
753 1276 990 1346 pericula
1018 1292 1032 1339 ;
1065 1275 1181 1338 sed,
1211 1285 1268 1328 ut
1291 1275 1336 1327 si
1367 1271 1487 1344 quis
1511 1272 1787 1340 aegrotanti
1819 1270 1956 1323 assi-

377 1370 508 1424 deus
535 1413 548 1433 ,
582 1378 634 1423 et
669 1369 916 1423 nesciens
945 1366 1116 1420 morbi
1145 1366 1302 1420 ﬁnem
1329 1405 1344 1428 ,
1376 1365 1695 1435 lacrymetur
1741 1371 1958 1431 propter

378 1463 734 1528 desiderium,
794 1470 1038 1515 metuens
1092 1475 1158 1513 ne
1213 1474 1243 1513 e
1288 1459 1396 1511 vita
1439 1454 1694 1511 excidat:
1729 1455 1798 1508 ita
1843 1454 1956 1523 ipse

380 1572 591 1625 quoque
622 1570 742 1607 cum
762 1553 966 1606 videret
997 1552 1287 1616 inﬁrmum,
1323 1565 1422 1604 nec
1451 1557 1630 1618 posset
1657 1547 1952 1614 increpare,

379 1650 446 1702 de
474 1660 669 1702 cretero
700 1644 1115 1716 lacrymabatur.
1151 1642 1263 1696 Hoc
1285 1655 1495 1710 quoque
1525 1639 1650 1693 fecit
1679 1637 1952 1704 Christus,

383 1750 443 1792 ut
473 1740 556 1793 vel
603 1749 976 1791 revererentur
1029 1736 1290 1804 lacrymas
1318 1750 1330 1785 :
1365 1732 1510 1787 verbi
1540 1748 1696 1785 causa
1724 1772 1739 1796 ,
1772 1746 1960 1800 peccac

381 1831 473 1883 bat
514 1828 704 1897 aliquis
727 1869 741 1892 ,
775 1826 1090 1895 increpabat
1135 1843 1149 1878 :
1181 1825 1511 1892 conspuebat
1559 1837 1679 1876 eum
1710 1831 1760 1876 et
1820 1821 1957 1874 resi-

385 1919 550 1973 liebat
579 1919 666 1987 qui
697 1918 1096 1986 increpabatur:
1131 1915 1522 1988 lacrymabatur
1546 1914 1655 1981 ille,
1692 1921 1746 1966 ut
1774 1914 1854 1967 vel
1881 1913 1958 1968 sic

387 2010 698 2063 attraltcret.

433 2098 508 2155 ’4.
553 2102 938 2156 Meminerimus
966 2100 1153 2154 harum
1193 2101 1594 2170 lacrymarum:
1639 2099 1716 2152 sic
1747 2106 1957 2152 nostras

387 2192 668 2246 cduccmus
695 2191 860 2259 ﬁlias,
905 2192 985 2246 sic
1012 2192 1146 2245 ﬁlios
1166 2234 1179 2255 ,
1211 2192 1569 2262 lacrymantes
1598 2205 1718 2244 cum
1759 2189 1958 2244 videri-

386 2299 502 2339 mus
529 2299 623 2339 eos
652 2285 856 2338 essein
901 2283 1075 2338 malis.
1129 2283 1490 2351 Qumcumquc
1530 2281 1714 2335 volunt
1754 2282 1958 2345 amari,

385 2375 726 2429 meminerint
754 2375 1111 2445 lacrymarum
1141 2374 1310 2440 Pauli,
1334 2383 1388 2428 et
1414 2381 1664 2443 gemant:
1695 2387 1964 2441 quaecum-

381 2483 485 2536 que
514 2466 686 2521 beatae
715 2467 1032 2532 censemini,
1066 2480 1420 2537 quaecumque
1450 2466 1580 2521 estis
1609 2466 1660 2520 in
1688 2465 1960 2529 thalamis,

381 2572 732 2626 quascumque
763 2558 814 2611 in
843 2557 1135 2626 voluptate,
1186 2571 1369 2612 carum
1399 2555 1754 2611 recordemini
1788 2573 1800 2608 :
1844 2555 1964 2624 qui-

381 2662 609 2719 cumque
637 2648 765 2702 esus
789 2648 842 2702 in
863 2649 1030 2714 luctu,
1060 2648 1324 2718 lacrymas
1345 2647 1596 2717 lacrymis
1615 2655 1960 2702 commutate.

385 2737 477 2792 ille
503 2753 608 2791 non
640 2738 854 2808 lugebat
883 2748 1146 2804 mortuos,
1175 2737 1272 2793 sed
1300 2753 1394 2792 eos
1419 2739 1508 2808 qui
1534 2738 1781 2807 peribant
1809 2749 1863 2793 et
1892 2738 1968 2790 vi-

383 2826 598 2881 vebant.
625 2828 808 2881 Dicam
849 2829 1010 2883 etiam
1036 2829 1169 2883 alias
1197 2829 1502 2898 lacrymas?
1529 2827 1715 2883 Flebat
1755 2843 1965 2896 quoque

385 2915 698 2971 Timotheus
729 2935 741 2970 :
774 2927 890 2972 erat
930 2919 1076 2973 enim
1116 2918 1234 2987 ejus
1264 2918 1557 2988 discipulus
1590 2937 1603 2972 :
1651 2927 1705 2973 et
1733 2918 1856 2973 ideo
1903 2920 1968 2973 ad

385 3022 509 3062 eum
543 3009 787 3064 scribens
814 3009 1026 3064 dicebat
1056 3027 1069 3063 :
1117 3009 1314 3064 Memor
1353 3011 1693 3081 lacrymarnm
1734 3022 1966 3079 tuarum,

385 3113 442 3154 ut
467 3103 655 3172 gaudio
684 3103 972 3172 adimplear
1007 3103 1082 3174 (2.
1120 3103 1250 3156 Tim.
1283 3104 1334 3157 1.
1374 3103 1452 3174 4).
1479 3104 1625 3159 Multi
1653 3103 1812 3158 etiam
1843 3103 1970 3158 ﬁent

381 3206 452 3244 ex
478 3192 766 3261 voluptate.
795 3192 870 3246 ita
900 3193 1061 3246 etiam
1083 3207 1169 3247 res
1195 3202 1278 3248 est
1299 3193 1614 3263 voluptatis,
1644 3203 1697 3249 et
1725 3194 1971 3262 volupta-

385 3283 455 3337 tis
481 3283 713 3354 ingentis
745 3301 758 3337 :
791 3285 863 3338 ita
893 3300 999 3338 non
1027 3293 1152 3339 sunt
1181 3299 1373 3354 graves
1411 3299 1476 3340 ac
1521 3286 1758 3341 molesta:
1795 3287 1970 3354 lacry-

388 3391 491 3428 mae
520 3391 638 3444 qua:
683 3377 1092 3445 proﬁciscuntur
1132 3391 1197 3431 ex
1230 3377 1332 3432 hoc
1361 3391 1628 3443 mmrore;
1660 3378 1753 3433 sed
1802 3379 1970 3433 multo

383 3468 647 3523 meliores
673 3469 783 3524 illis
806 3485 924 3539 qua:
956 3477 1083 3523 sunt
1125 3478 1347 3540 propter
1376 3470 1697 3525 mundanam
1725 3473 1968 3540 volupta-

387 3571 521 3614 tem.
551 3560 687 3614 Audi
715 3560 1033 3630 prophetam
1061 3560 1351 3625 dicentem,
1384 3562 1587 3616 Audiuit
1615 3562 1863 3617 Dominus
1884 3580 1971 3618 vo-

381 3666 494 3703 cem
516 3651 662 3718 ﬂetus
689 3651 787 3703 mei
816 3650 985 3721 (Paul.
1017 3652 1070 3706 6.
1097 3649 1178 3720 9).
1207 3651 1308 3706 Ubi
1329 3667 1434 3706 non
1464 3661 1587 3706 sunt
1613 3653 1768 3708 utiles
1795 3654 1970 3725 laCry-

387 3742 536 3795 mae?
567 3743 617 3794 in
649 3743 918 3811 precibus,
944 3745 994 3798 in
1023 3744 1522 3800 admonitionibus?
1549 3746 1654 3800 Nos
1681 3755 1855 3800 autem
1879 3762 1969 3801 eas

381 3833 857 3902 reprehendimus,
907 3845 966 3889 ut
1005 3837 1091 3905 qui
1125 3851 1231 3890 non
1278 3847 1488 3891 utamur
1533 3837 1599 3891 ad
1639 3853 1700 3892 ea
1737 3837 1802 3892 ad
1854 3853 1970 3906 qme

388 3923 531 3978 data:
558 3935 701 3979 sunt.
739 3924 962 3990 Quando
1004 3926 1218 3981 fratrem
1251 3935 1559 3995 peccantem
1607 3929 1968 3990 consolamur,

383 4015 521 4068 ﬂere
552 4025 602 4069 te
624 4024 836 4084 oportet
859 4016 1126 4086 lugentem
1162 4027 1217 4072 et
1245 4017 1679 4087 ingemiscentem
1715 4035 1727 4072 :
1759 4017 1972 4087 quando

387 4106 551 4159 alicui
579 4105 886 4172 suademus,
909 4107 996 4162 ille
1023 4114 1202 4162 autem
1227 4117 1460 4162 mentem
1489 4123 1592 4163 non
1618 4109 1854 4173 adhibet,
1880 4107 1972 4163 sed

388 4196 553 4266 perit,
588 4194 818 4250 ﬂendum
863 4206 964 4252 est.
1014 4197 1108 4252 Ha:
1147 4207 1272 4252 sunt
1304 4198 1554 4269 lacryma:
1597 4199 1971 4269 philosophiae.

388 4288 620 4354 Quando
665 4299 841 4344 autem
885 4291 1147 4359 quispiam
1187 4305 1387 4360 pauper
1431 4291 1617 4354 fuerit,
1666 4293 1880 4361 quando
1923 4293 1975 4348 in

391 4380 588 4435 morbo
634 4381 932 4450 corporali,
983 4381 1198 4449 quando
1257 4391 1499 4437 mortuus
1539 4382 1726 4448 fuerit,
1777 4399 1978 4453 nequa-

391 4487 602 4542 quam:
650 4471 765 4528 htcc
793 4474 934 4527 enim
981 4489 1087 4528 non
1138 4484 1264 4528 sunt
1307 4475 1465 4545 digna
1505 4475 1775 4545 lacrymis.
1830 4473 1979 4529 Sicut

395 4581 530 4633 ergo
559 4566 723 4619 risum
756 4567 1197 4635 reprehendimus
1223 4607 1238 4632 ,
1283 4582 1349 4622 eo
1393 4569 1694 4637 importune
1719 4575 1927 4623 utentes
1962 4585 1975 4621 :

393 4659 477 4710 sic
521 4657 681 4711 etiam
725 4657 1022 4728 Iacrymas,
1073 4658 1448 4727 intempestive
1501 4673 1592 4714 cas
1636 4667 1975 4730 usurpantes.

395 4747 552 4801 Tunc
570 4747 714 4801 enim
737 4749 975 4802 cernitur
995 4748 1414 4818 uniuscujusque
1431 4751 1617 4812 virtus,
1647 4751 1858 4820 quando
1881 4751 1979 4805 du-

396 4840 544 4890 citur
563 4838 628 4892 ad
651 4848 1005 4906 opportunam
1033 4839 1113 4892 sui
1133 4841 1366 4894 muneris
1383 4840 1702 4895 iunctionem
1727 4858 1739 4894 :
1767 4843 1980 4909 quando

394 4937 580 4980 autem
603 4928 933 4992 adalienam,
951 4945 1306 5000 nequaquam.
1331 4931 1574 5000 Exempli
1593 4947 1772 4997 causa,
1798 4933 1976 4986 vinum

395 5018 584 5071 datum
610 5029 690 5073 est
717 5019 784 5073 ad
816 5020 1072 5087 laetitiam,
1105 5036 1210 5075 non
1261 5030 1440 5076 autem
1489 5021 1555 5075 ad
1599 5023 1914 5077 ebrietatem
1963 5039 1977 5076 :

399 5109 558 5179 panis
587 5108 654 5163 ad
684 5110 1062 5179 nutritionem,
1104 5112 1276 5167 coitus
1318 5111 1384 5166 ad
1412 5112 1699 5167 liberorum
1733 5127 1981 5181 procrea-

399 5205 629 5257 tionem.
660 5203 811 5258 Sicut
837 5219 964 5273 ergo
992 5218 1054 5259 ea
1076 5205 1464 5274 vituperantur,
1498 5204 1541 5256 si
1564 5203 1760 5259 abusus
1781 5203 1942 5258 fuerit
1967 5221 1981 5258 :

400 5293 473 5346 ita
505 5294 666 5347 etiam
698 5294 965 5364 lacrymte.
1019 5294 1124 5349 Lex
1157 5294 1357 5348 feratur
1385 5303 1444 5349 ut
1483 5295 1533 5348 in
1566 5294 1694 5349 solis
1739 5295 1984 5363 precibus

402 5395 460 5438 ct
491 5385 944 5442 admonitionibus
970 5387 1032 5441 iis
1059 5387 1135 5440 uti
1162 5387 1320 5441 liceat
1344 5405 1356 5441 :
1383 5395 1437 5440 et
1464 5386 1585 5440 vide
1605 5385 1872 5455 quomodo
1899 5402 1984 5441 res

403 5476 512 5529 erit
533 5478 693 5531 etiam
717 5477 968 5547 optanda.
999 5477 1143 5532 Nihil
1170 5479 1239 5532 ita
1265 5488 1453 5549 purgat
1477 5488 1710 5547 peccata,
1729 5487 1788 5533 ut
1815 5479 1990 5550 lacry-

403 5583 532 5621 nim.
564 5569 631 5624 Et
671 5571 940 5640 pulchram
969 5572 1203 5628 ostendit
1245 5572 1430 5628 faciem
1462 5588 1771 5642 corpoream
1804 5591 1817 5627 :
1859 5589 1978 5630 eum

407 5659 554 5712 enim
600 5662 687 5729 qui
735 5661 877 5716 videt
924 5661 1198 5717 attrahunt
1249 5663 1313 5716 ad
1367 5663 1784 5718 misericordiam
1823 5681 1836 5718 :
1870 5679 1986 5719 eam

409 5747 566 5806 nobis
589 5751 784 5808 iaciunt
807 5769 1021 5824 gravem
1048 5764 1102 5812 et
1123 5754 1420 5813 honestam.
1439 5756 1576 5811 Nihil
1603 5764 1685 5812 est
1704 5756 1987 5826 jucundius

1225 339 1290 395 ΙΝ
1330 338 1545 395 ΕῬΙΞΤ.
1587 337 1678 392 AD
1717 330 1987 391 COLOSS.
2018 329 2180 386 ων.
2224 331 2312 388 ιγ.
2355 335 2581 391 HOMIL.
2625 336 2736 392 XII.

3537 352 3641 406 386

2041 447 2226 500 loculis
2253 447 2840 519 lacrymautibus.ﬂoc
2881 446 3019 508 enim
3063 464 3145 510 est
3171 447 3478 514 membrum
3523 477 3637 516 om-

2058 539 2204 592 nium
2234 539 2284 592 in
2306 541 2460 594 nobis
2481 542 2873 598 nobilissimum
2902 557 2955 600 et
2986 549 3462 616 speciosissimum,
3483 564 3640 623 atque

2055 629 2194 683 adeo
2224 631 2388 698 ipsius
2417 633 2610 686 anima:
2636 633 2957 688 membrum.
2983 637 3277 716 Tamquam
3315 653 3442 710 ergo
3470 641 3639 712 ipsam

2061 719 2304 774 videntes
2327 722 2611 777 deﬂentem
2643 727 2894 790 animam,
2927 727 2996 780 ita
3029 727 3309 784 ﬂectimur.
3337 733 3459 787 llaec
3488 749 3517 787 a
3544 749 3640 789 no-

2060 812 2143 866 bis
2176 829 2278 868 uon
2329 825 2526 870 temere
2567 817 2704 870 dicta
2751 829 2913 885 sunt,
2942 820 3032 874 sed
3063 830 3121 874 ut
3148 838 3243 878 vos
3282 840 3380 880 nec
3409 827 3634 896 nuptiis,

2061 917 2162 957 nec
2189 905 2561 959 saltationibus
2581 948 2596 973 ,
2641 924 2736 962 nec
2764 909 2944 964 choris
2971 911 3155 967 adsitis
3190 916 3457 971 satanicis.
3510 917 3638 974 Vide

2054 993 2201 1046 enim
2230 995 2355 1063 quid
2379 995 2638 1050 invenerit
2666 997 2930 1054 diabolus.
2963 1001 3093 1056 Nam
3124 1006 3375 1072 quoniam
3401 1022 3430 1060 a
3454 1022 3634 1073 scena,

2055 1093 2116 1137 .et
2156 1083 2219 1138 iis
2248 1100 2366 1153 quae
2395 1086 2501 1140 illic
2527 1097 2652 1141 sunt
2697 1090 2867 1158 turpia
2899 1102 2952 1145 et
2981 1093 3260 1160 indecora,
3310 1098 3419 1166 ipsa
3453 1109 3638 1155 natura

2059 1173 2280 1229 abduxit
2302 1178 2572 1242 mulieres,
2602 1195 2720 1248 qum
2745 1192 2869 1235 sunt
2905 1182 3094 1238 theatri
3125 1186 3346 1240 abduxit
3382 1190 3430 1242 in
3453 1206 3635 1260 gymn-

2059 1281 2236 1330 cemn,
2265 1269 2476 1334 molles,
2511 1271 2722 1340 inquam
2748 1314 2763 1338 ,
2801 1281 2857 1328 et
2884 1277 3211 1330 meretrices.
3261 1277 3405 1331 llanc
3433 1291 3634 1348 pestem

2062 1358 2260 1413 invexit
2293 1361 2374 1414 lex
2422 1363 2704 1431 nuptialis,
2739 1364 2846 1418 imo
2894 1380 3020 1419 vero
3064 1381 3166 1420 non
3215 1367 3299 1420 lex
3347 1371 3633 1437 nuptialis,

2058 1452 2215 1514 absit,
2245 1453 2336 1507 sed
2368 1455 2449 1509 lex
2481 1468 2674 1509 nostrae
2707 1457 2970 1511 mollitiei.
2998 1458 3133 1526 Quid
3166 1460 3293 1513 facis
3317 1499 3332 1523 ,
3375 1475 3406 1513 0
3436 1464 3638 1516 homo?

2062 1543 2238 1598 nescis
2259 1545 2382 1612 quid
2411 1560 2557 1615 agas.
2589 1546 2860 1601 Mulierem
2886 1547 3035 1602 ducis
3063 1549 3129 1603 ad
3153 1552 3556 1619 temperantiam
3585 1561 3640 1607 et

2065 1633 2352 1689 liberorum
2385 1639 2806 1704 procreationem
2841 1655 2853 1690 :
2885 1639 3010 1706 quid
3041 1655 3168 1709 ergo
3191 1640 3287 1694 sibi
3315 1641 3497 1695 volunt
3525 1659 3634 1698 me-

2061 1727 2322 1780 retrices?
2349 1727 2418 1782 Ut
2463 1728 2530 1781 sit
2553 1771 2566 1790 ,
2607 1730 2810 1798 inquit,
2842 1731 3012 1798 major
3043 1733 3240 1784 lmtitia.
3294 1735 3480 1786 Annon
3526 1735 3640 1789 lucc

2061 1828 2184 1871 sunt
2211 1819 2528 1887 insipientia:
2553 1820 2574 1872 ?
2603 1822 2810 1876 Probro
2838 1823 3006 1877 afﬁcis
3035 1838 3307 1891 sponsam,
3336 1827 3535 1894 probro
3559 1828 3639 1881 af-

2063 1907 2176 1962 ﬁcis
2207 1909 2470 1962 invitatus.
2498 1910 2635 1964 Nam
2675 1913 2716 1964 si
2768 1914 2848 1967 his
2887 1914 3243 1977 delet-tantur,
3276 1931 3361 1969 res
3404 1927 3485 1970 est
3513 1933 3637 1986 pro-

2064 2000 2216 2052 brum
2262 2009 2314 2054 et
2354 2003 2699 2056 contumelia.
2746 2003 2875 2056 Nam
2918 2005 2959 2057 si
2998 2006 3178 2060 videre
3229 2009 3535 2063 meretrices
3582 2025 3642 2066 se

2063 2089 2287 2158 turpiter
2311 2098 2365 2144 et
2394 2089 2643 2145 indecore
2670 2103 2916 2160 gerentes
2945 2094 3171 2162 aliquam
3219 2097 3371 2152 all‘ert
3401 2102 3644 2169 magniﬁ-

2061 2181 2312 2242 centiam,
2362 2196 2457 2234 cur
2488 2198 2592 2235 non
2630 2183 2856 2238 attrahis
2903 2199 3155 2253 sponsam
3197 2197 3254 2240 ut
3304 2191 3386 2242 illa
3434 2206 3644 2260 quoque

2061 2275 2553 2344 Spectct?0muino
2585 2287 2736 2346 turpe
2772 2288 2854 2332 est
2893 2286 2947 2332 et
2973 2280 3300 2344 indecorum,
3337 2283 3481 2337 virus
3513 2286 3644 2337 mul-

2065 2367 2143 2420 les
2169 2376 2224 2420 et
2260 2367 2534 2432 saltantes,
2584 2377 2638 2423 et
2677 2383 2890 2423 omnem
2933 2387 3176 2440 pompam
3221 2375 3505 2429 satauicam
3545 2377 3644 2432 do-

2069 2475 2212 2514 mnm
2241 2460 2599 2516 introducere.
2635 2463 2884 2518 Memores
2911 2477 3086 2534 estote,
3121 2470 3306 2538 inquit,
3336 2471 3646 2524 vinculorum

2067 2567 2309 2604 meorum.
2339 2551 2728 2607 Matrimonium
2765 2565 2844 2610 est
2869 2558 3160 2624 vinculum,
3194 2560 3456 2614 vinculum
3482 2576 3510 2613 a
3539 2561 3648 2614 Deo

2067 2640 2409 2694 constitutum
2436 2658 2450 2695 :
2481 2643 2674 2696 solutio
2700 2654 2780 2699 est
2807 2647 3059 2700 meretrix
3084 2658 3138 2702 et
3164 2649 3461 2705 dissolutio.
3500 2649 3650 2705 Licet

2067 2731 2185 2785 aliis
2208 2731 2508 2786 exhilarare
2533 2733 2768 2801 nuptias,
2800 2745 2854 2786 ut
2880 2735 3034 2788 lautis
3059 2739 3257 2790 mensis
3283 2747 3336 2791 et
3362 2741 3645 2795 vestimen-

2072 2823 2137 2875 tis
2163 2839 2174 2872 :
2211 2823 2322 2875 haec
2349 2839 2452 2876 non
2481 2834 2717 2892 amputo,
2754 2840 2820 2879 ne
2849 2825 3030 2879 videar
3057 2841 3176 2880 esse
3202 2829 3352 2883 valde
3377 2833 3598 2899 agrestis
3632 2849 3646 2888 :

2069 2927 2384 2982 quamquam
2411 2914 2666 2970 Rebecca:
2693 2918 2820 2970 satis
2850 2915 2949 2970 fuit
2976 2917 3148 2972 solum
3174 2919 3476 2976 theristrum
3511 2942 3524 2980 :
3553 2927 3648 2980 scd

2071 3017 2174 3058 non
2191 3014 2426 3074 amputa.
2451 3007 2595 3060 Licet
2617 3006 2900 3062 exhilarari
2923 3009 3180 3075 vestibus;
3207 3011 3328 3066 licet
3348 3014 3396 3066 in
3418 3030 3650 3085 pravseu-

2073 3096 2139 3149 tia
2182 3099 2602 3153 venerandurum
2635 3101 2865 3156 virorum
2914 3113 2966 3156 et
3005 3106 3418 3160 reverendarum
3464 3111 3652 3163 mulie-

2070 3202 2208 3242 rum.
2237 3190 2375 3255 Quid
2403 3191 2625 3245 ludibria
2671 3191 2756 3244 illa
2785 3233 2798 3257 ,
2830 3192 2956 3261 quid
2991 3206 3228 3248 monstra
3271 3195 3516 3253 inducis?
3558 3199 3652 3254 Dic

2072 3295 2190 3350 qua:
2220 3281 2372 3335 audis
2401 3282 2468 3336 ab
2497 3283 2646 3350 ipsis.
2677 3285 2744 3336 At
2772 3284 3050 3340 erubescis
3083 3286 3306 3342 dicere?
3333 3289 3411 3344 Tu
3455 3292 3651 3347 erube-

2071 3375 2176 3428 scis
2199 3416 2212 3436 ,
2247 3385 2300 3428 et
2329 3375 2446 3430 illos
2483 3377 2640 3445 cogis
2659 3377 2710 3429 id
2740 3376 2951 3432 facere?
2976 3378 3028 3432 Si
3062 3379 3339 3447 pulchrum
3369 3392 3446 3436 est
3472 3393 3525 3438 et
3554 3384 3648 3436 ho-

2071 3476 2300 3531 nestum,
2353 3481 2448 3520 cur
2491 3482 2593 3520 non
2648 3467 2762 3536 ipse
2807 3483 3016 3537 quoque
3047 3469 3213 3524 facis?
3259 3472 3302 3526 si
3351 3483 3526 3528 autem
3571 3485 3655 3530 est

2073 3563 2241 3624 turpe,
2287 3570 2382 3609 cur
2421 3556 2581 3609 alium
2627 3557 2807 3626 cogis?
2843 3559 3030 3613 Omnia
3073 3572 3283 3630 oportet
3327 3578 3447 3618 esse
3496 3566 3654 3634 plena

2074 3647 2417 3714 temperantia
2461 3662 2523 3702 ac
2570 3648 2862 3715 modestia,
2914 3650 3173 3720 gravitate
3227 3660 3281 3706 et
3331 3654 3646 3712 honestate:

2073 3755 2211 3793 nunc
2247 3754 2371 3793 vero
2401 3741 2726 3793 contrarium
2763 3741 2939 3804 video,
2975 3742 3227 3796 saltantes
3273 3753 3535 3813 tamquam
3564 3762 3658 3800 ca-

2075 3830 2267 3894 melos,
2295 3837 2564 3899 tamquam
2586 3830 2780 3884 mulos.
2814 3831 3010 3901 Virgini
3035 3833 3179 3886 Solus
3206 3846 3288 3888 est
3308 3844 3460 3903 aptus
3485 3839 3652 3890 tinua-

2072 3937 2210 3975 mus.
2244 3922 2313 3976 At
2360 3931 2462 3984 est,
2495 3921 2698 3992 inquit,
2731 3938 2950 3992 pauper.
3003 3925 3264 3990 Quoniam
3312 3937 3392 3981 est
3433 3944 3655 3998 pauper,

2073 4011 2233 4067 debet
2261 4014 2420 4067 etiam
2453 4028 2572 4068 esse
2599 4013 2840 4068 modesta
2869 4024 2923 4068 et
2947 4015 3170 4071 honesta
3200 4035 3212 4070 :
3257 4017 3448 4072 habeat
3485 4037 3660 4078 mores

2075 4119 2174 4173 pro
2203 4103 2422 4158 divitiis.
2456 4103 2572 4158 Non
2600 4114 2778 4175 potest
2808 4104 2936 4159 dare
2966 4106 3186 4160 dotem?
3216 4122 3310 4160 cur
3353 4123 3468 4163 eam
3501 4121 3662 4166 etiam

2077 4195 2208 4248 alias
2262 4195 2442 4249 reddis
2493 4196 2937 4249 contemnendam
2996 4211 3060 4248 ex
3125 4198 3226 4249 hac
3275 4200 3662 4266 perversione?

2079 4287 2260 4341 Laudo
2287 4287 2427 4354 quod
2459 4287 2635 4340 adsint
2664 4287 2899 4354 virgines
2927 4288 3185 4356 aequalem
3212 4302 3359 4341 suam
3391 4287 3659 4344 honoran-

2090 4388 2207 4432 tes:
2243 4377 2382 4445 quod
2417 4377 2591 4431 adsint
2619 4377 2872 4431 mulieres
2908 4391 3024 4430 eam
3070 4379 3426 4444 honorantes,
3459 4397 3578 4450 quae
3611 4399 3660 4436 In

2081 4482 2232 4521 suum
2265 4483 2544 4522 numerum
2580 4477 2661 4522 est
2706 4467 2871 4523 relata
2907 4467 3048 4522 :hoc
3079 4479 3224 4523 recte
3271 4478 3352 4524 est
3399 4484 3660 4528 constitu-

2083 4569 2216 4613 tum.
2247 4559 2380 4615 Sunt
2418 4559 2558 4614 enim
2591 4559 2641 4612 hi
2671 4558 2778 4613 duo
2807 4559 2956 4613 chori
2992 4578 3003 4611 :
3035 4559 3231 4614 chorus
3273 4561 3537 4631 virginum
3560 4606 3574 4627 ,
3607 4576 3660 4620 et

2083 4650 2278 4706 chorus
2328 4667 2510 4706 carum
2558 4666 2676 4720 qua:
2734 4659 3026 4720 nupserunt
3062 4669 3075 4704 :
3117 4651 3223 4706 illa:
3273 4654 3528 4719 tradunt,
3583 4661 3664 4708 hae

2083 4744 2396 4814 suscipiunt.
2425 4743 2630 4812 Sponsa
2659 4752 2742 4798 est
2768 4744 2906 4796 inter
2931 4757 3042 4808 eas,
3072 4757 3244 4814 neque
3295 4745 3463 4816 virgo,
3494 4763 3667 4816 neque

2084 4837 2276 4892 mulier
2307 4853 2321 4890 :
2355 4852 2476 4891 nam
2513 4837 2657 4890 illinc
2687 4836 2897 4905 quidem
2927 4837 3216 4908 egreditur,
3242 4837 3294 4893 in
3327 4839 3461 4894 hanc
3487 4851 3663 4894 autem

2085 4930 2323 4984 ascendit
2345 4931 2592 4985 classem.

2159 5021 2448 5075 Meretrices
2475 5023 2525 5074 in
2557 5023 2750 5092 nuptiis
2774 5023 3032 5077 admixta'.
3053 5055 3120 5062 ——
3139 5023 3244 5079 Cur
3279 5034 3456 5078 autem
3487 5039 3663 5081 mere-

2087 5113 2290 5168 trices?
2334 5115 2464 5168 Cum
2515 5124 2786 5185 oporteret
2829 5131 2920 5171 eas
2947 5132 3056 5186 pra:
3099 5117 3302 5186 pudore
3339 5116 3441 5186 tegi
3468 5157 3484 5183 ,
3541 5116 3666 5172 dum

2088 5205 2286 5274 nuptis:
2309 5204 2666 5271 celebrantur,
2696 5222 2816 5262 cum
2839 5216 3112 5278 oporteret
3145 5223 3235 5262 eas
3263 5208 3424 5261 inludi
3458 5209 3670 5278 (matri-

2093 5298 2260 5354 monii
2291 5299 2432 5354 enim
2468 5302 2742 5370 corruptio
2780 5309 2861 5355 est
2908 5300 3206 5368 scortatio),
3238 5317 3333 5356 nos
3364 5314 3537 5358 autem
3583 5320 3675 5371 eas

2090 5391 2332 5446 ducimus
2362 5393 2426 5447 ad
2457 5394 2686 5463 nuptias.
2717 5391 2782 5446 Et
2811 5391 3028 5460 quando
3067 5391 3266 5460 aliquid
3295 5393 3506 5462 quidem
3544 5391 3668 5446 faci-

2093 5484 2180 5548 tis,
2209 5485 2367 5538 etiam
2391 5485 2569 5538 verbis
2601 5494 2754 5538 tenus
2775 5483 3040 5537 contraria
3063 5485 3240 5538 omnia
3271 5483 3666 5555 deprecamiui:

2093 5586 2150 5628 ut
2175 5576 2387 5645 quando
2415 5576 2669 5639 scminas,
2693 5573 2907 5645 quando
2928 5575 3111 5630 vinum
3133 5575 3316 5632 hauris
3342 5593 3408 5632 ex
3436 5579 3667 5634 torcula-

2093 5668 2259 5732 ribus,
2291 5682 2356 5720 ne
2400 5666 2739 5736 responderis
2780 5665 2995 5737 quidem
3034 5683 3153 5738 qua:
3197 5685 3419 5739 vappam
3466 5668 3666 5740 signiti-

2093 5767 2216 5814 cant
2248 5776 2260 5813 :
2297 5759 2378 5813 hic
2410 5770 2610 5826 autem,
2645 5759 2729 5814 ubi
2761 5760 2954 5817 decent
2981 5761 3276 5816 moderatio
3301 5771 3349 5814 et
3377 5771 3667 5832 temperan.
