4064 6210
390 301 498 366 387

397 422 501 486 tia,
546 434 771 491 vappam
815 417 1186 486 introducitis;
1238 417 1342 474 hoc
1362 418 1507 474 enim
1560 424 1643 472 est
1684 410 1968 470 meretrix.

1193 308 1251 364 S.
1301 301 1576 366 JOANNIS
1608 297 2087 358 CHRYSOSTOM‘!
2122 297 2438 356 Am.
2477 295 3008 358 CONSTANTINOP.

3550 309 3650 368 E383

2079 336 2084 354 ι
2122 336 2403 356 mm...
2424 338 2438 353 .
2478 336 2968 358 νυηυιηιηιυυ.
2990 338 3008 356 .
3543 336 3646 381 μδ.)

2079 418 2255 481 caput,
2313 409 2401 465 illa
2443 425 2577 467 vero
2612 426 2827 484 corpus,
2855 413 3123 487 quomodo
3167 414 3313 472 duo?
3359 417 3646 491 PrOpterea

395 513 620 580 Quando
643 520 968 584 unguentum
997 508 1320 580 componitis
1347 548 1363 574 ,
1395 506 1531 564 nihil
1553 506 1695 562 male
1719 505 1872 561 olens
1901 499 1978 557 si-
2077 498 2193 556 hinc
2215 500 2431 571 quidem
2452 501 2715 574 discipuli,
2744 504 2836 561 ille
2853 520 2981 563 vero
3002 506 3175 563 locum
3201 516 3345 565 tenet
3373 513 3646 582 magistri:

399 604 523 658 nilis
538 603 981 673 appropinquare.
1000 599 1391 656 Matrimonium
1404 608 1487 654 est
1500 605 1829 668 unguentum
1846 612 1859 646 :
1873 608 1973 650 cur

394 694 535 749 eteni
584 693 824 749 faetorem
873 692 1080 747 inducis
1108 692 1162 747 iu
1185 690 1625 760 compositionem
1672 690 1970 759 unguenti?

396 786 532 852 Quid
553 785 716 840 dicis?
741 784 897 839 saltat
926 783 1095 854 virgo,
1119 791 1174 838 et
1197 797 1302 837 non
1330 797 1446 837 eam
1470 780 1636 851 pudet
1660 794 1771 836 suae
1792 796 1972 852 mqua—

396 878 502 931 lis?
528 876 750 947 Oportet
777 875 919 930 enim
945 875 1112 944 ipsam
1134 875 1233 931 hac
1250 890 1369 931 esse
1397 874 1754 931 honestiorem
1781 883 1836 930 et
1852 890 1973 946 gra-

396 968 598 1022 viorem
621 984 633 1019 :
657 980 724 1020 ex
749 966 870 1021 uina
905 966 1104 1035 quippe
1129 980 1342 1036 egressa
1369 974 1470 1033 est,
1493 980 1598 1020 non
1617 982 1683 1021 ex
1704 968 1968 1036 palaestra.

394 1056 511 1110 Non
559 1062 769 1126 oportet
818 1056 963 1110 enim
1020 1055 1239 1110 omnino
1291 1055 1549 1126 virginem
1602 1070 1864 1128 apparere
1915 1056 1969 1111 in

397 1148 613 1217 nuptiis.
940 1160 945 1165 '

466 1237 519 1292 5.
559 1235 675 1290 Non
708 1236 856 1290 vides
877 1235 1020 1307 quod
1050 1236 1103 1290 in
1130 1236 1274 1307 regia
1299 1236 1387 1306 qui
1413 1244 1535 1291 sunt
1560 1236 1771 1308 quidem
1802 1238 1971 1293 hono-

400 1326 543 1394 rati,
577 1335 705 1382 sunt
731 1327 873 1381 intus
897 1328 1039 1381 circa
1084 1342 1304 1397 regem;
1345 1329 1380 1382 ii
1410 1336 1587 1383 autem
1635 1330 1725 1399 qui
1757 1346 1861 1384 non
1915 1331 1968 1386 in

396 1420 601 1474 honore
628 1427 771 1485 sunt,
795 1428 938 1473 stant
965 1418 1136 1472 foris?
1164 1418 1249 1474 Sis
1275 1420 1453 1490 itaque
1480 1420 1619 1475 intus
1642 1421 1781 1476 circa
1810 1436 1969 1491 spon-

395 1523 531 1562 sam.
562 1508 667 1563 Sed
698 1519 843 1563 casta
874 1523 1031 1563 mane
1073 1508 1260 1563 domi:
1300 1525 1369 1565 ne
1417 1510 1469 1565 in
1513 1525 1759 1581 pompam
1806 1512 1967 1569 ducas

396 1602 776 1671 virginitatem.
830 1601 1020 1655 Adstat
1080 1609 1302 1671 uterque
1345 1601 1576 1669 chorus;
1619 1603 1708 1657 ille
1754 1602 1966 1674 quidem

394 1692 604 1761 qualem
633 1690 722 1745 det
746 1690 1056 1755 ostendens,
1089 1690 1175 1746 hic
1197 1701 1396 1757 autem,
1425 1701 1480 1747 ut
1500 1707 1616 1747 eam
1643 1702 1925 1749 conservet
1950 1709 1966 1746 :

392 1797 489 1836 cur
514 1780 774 1835 dedecore
796 1780 967 1835 alﬁcis
999 1782 1396 1851 virginitatem?
1425 1782 1555 1837 Nam
1585 1784 1628 1838 si
1661 1793 1714 1838 tu
1743 1800 1802 1839 es
1827 1784 1964 1849 talis,

397 1872 519 1925 talia
548 1886 777 1939 sponsus
801 1871 868 1925 de
904 1872 988 1925 illa
1026 1872 1382 1942 suspicabitur
1412 1890 1425 1927 :
1454 1874 1500 1928 si
1531 1882 1583 1928 tu
1612 1875 1745 1930 velis
1776 1876 1964 1942 amari,

390 1976 454 2017 ea
482 1969 607 2014 sunt
631 1976 777 2031 cepa:
802 2002 815 2025 ,
849 1962 1055 2015 olerum
1096 1961 1401 2016 venditricis
1427 1972 1480 2018 et
1506 1964 1730 2032 epilicis.
1774 1966 1965 2020 Annon

392 2063 514 2107 sont
549 2053 660 2107 haec
688 2053 938 2122 probrum
966 2062 1020 2106 et
1049 2051 1318 2107 dedecus?
1344 2053 1604 2108 Probrum
1631 2055 1773 2109 enim
1803 2066 1885 2110 est
1913 2065 1968 2112 et

390 2147 623 2200 dedecus
652 2159 708 2199 se
737 2143 988 2199 indecore
1018 2158 1227 2213 gerere,
1260 2144 1422 2198 etiam
1462 2144 1508 2199 si
1548 2145 1618 2198 sit
1651 2145 1757 2201 ﬁlia
1803 2147 1962 2216 regis.

392 2236 524 2292 Num
553 2235 797 2305 prohibet
828 2234 1151 2304 paupertas?
1178 2249 1304 2288 num
1332 2236 1452 2290 vita:
1479 2235 1712 2291 studium
1735 2246 1790 2291 et
1816 2238 1967 2291 insti-

390 2326 600 2382 tutum?
628 2325 842 2379 Etiamsi
869 2340 1022 2380 serva
1044 2325 1113 2379 sit
1144 2324 1313 2395 virgo,
1339 2335 1552 2381 maneat
1583 2326 1633 2380 in
1660 2326 1917 2396 pudicitia
1943 2345 1957 2381 :

390 2419 456 2473 In
487 2419 683 2473 Christo
711 2417 853 2473 enim
876 2415 1001 2471 Jesu
1027 2434 1128 2471 non
1154 2427 1226 2472 est
1245 2434 1435 2482 servus,
1477 2434 1565 2473 nec
1592 2418 1714 2474 liber
1739 2418 1878 2490 (Gal.
1906 2420 1961 2475 5.

387 2511 501 2578 ‘28).
530 2508 886 2563 'l‘hcatrumne
915 2518 996 2563 est
1031 2508 1472 2563 matrimonium?
1525 2509 1621 2564 Est
1646 2510 1959 2580 mysterium

388 2612 440 2654 et
463 2600 538 2654 rei
564 2614 767 2667 magnae
788 2608 944 2669 typus
971 2614 984 2650 :
1011 2607 1063 2652 et
1085 2599 1129 2653 si
1148 2598 1320 2667 ipsum
1340 2614 1446 2653 non
1464 2602 1783 2666 reverearis,
1808 2615 1963 2656 reve-

390 2706 506 2743 rere
524 2688 572 2742 id
591 2688 740 2757 cujus
767 2698 848 2741 cst
879 2696 1055 2756 typus.
1088 2687 1488 2754 Sacramentum,
1515 2690 1705 2760 inquit,
1730 2691 1827 2746 hoc
1852 2708 1963 2746 ma-

386 2797 537 2851 gnum
556 2790 627 2834 est
652 2796 669 2832 :
691 2795 780 2849 ego
801 2786 965 2831 autent
985 2778 1098 2832 dico
1120 2778 1170 2832 in
1188 2778 1387 2833 Christo
1412 2790 1459 2835 et
1486 2780 1712 2836 Ecclesia
1738 2782 1954 2853 (Ep/tes.

386 2877 441 2932 5.
470 2874 581 2942 '52).
601 2873 852 2928 Ecclesia:
876 2882 957 2927 est
982 2881 1139 2943 typus
1160 2883 1212 2929 et
1228 2874 1444 2942 Christi,
1473 2885 1527 2931 et
1553 2879 1864 2934 meretrices
1880 2882 1963 2934 t'n-

389 2965 643 3021 troducis?
659 2965 712 3021 Si
731 2980 880 3034 ergo,
901 2965 1090 3033 inquit,
1113 2980 1284 3034 neque
1300 2966 1528 3036 virgines
1547 2968 1768 3036 saltant,
1784 2986 1959 3041 neque

387 3073 504 3127 qua:
546 3065 879 3126 nupserunt,
924 3056 1044 3125 quis
1089 3056 1347 3111 saltabit?
1390 3058 1619 3114 Nullus:
1665 3061 1962 3120 saltationis

387 3151 527 3203 enim
554 3163 795 3218 quamam
826 3154 909 3201 est
935 3147 1261 3202 necessitas?
1282 3147 1338 3203 ln
1367 3150 1631 3225 mysteriis
1647 3151 1958 3209 Gracorum

387 3248 512 3292 sunt
537 3238 889 3302 saltationes;
941 3237 993 3291 in
1024 3238 1221 3293 nostris
1264 3247 1440 3295 autem
1477 3241 1747 3298 silentium
1774 3255 1830 3300 et
1864 3244 1961 3301 ho-

389 3338 536 3383 nesta
559 3328 808 3397 gravitas,
835 3327 1004 3396 pudor
1028 3337 1077 3383 et
1108 3328 1386 3385 modestia.
1414 3331 1658 3402 Magnum
1692 3336 1960 3406 peragitur

389 3419 723 3490 mysterium,
745 3418 887 3474 foras
913 3420 1243 3488 meretrices,
1273 3419 1415 3475 foras
1436 3422 1663 3491 profani.
1682 3425 1960 3491 Quomodo

385 3521 468 3565 est
495 3510 848 3582 mysterium?
891 3509 1250 3579 Conveniunt,
1298 3521 1350 3567 et
1386 3512 1493 3569 duo
1518 3512 1720 3570 faciunt
1770 3532 1954 3573 unum.

386 3604 493 3659 Cur
548 3602 761 3673 quando
808 3602 1102 3671 ingreditur
1153 3604 1399 3673 quidem,
1450 3621 1554 3661 non
1597 3617 1677 3662 est
1722 3610 1951 3676 saltatio,

382 3711 489 3749 non
533 3706 659 3750 sunt
701 3694 978 3764 cymbala,
1020 3693 1115 3749 sed
1160 3695 1382 3750 multum
1431 3697 1734 3764 silentium,
1791 3701 1954 3756 multa

380 3785 563 3853 quies;
595 3783 807 3854 quando
851 3792 1027 3836 autem
1082 3785 1424 3850 conveniunt,
1475 3802 1580 3840 non
1614 3789 1951 3845 inanimatam

382 3873 687 3942 imaginem,
716 3887 823 3925 non
854 3871 1083 3940 alicujus
1111 3887 1179 3927 ex
1212 3875 1275 3928 iis
1304 3890 1421 3944 qum
1449 3887 1573 3931 sunt
1595 3878 1647 3933 in
1672 3889 1829 3947 terra,
1856 3882 1951 3938 sed

381 3963 544 4032 ipsius
573 3960 665 4015 Dei
694 3958 951 4014 facientes
992 3961 1274 4031 imaginem
1296 3972 1347 4018 et
1384 3965 1804 4038 similitudinem,
1832 3980 1948 4027 tan-

380 4064 488 4108 tum
515 4050 803 4107 introducis
820 4051 1124 4118 tumultum,
1143 4062 1197 4108 et
1214 4069 1308 4110 eos
1329 4056 1417 4126 qui
1438 4057 1632 4112 adsunt
1646 4063 1947 4131 perturbas,

379 4153 432 4199 et
470 4143 733 4199 dedecore
759 4142 993 4197 animam
1041 4142 1213 4201 afﬁcis
1261 4155 1316 4201 ct
1354 4149 1676 4205 conturbas?
1719 4151 1951 4211 Veniunt

378 4234 540 4291 futuri
569 4249 730 4289 unum
757 4248 955 4304 corpus
984 4252 997 4288 :
1025 4250 1151 4291 ecce
1177 4253 1363 4293 rursus
1405 4243 1715 4312 mysterium
1756 4248 1950 4301 carita-

379 4327 465 4382 tis.
489 4326 545 4383 Si
576 4325 682 4381 duo
708 4340 815 4380 non
844 4322 970 4380 facti
1003 4324 1205 4382 fuerint
1230 4343 1418 4397 unum,
1444 4346 1549 4387 non
1580 4332 1777 4391 faciunt
1808 4339 1949 4393 mul-

378 4433 483 4486 tos,
514 4418 767 4490 quamdiu
785 4417 890 4473 duo
915 4421 1246 4487 manserint;
1275 4423 1487 4492 quando
1511 4436 1686 4482 autem
1708 4433 1949 4486 venerint

377 4510 444 4563 ad
472 4510 751 4574 unitatem,
803 4515 930 4562 tunc
978 4508 1197 4565 faciunt.
1228 4509 1364 4579 Quid
1401 4527 1467 4567 ex
1511 4514 1612 4570 hoc
1655 4518 1949 4577 discimus?

377 4598 529 4668 Quod
566 4598 779 4653 unionis
809 4613 1000 4668 magna
1050 4599 1119 4654 sit
1144 4600 1243 4656 vis.
1289 4601 1472 4658 Solers
1521 4605 1614 4660 Dei
1659 4609 1945 4667 artificium

378 4704 538 4744 unum
568 4687 622 4742 in
670 4687 776 4742 duo
801 4687 982 4742 divisit
1019 4688 1089 4743 ab
1120 4690 1297 4757 initio;
1331 4702 1383 4748 et
1432 4695 1619 4750 volens
1662 4700 1946 4757 ostendere

378 4778 520 4850 quod
548 4778 706 4834 etiam
739 4788 1017 4848 postquam
1064 4780 1132 4835 sit
1154 4782 1360 4839 divisus
1393 4797 1572 4842 manet
1603 4804 1796 4858 unum,
1836 4808 1944 4850 non

376 4871 504 4924 sinit
531 4883 691 4924 unum
719 4866 965 4924 sufﬁcere
990 4870 1056 4925 ad
1101 4874 1519 4941 generatiOnem.
1547 4878 1661 4934 Non
1686 4890 1771 4937 est
1797 4885 1939 4940 enim

376 4975 530 5026 unus,
559 4959 647 5028 qui
674 4956 907 5012 nondum
935 4967 1017 5014 est
1050 4959 1286 5029 junctus,
1314 4964 1407 5020 sed
1432 4965 1709 5024 dimidium
1739 4974 1933 5030 unius:

374 5060 431 5106 et
486 5051 609 5106 hinc
652 5048 829 5121 palam
886 5056 970 5104 est
1023 5050 1164 5119 quod
1218 5053 1358 5110 ﬁlios
1398 5057 1631 5113 nondum
1672 5073 1937 5131 procreet.

376 5140 565 5197 Vidisti
588 5140 896 5212 mysterium
923 5141 1264 5211 nuptiarum?
1302 5144 1452 5202 Fecit
1490 5163 1555 5204 ex
1600 5166 1707 5207 uno
1735 5169 1895 5209 unum
1920 5195 1937 5222 ,

373 5241 431 5289 et
475 5248 663 5288 rursus
700 5247 822 5288 cum
866 5232 966 5288 hos
1011 5231 1147 5289 duos
1196 5234 1408 5293 fecisset
1455 5230 1769 5310 unum,-sic
1815 5246 1942 5304 facit

374 5341 557 5380 unum.
585 5325 941 5393 Quamobrem
970 5341 1039 5381 ex
1073 5341 1177 5381 uno
1219 5343 1430 5400 quoque
1476 5335 1711 5390 nascitur
1755 5336 1935 5397 homo.

373 5416 562 5471 Mulier
575 5412 730 5472 enim
755 5426 809 5472 et
836 5417 917 5472 vir
940 5434 1047 5474 non
1089 5433 1214 5475 sunt
1239 5421 1344 5477 duo
1370 5421 1633 5494 homines,
1657 5428 1751 5483 sed
1779 5428 1940 5486 homo

376 5522 512 5560 unus
536 5529 551 5564 ;
586 5507 741 5576 idque
767 5517 945 5579 potest
971 5510 1180 5579 probari
1206 5528 1272 5568 ex
1299 5514 1510 5570 multis:
1541 5531 1607 5573 ex
1635 5517 1855 5588 Iacobo,
1885 5531 1940 5578 et

376 5611 443 5650 ex
470 5596 633 5651 Maria
663 5608 831 5654 matre
852 5599 1067 5669 Christi,
1096 5618 1161 5658 ex
1183 5619 1247 5659 eo
1273 5605 1413 5675 quod
1452 5608 1616 5674 dicat,
1652 5608 1936 5666 Hasculum

371 5686 420 5728 et
440 5682 679 5750 [carinarii
713 5692 832 5761 fecit
856 5707 944 5747 eos
969 5693 1120 5766 (Gen.
1155 5699 1346 5773 LW).
1390 5698 1444 5754 Si
1482 5697 1572 5755 ille
1611 5702 1825 5771 quidem
1854 5715 1936 5761 est

2076 590 2165 646 ille
2192 592 2466 662 principis,
2495 592 2610 651 hcce
2644 595 2763 665 ejus
2790 611 2908 667 quae
2933 606 3090 667 paret
3125 598 3371 671 piceipi.
3423 601 3502 658 Ex
3533 604 3646 674 ipsa

2074 699 2286 755 quoque
2307 686 2548 755 corporis
2572 687 2890 745 formatione
2916 689 3114 747 videris
3131 706 3255 749 esse
3277 710 3476 751 unum:
3509 695 3644 752 facta

2074 784 2157 829 est
2176 775 2317 830 enim
2347 790 2415 832 ex
2444 776 2611 833 latere
2629 818 2645 844 ,
2677 787 2732 834 et
2771 787 3039 850 tamquam
3060 781 3166 838 duo
3194 800 3263 839 ex
3291 784 3513 842 dimidio
3536 786 3647 845 dis-

2073 875 2218 920 secta
2234 872 2378 920 sunt.
2400 866 2688 938 Propterea
2709 883 2826 925 eam
2843 884 3051 941 quoque
3066 880 3220 928 vocat
3238 874 3568 946 adjutricem,
3588 889 3646 933 ut

2073 955 2319 1012 ostendat
2343 971 2436 1013 eos
2456 973 2576 1015 esse
2599 975 2780 1015 unum.
2808 960 2933 1017 Ideo
2951 970 3006 1017 et
3026 964 3161 1033 patri
3187 972 3242 1020 et
3263 967 3418 1022 matri
3442 967 3645 1037 profert

2071 1049 2502 1119 conjunctionem
2530 1061 2586 1107 et
2625 1051 3092 1121 cohabitationem,
3139 1064 3198 1111 ut
3228 1058 3475 1115 ostendat
3501 1061 3643 1131 quod

2071 1140 2178 1194 sint
2202 1156 2385 1195 unum.
2418 1142 2480 1197 Et
2523 1152 2677 1213 pater
2701 1144 2950 1201 similiter
2975 1144 3186 1203 laetatur
3218 1158 3274 1205 et
3301 1150 3410 1206 ﬁlia
3450 1162 3506 1208 et
3533 1154 3642 1210 ﬁlio

2066 1231 2264 1300 junctis
2290 1233 2647 1298 matrimonio,
2677 1235 2817 1305 quod
2845 1251 3040 1308 corpus
3084 1250 3337 1311 properet
3383 1243 3448 1298 ad
3486 1260 3640 1301 suum

2070 1323 2368 1379 membrum
2400 1343 2414 1379 :
2445 1325 2608 1397 ﬁtque
2636 1336 2814 1384 tantus
2842 1339 3085 1402 sumptus
3109 1340 3165 1388 et
3192 1334 3431 1404 pecunim
3476 1337 3643 1394 detri-

2070 1422 2329 1480 mentum,
2358 1425 2416 1471 et
2444 1424 2621 1474 tamen
2667 1418 2720 1474 id
2753 1419 2894 1477 ferre
2925 1423 3125 1493 nequit,
3159 1433 3216 1479 ut
3258 1440 3363 1481 non
3389 1406 3641 1498 c'dnjuga-

2070 1514 2180 1561 tum
2223 1506 2414 1564 videat.
2473 1509 2768 1580 Tamquam
2808 1512 2950 1567 enim
3003 1515 3116 1584 ipsa
3159 1515 3392 1573 abscissa
3438 1533 3636 1586 carne,

2068 1607 2292 1669 uterque
2311 1608 2392 1657 est
2418 1596 2764 1671 imperfectus
2788 1603 2854 1659 ad
2876 1605 3167 1662 liberorum
3196 1610 3635 1678 procreationem,

2070 1700 2291 1761 uterque
2317 1701 2399 1747 est
2430 1694 2775 1764 imperfectus
2801 1696 2868 1752 ad
2900 1700 3182 1769 praesentis
3212 1702 3337 1756 vita
3380 1704 3641 1759 constitu-

2069 1783 2286 1837 tionem.
2338 1783 2626 1854 Propterea
2653 1786 2784 1842 dicit
2821 1788 2981 1844 etiam
3026 1789 3281 1861 propheta
3307 1833 3324 1860 ,
3372 1793 3638 1864 Reliquum

2066 1873 2276 1941 spiritus
2312 1875 2387 1927 tui
2433 1876 2687 1947 (Malaclt.
2726 1878 2781 1932 Ξ.
2825 1878 2938 1949 15).
2977 1881 3252 1949 Quomodo
3301 1893 3478 1940 autem
3514 1896 3639 1942 sunt

2068 1964 2226 2017 etiam
2259 1965 2313 2018 in
2359 1980 2522 2023 carne
2556 1969 2709 2022 una?
2748 1969 2818 2025 Ut
2841 1971 2887 2025 si
2930 1972 3045 2026 auri
3072 1973 3337 2030 ademeris
3375 1975 3516 2046 quod
3557 1987 3638 2031 est

2067 2057 2432 2125 purissimum,
2456 2069 2512 2114 et
2535 2061 2690 2116 alteri
2718 2077 2848 2118 auro
2876 2063 3226 2121 admiscueris
3257 2083 3271 2119 :
3301 2069 3372 2123 ita
3399 2068 3485 2122 hic
3506 2084 3636 2139 quo.

2066 2160 2191 2215 que,
2219 2147 2271 2201 id
2316 2149 2455 2218 quod
2487 2159 2568 2205 cst
2612 2151 3047 2223 pinguissimum,
3077 2166 3339 2227 tamquam
3380 2158 3636 2215 fundente

2065 2235 2352 2305 voluptate,
2380 2240 2675 2309 suscipiens
2703 2243 2896 2298 mulier
2918 2245 3012 2299 alit
3043 2255 3097 2300 et
3129 2245 3307 2312 fovet,
3335 2257 3389 2302 et
3425 2262 3545 2304 cum
3571 2265 3635 2306 ea

2063 2342 2181 2398 quae
2206 2338 2330 2384 sunt
2355 2344 2449 2385 sua
2475 2335 2777 2401 contulerit,
2826 2337 2940 2392 viro
2974 2337 3167 2393 reddit.
3220 2338 3287 2394 Et
3327 2350 3408 2395 est
3459 2340 3635 2397 infans

2064 2420 2231 2476 instar
2253 2423 2447 2493 pontis.
2476 2423 2826 2492 Quamobrem
2851 2436 2957 2483 tres
2976 2428 3108 2483 ﬁunt
3131 2445 3231 2485 una
3261 2446 3406 2498 caro,
3436 2430 3636 2488 infante

2063 2513 2329 2586 utrimque
2368 2525 2619 2589 utrosque
2648 2522 3020 2593 conjungente.
3061 2522 3207 2579 Sicut
3249 2525 3388 2579 enim
3427 2526 3472 2580 si
3513 2541 3633 2581 eum

2061 2606 2182 2661 dua:
2208 2608 2318 2663 sint
2339 2609 2597 2676 civitates,
2630 2620 2683 2666 et
2708 2609 2897 2667 ﬂuvius
2921 2628 3011 2668 eas
3039 2615 3256 2670 omnino
3282 2615 3502 2681 dividat,
3533 2633 3633 2672 una

2062 2698 2121 2754 ﬁt
2146 2700 2334 2756 civitas
2361 2712 2523 2771 ponte
2563 2704 2828 2774 utrimque
2869 2706 3222 2777 conjungente
3255 2726 3269 2762 ι
3304 2708 3372 2762 ita
3424 2717 3505 2763 est
3548 2708 3635 2765 hie

2060 2805 2295 2861 quoque,
2325 2799 2379 2846 et
2406 2794 2592 2866 magis,
2629 2795 2838 2864 quando
2865 2798 2979 2867 ipse
3009 2812 3141 2868 pons
3165 2810 3246 2855 εει
3270 2815 3335 2855 ex
3362 2801 3633 2872 utriusque

2059 2881 2325 2950 essentia,
2355 2897 2419 2938 ea
2456 2884 2662 2941 ratione
2704 2896 2762 2941 ut
2787 2902 2980 2958 corpus
3018 2898 3074 2943 et
3113 2900 3269 2959 caput
3314 2890 3420 2945 sint
3468 2907 3630 2949 unum

2058 2988 2254 3043 corpus
2283 2992 2297 3028 :
2326 2974 2468 3032 collo
2490 2977 2632 3032 enim
2679 2978 2965 3046 dividitur;
3013 2980 3106 3037 sed
3150 2996 3255 3036 non
3282 2984 3449 3053 magis
3493 2985 3629 3041 divi-

2060 3065 2261 3121 duntur
2283 3083 2439 3137 quam
2467 3072 2857 3141 conjunguntur
2883 3073 2899 3103 ¹
2931 3093 2945 3129 :
2974 3088 3097 3127 nam
3116 3091 3234 3128 cum
3255 3076 3326 3130 sit
3352 3076 3584 3131 medium
3611 3116 3627 3142 ,

2060 3166 2344 3228 utrumque
2372 3160 2663 3230 conjungit.
2696 3161 2765 3216 Et
2789 3162 3009 3232 perinde
3037 3163 3096 3218 ﬁt
3122 3173 3178 3219 ut
3216 3166 3261 3220 si
3297 3166 3491 3223 chorus
3514 3168 3628 3224 dis-

2062 3256 2292 3315 tractus,
2338 3264 2441 3304 una
2488 3251 2702 3320 quidem
2738 3253 2854 3322 ejus
2885 3262 3038 3320 parte
3087 3255 3213 3310 hinc
3261 3269 3499 3327 accepta,
3545 3258 3627 3313 al-

2061 3345 2173 3393 tera
2222 3346 2399 3393 autem
2442 3354 2473 3393 a
2539 3340 2797 3409 dextera,
2853 3358 3017 3399 unum
3070 3346 3254 3401 fecerit
3297 3365 3311 3402 :
3354 3359 3448 3402 aut
3491 3351 3627 3406 sicut

2058 3429 2148 3499 qui
2191 3429 2386 3485 fuerint
2454 3431 2510 3487 in
2559 3448 2721 3488 unum
2773 3435 3068 3503 contracti,
3097 3438 3257 3493 etiam
3305 3454 3494 3496 manus
3533 3456 3625 3496 ex-

2060 3521 2337 3577 tendentes
2386 3531 2513 3579 sunt
2558 3540 2721 3579 unum
2763 3544 2778 3578 :
2816 3542 3007 3583 manus
3056 3529 3199 3583 enim
3239 3537 3472 3586 extensa:
3518 3547 3625 3586 non

2055 3613 2238 3669 sinunt
2264 3628 2386 3670 esse
2411 3614 2565 3671 duos.
2594 3615 2881 3688 Propterea
2913 3629 3098 3676 exacte
3125 3631 3179 3676 et
3200 3631 3446 3677 accurate
3470 3623 3623 3688 dixit,

2056 3721 2186 3773 non,
2215 3707 2382 3762 Erunt
2408 3722 2512 3762 una
2540 3722 2689 3775 caro,
2716 3709 2835 3777 sed,
2865 3709 2934 3765 In
2969 3727 3122 3766 unam
3157 3729 3358 3768 carnem
3383 3756 3398 3782 ,
3432 3730 3623 3786 nempe

2053 3799 2121 3854 ab
2146 3800 2347 3855 infante
2390 3800 2680 3877 conjuncti.
2717 3801 2855 3870 Quid
2881 3818 3038 3871 vero,
3064 3806 3275 3874 quando
3319 3822 3423 3862 non
3466 3807 3624 3863 fuerit

2054 3890 2249 3953 infans,
2272 3907 2375 3947 non
2399 3902 2557 3947 erunt
2579 3893 2684 3948 duo
2698 3894 2723 3947 ’ἒ
2744 3894 2946 3961 Erunt;
2976 3896 3076 3953 hoc
3093 3898 3233 3954 enim
3261 3898 3387 3954 facit
3405 3900 3577 3955 coitus
3602 3918 3620 3957 ε

2051 3978 2329 4034 confundit
2361 3989 2418 4035 et
2442 3983 2751 4039 commiscet
2791 3986 3069 4041 amborum
3112 4002 3359 4058 corpora,
3388 3999 3443 4044 et
3485 3991 3622 4045 sicut

2051 4070 2220 4140 quiin
2243 4071 2419 4128 oleum
2452 4071 2634 4143 injecit
2659 4084 3004 4146 unguentum,
3046 4085 3213 4133 totum
3255 4079 3382 4136 facit
3408 4096 3616 4136 unum;

2052 4163 2123 4217 ita
2154 4163 2240 4219 hic
2266 4178 2494 4235 quoque.

2121 4254 2172 4310 6.
2215 4254 2339 4310 Scio
2388 4256 2583 4312 multos
2630 4257 2835 4328 pudore
2875 4258 3017 4315 afﬁci
3063 4261 3128 4316 iis
3156 4276 3277 4332 qua:
3314 4262 3605 4329 dicuntur;

2052 4359 2208 4403 causa
2234 4357 2415 4404 autem
2443 4363 2635 4405 eorum
2676 4366 2797 4421 quae
2824 4349 2935 4407 dixi
2958 4361 3040 4408 est
3067 4352 3234 4409 libido
3260 4363 3315 4410 et
3340 4354 3616 4424 impudici-

2051 4439 2143 4493 tia.
2186 4437 2339 4507 Quod
2383 4439 2462 4494 sic
2501 4439 2631 4495 ﬁant
2679 4443 2908 4511 nuptiae,
2952 4444 3093 4513 quod
3131 4454 3538 4515 corrumpantur
3560 4454 3614 4501 et

2049 4529 2424 4600 depraventur.
2454 4529 2505 4584 id
2542 4545 2657 4586 rem
2684 4531 2860 4588 reddit
2892 4532 3131 4589 odiosam
3159 4550 3173 4586 :
3203 4533 3334 4589 Nam
3371 4533 3611 4590 Honora-

2048 4620 2170 4675 biles
2195 4629 2310 4675 sunt
2338 4622 2561 4691 nuptiaz,
2591 4631 2638 4676 et
2676 4623 2841 4678 cubile
2868 4624 3256 4679 immaculatum
3304 4624 3494 4697 (Hebr.
3523 4627 3610 4681 l3.

2047 4710 2126 4782 4).
2154 4710 2291 4778 Quid
2334 4719 2386 4766 te
2433 4710 2593 4780 pudet
2630 4711 2746 4781 ejus
2789 4713 2929 4779 quod
2978 4724 3062 4770 est
3104 4716 3612 4789 bonorabile?quid

2047 4799 2320 4855 erubescis
2363 4800 2434 4854 ob
2477 4799 2528 4855 id
2561 4800 2702 4869 quod
2730 4811 2813 4857 est
2838 4804 3279 4860 immaculatum?
3324 4806 3452 4861 Haec
3492 4814 3615 4861 sunt

2046 4890 2452 4957 haereticorum;
2483 4891 2597 4946 lucc
2624 4902 2749 4947 sunt
2777 4908 2964 4949 eorum
3000 4896 3093 4965 qui
3127 4895 3467 4952 introducunt
3504 4911 3615 4952 me-

2045 4983 2285 5038 retrices.
2336 4983 2627 5053 Propterea
2657 4984 2780 5038 volo
2809 4986 2984 5054 ipsum
3011 4999 3311 5058 expurgare
3339 4988 3612 5043 matrimo-

2045 5076 2214 5143 nium,
2248 5084 2305 5130 ut
2330 5075 2579 5132 reducam
2605 5080 2672 5134 ad
2694 5093 2842 5134 suam
2874 5081 3203 5137 nobilitatem
3224 5123 3240 5148 ,
3282 5092 3338 5138 ut
3364 5084 3611 5140 obturem

2045 5182 2138 5222 ora
2169 5165 2559 5222 haereticorum.
2612 5168 2819 5224 Probro
2846 5170 3095 5227 affectum
3137 5183 3220 5228 est
3254 5174 3348 5229 Dei
3377 5173 3609 5244 donum,

2045 5258 2198 5313 radix
2246 5268 2443 5314 nostra:
2493 5262 2856 5331 generationis
2906 5281 2919 5317 :
2971 5281 3093 5319 nam
3138 5267 3364 5322 multum
3410 5267 3520 5323 [ltiti
3560 5278 3615 5324 et

2043 5350 2184 5405 caeni
2215 5349 2463 5420 injectum
2488 5362 2572 5407 est
2593 5353 2775 5408 radici.
2819 5354 2931 5410 Hoc
2957 5371 3086 5427 ergo
3110 5359 3319 5415 ratione
3345 5374 3612 5430 expurge-

2044 5457 2161 5497 nuts
2206 5460 2219 5497 :
2259 5444 2517 5500 sustinete
2557 5446 2712 5516 igitur
2736 5462 2963 5517 parum;
3007 5465 3129 5505 nam
3168 5462 3223 5507 et
3265 5453 3357 5523 qui
3396 5467 3610 5509 omnum

2109 5554 2125 5584 ί
2150 5551 2245 5623 Hic
2267 5553 2402 5604 locus
2417 5554 2487 5626 sic
2508 5553 2785 5626 habebatin
2797 5561 3018 5626 margine
3041 5559 3316 5616 Savil.......
3351 5577 3414 5616 ea
3429 5565 3612 5615 ratione

2043 5620 2095 5664 ut
2116 5620 2527 5699 ορξιρα-ῃιειηρνα
2629 5620 2802 5699 ordine
2824 5620 3068 5699 εᾴίεᾳρμ
3089 5633 3307 5699 coeptam
3340 5630 3612 5699 metant

2045 5689 2219 5747 (tn-pus
2240 5716 2252 5735 ,
2274 5683 2486 5738 quamvis
2507 5683 2629 5752 collo
2652 5683 2931 5734 dividantur
2950 5697 2966 5734 :
2986 5683 3229 5746 'siquide'm
3253 5700 3345 5739 non
3370 5686 3527 5753 magis
3555 5690 3607 5743 Ιιὲ

2049 5738 2328 5788 «tunduntur
2349 5756 2380 5807 (ι
2400 5756 2493 5791 tam
2518 5752 2888 5808 conmiguntur,
2935 5752 3034 5796 etc.
