4072 6206
424 278 547 336 537

502 390 570 443 Δί
614 388 674 443 δὲ
721 389 939 460 πόρναι,
964 388 1054 445 διὰ
1081 389 1135 444 τί
1153 407 1168 458 ;
1200 390 1330 447 Δέον
1357 393 1529 459 αὑτὰς
1576 396 2016 466 ἐγκαλύπτεσθαι

431 481 559 534 ὅταν
581 478 761 548 γάμος
784 475 842 551 ᾖ,
876 478 996 532 δέον
1018 479 1191 544 αὑτὰς
1218 482 1648 554 κατορύττεσθαι
1684 485 1885 557 (φθορά
1910 486 2020 561 γάρ

430 568 612 638 γάμου
637 566 908 638 πορνεία),
933 568 1098 638 ἡμεῖς
1138 567 1194 621 δὲ
1240 569 1448 640 ἄγομεν
1475 571 1646 636 αὑτάς
1678 573 1756 638 είς
1783 574 2015 644 γάμους.

432 655 545 710 Kal
584 655 715 710 6:av
751 656 851 726 μέν
882 672 935 708 τι
972 654 1185 725 ποιῆτε,
1217 657 1313 710 καὶ
1343 656 1508 729 μέχρι
1560 660 1807 729 ῥήματος
1842 663 2019 716 οἰωνί-

430 742 592 809 ζεσθε
612 741 681 795 τὰ
711 742 929 797 ἐναντία
947 759 960 772 ·
987 737 1120 807 οἷον,
1145 744 1275 797 ὅταν
1305 745 1558 819 σπείρης,
1582 747 1710 800 ὅταν
1739 749 2019 820 ἀπαντλῇς

424 832 540 883 ,τῶν
567 828 875 900 ύποληνίων
903 830 994 883 τὸν
1025 826 1191 896 οϊνον,
1229 830 1300 885 τά
1326 831 1511 905 ὀξίνην
1546 834 1883 905 σημαίνοντα
1905 835 2017 891 οὐδ’

424 920 494 973 ἂν
543 918 888 989 άποκρίνοιο·
917 918 1152 972 ἐνταῦθα
1196 918 1253 972 δὲ
1318 921 1674 993 σωφροσύνης
1704 924 2015 995 γινομένης,

422 1006 754 1075 ἐπεισάγετε
790 1006 890 1076 τὴν
932 1006 1149 1079 όξίνηνς
1180 1009 1340 1061 τοῦτο
1371 1009 1480 1081 γὰρ
1533 1012 1568 1083 ή
1619 1010 1817 1083 πόρνη.
1847 1012 2017 1065 Ὅταν

423 1092 604 1164 μύρον
656 1092 1125 1163 κατασκευάζητε,
1169 1093 1323 1148 οὐδὲν
1368 1095 1603 1160 δυσῶδες
1642 1097 1833 1167 ἀφίετε
1877 1099 2016 1168 πλη-

431 1180 660 1244 σιάζειν.
707 1179 896 1250 Μύρον
951 1181 1100 1234 ἐστὶν
1149 1181 1178 1233 6
1212 1181 1420 1252 γάμος·
1448 1184 1503 1237 τί
1540 1184 1722 1239 τοίνυν
1765 1186 1865 1257 τὴν
1918 1187 2015 1241 τοῦ

420 1267 695 1340 ,βορϐόρου
743 1268 1009 1323 δυσωδίαν
1056 1270 1375 1340 ὲπεισάγεις
1413 1275 1481 1344 τῇ
1538 1273 1633 1327 τοῦ
1690 1274 1862 1346 μύρου
1916 1293 2016 1331 κα-

429 1359 706 1428 τασκευῇ;
742 1356 809 1410 Τί
853 1357 1066 1426 λέγεις;
1099 1359 1343 1429 ὀρχεῖται
1374 1361 1407 1430 ή
1456 1361 1742 1433 παρθένος,
1778 1364 1871 1417 καί
1914 1365 2015 1419 οὐκ

430 1440 887 1523 αἱσχύνεταίτὴν
940 1443 1207 1515 ὁμήλικα;
1246 1445 1467 1519 Ταύτης
1518 1447 1629 1520 γάρ
1682 1451 2015 1523 σεμνοτέραν

431 1530 599 1601 αὐτὴν
628 1518 773 1585 εἷναί
800 1531 910 1584 δεῖ·
939 1532 999 1596 ἐξ
1043 1532 1291 1604 ἀγκάλης
1334 1551 1421 1603 γε,
1446 1535 1548 1589 οὐκ
1580 1518 1643 1589 ἐκ
1677 1518 2015 1610 παλαίστρας

418 1617 640 1687 ἐξῆλθε.
671 1618 963 1672 Φαίνεσθαι
1005 1618 1112 1692 γὰρ
1137 1620 1276 1684 ὅλως
1302 1622 1360 1676 ἐν
1383 1622 1583 1693 γάμοις
1615 1622 1715 1695 τὴν
1746 1624 2015 1697 παρθένον

425 1704 491 1758 ὀὐ
514 1704 611 1759 δεῖ.

505 1791 653 1866 [M9]
676 1798 736 1847 ε’.
769 1793 881 1863 Ούχ
895 1795 1025 1865 δρᾷς
1055 1794 1113 1847 ἐν
1146 1798 1258 1859 τοῖς
1280 1796 1592 1866 βασιλείοις,
1614 1799 1696 1852 ὅτι
1728 1800 1776 1853 οἰ
1796 1800 1894 1871 μὲν
1920 1819 2011 1854 τε-

427 1881 721 1951 τιμημένοι
747 1880 893 1934 ένδον
921 1882 1051 1952 περὶ
1079 1882 1172 1936 τὸν
1202 1883 1428 1953 βασιλέα
1466 1886 1626 1950 εἰσὶν,
1655 1887 1707 1939 οί
1737 1887 1794 1940 δὲ
1825 1887 2012 1960 ἄτιμοι

430 1968 564 2032 εξω;
583 1969 691 2022 Καὶ
718 1968 780 2022 σὺ
809 1967 957 2022 ἔνδον
989 1969 1080 2023 ἔσο
1103 1972 1233 2042 περί
1256 1972 1357 2043 τὴν
1386 1971 1625 2044 νύμφην.
1658 1973 1818 2028 Ἀλλά
1851 1976 2013 2044 ἁγνὸς

433 2057 563 2126 μένε
594 2056 689 2110 ἐπὶ
714 2056 814 2128 τῆς
858 2057 1068 2122 οίκίας·
1101 2058 1177 2131 μὴ
1206 2061 1526 2130 ἐκπόμπευε
1560 2063 1661 2132 τὴν
1690 2064 2008 2134 παρθενίαν.

428 2143 788 2215 Παρέστηκεν
837 2143 1103 2217 ἑκάτερος
1141 2147 1170 2198 6
1215 2148 1397 2217 χορὸς,
1431 2150 1460 2201 6
1507 2149 1605 2219 μὲν
1647 2150 1765 2204 οἵαν
1810 2151 2013 2207 διδόασι

427 2230 659 2296 δεικνὺς,
688 2231 716 2283 6
743 2230 799 2283 δὲ
831 2229 919 2284 ἴνα
946 2231 1151 2303 ταύτην
1181 2234 1520 2302 φυλάττωσι·
1545 2237 1598 2290 τί
1631 2238 2014 2311 καταισχύνεις

426 2316 524 2388 τήν
557 2317 892 2388 παρθενίαν;
918 2319 979 2372 EE
1008 2319 1116 2390 γὰρ
1150 2321 1214 2373 σὺ
1243 2320 1488 2394 τοιαύτη,
1520 2323 1745 2377 τοιαῦτα
1770 2325 2016 2399 καὶπερὶ

426 2404 643 2475 ἐκείνης
669 2407 697 2460 6
725 2405 957 2476 νυμφίος
987 2407 1349 2461 ύποπτεύσει·
1378 2411 1426 2463 εἰ
1457 2411 1521 2463 σὺ
1554 2410 1784 2482 ἐρᾶσθαι
1815 2411 2011 2478 θέλεις,

429 2494 835 2559 παντοπώλιδος
886 2496 980 2550 καὶ
1035 2496 1466 2567 λαχανοπὼλιδος
1530 2501 1626 2552 καὶ
1680 2500 2013 2574 δημιουργοῦ

428 2582 619 2637 ταῦτα.
658 2584 774 2638 Οὐκ
820 2582 936 2637 ἐστι
989 2582 1166 2638 ταῦτα
1212 2584 1478 2657 αἰσχύνης
1511 2586 1752 2660 Αἰσχύνη
1804 2591 1923 2643 ἐστί
1954 2590 2016 2644 τὸ

426 2671 779 2740 ἀσχημονεῖν,
820 2671 924 2725 κᾶν
946 2669 1208 2740 βασιλέως
1232 2669 1549 2749 θυγάτηρ
1564 2676 1654 2746 Μὴ
1671 2675 1780 2749 γάρ
1799 2679 1834 2749 ή
1857 2678 2017 2733 πενία

426 2757 657 2824 κωλύει;
688 2759 762 2829 μὴ
785 2756 896 2830 γὰρ
920 2758 981 2811 :6
1007 2758 1374 2831 ὲπιτήδευμα;
1398 2761 1521 2816 Κᾶν
1541 2762 1701 2836 δούλη
1724 2783 1807 2829 τις
1826 2761 1859 2840 ᾖ
1881 2783 2017 2837 παρ·

431 2844 602 2909 θένος,
622 2847 679 2897 ἐν
696 2845 1021 2918 σωφροσύνῃ
1040 2847 1277 2916 μενέτω·
1309 2848 1404 2902 Ἐν
1420 2848 1528 2922 γὰρ
1553 2850 1783 2920 Χριστῷ
1812 2854 2014 2922 Ἰησοῦ

421 2932 567 2986 οὔτε
592 2932 837 3000 δοῦλος,
858 2934 997 2988 οὔτε
1017 2936 1354 3005 ἐλεύθερος.
1373 2936 1465 3009 Μὴ
1494 2938 1602 3011 γὰρ
1623 2938 1847 3010 θέατρόν
1869 2941 2015 2994 ἐστιν

423 3023 457 3074 6
486 3023 691 3092 γάμος;
720 3023 1038 3096 Μυστήριόν
1082 3026 1221 3088 ἐστι,
1250 3027 1346 3079 καὶ
1384 3026 1552 3091 τύπος
1600 3029 1839 3098 μεγάλου
1869 3032 2014 3102 πρά-

428 3125 670 3180 γματος·
702 3108 807 3164 κᾶν
845 3110 977 3163 αὐτὸ
1005 3110 1080 3183 μὴ
1108 3112 1251 3184 αἰδῇ,
1280 3113 1561 3184 αίδέσθητι
1591 3111 1650 3170 οὗ
1671 3116 1840 3181 τύπος
1873 3119 2011 3173 ἐστί.

434 3197 507 3250 Τὸ
541 3195 882 3267 μυστήριον
923 3197 1121 3263 τοῦτο,
1158 3200 1311 3270 φησί,
1355 3202 1511 3273 μέγα
1552 3201 1758 3258 ἐστίν·
1788 3205 1903 3275 ἐγὼ
1946 3205 2016 3259 δὲ

425 3286 584 3353 λέγω
636 3286 724 3351 εις
778 3287 1060 3354 Χριστὸν,
1086 3287 1184 3340 καί
1212 3290 1300 3354 εἰς
1333 3288 1450 3357 τὴν
1492 3289 1874 3360 Ἐκκλησίαν.
1904 3294 2016 3365 Τῆς

440 3372 768 3444 Ἐκκλησίας
796 3373 968 3438 τύπος
996 3376 1115 3429 ἐστί
1146 3378 1243 3430 καὶ
1270 3375 1364 3430 τοῦ
1396 3378 1657 3448 Χριστοῦ,
1686 3380 1781 3436 καὶ
1810 3381 2015 3453 πόρνας

430 3461 700 3530 εἰσάγεις;
722 3463 819 3515 ’Ἂν
841 3461 1048 3526 τοίνυν,
1077 3462 1234 3535 φησί,
1270 3465 1407 3535 μήτε
1436 3464 1694 3538 παρθένοι
1719 3467 2012 3539 ὀρχῶνται,

428 3552 571 3621 μήτε
594 3550 1003 3621 γεγαμημέναι,
1027 3551 1111 3615 τίς
1136 3553 1435 3623 ὀρχήσεται
1456 3571 1470 3619 ;
1488 3554 1694 3624 Μηδείς
1714 3570 1728 3586 ·
1755 3557 1882 3609 ποία
1904 3557 2012 3630 γὰρ

428 3637 711 3711 ὀρχήσεως
738 3639 950 3709 ἀνάγκη
972 3654 987 3704 ;
1015 3639 1104 3693 Ἐν
1127 3642 1241 3703 τοῖς
1259 3638 1368 3694 τῶν
1390 3640 1661 3712 Ἑλλήνων
1693 3643 2015 3715 μυστηρίοις

429 3727 486 3779 αἰ
513 3725 789 3799 ὀρχήσεις,
810 3727 867 3780 ἐν
894 3726 952 3780 δὲ
972 3729 1086 3791 τοῖς
1110 3726 1402 3798 ἡμετέροις
1438 3728 1565 3799 σιγὴ
1596 3729 1692 3783 καὶ
1718 3730 2008 3802 εὐκοσμία,

429 3815 594 3878 αἰδὼς
623 3815 717 3869 καὶ
742 3814 1072 3885 καταστολὴ.
1100 3815 1417 3886 Μυστήριον
1444 3814 1676 3870 τελεῖται
1708 3816 1880 3888 μέγα·
1905 3818 2011 3884 ἔξω

431 3905 488 3957 αἰ
518 3900 859 3974 πόρναι,έξω
881 3902 929 3955 οἰ
957 3901 1198 3974 βέϐηλοι.
1230 3902 1358 3967 Πῶς
1384 3904 1685 3977 μυστήριόν
1701 3906 1847 3973 ἐστι;
1879 3907 2011 3960 Συν-

429 3990 718 4062 έρχονται,
773 3987 867 4041 καί
908 3987 1156 4043 ποιοῦσιν
1196 3989 1247 4042 οἰ
1278 3988 1372 4043 δύο
1400 3990 1515 4046 ἕνα.
1553 3990 1655 4046 Διά
1678 3993 1755 4057 τί,
1794 3994 1881 4047 ὅτε
1912 3993 2011 4065 μὲν

428 4078 623 4150 εἰσῄει,
659 4076 759 4130 οὐκ
792 4075 1042 4148 ὄρχησις,
1073 4076 1136 4130 ού
1166 4076 1448 4149 κύμϐαλα,
1481 4079 1618 4134 ἀλλὰ
1652 4079 1820 4153 πολλὴ
1860 4082 2007 4154 σιγὴ,

429 4166 601 4238 πολλὴ
628 4164 854 4237 ήσυχία·
884 4165 1014 4218 ὅταν
1041 4165 1098 4219 δὲ
1131 4165 1406 4235 συνίωσιν,
1438 4169 1539 4222 οὐκ
1568 4169 1753 4224 εἰκόνα
1781 4168 2006 4242 ἄψυχον,

426 4254 549 4309 οὐδὲ
578 4253 763 4308 εἰκόνα
802 4253 948 4317 τινὸς
972 4252 1082 4309 τῶν
1111 4254 1206 4307 ἐπὶ
1235 4253 1361 4326 γῆς,
1389 4254 1505 4311 ἀλλ’
1543 4255 1706 4310 αὐτοῦ
1733 4257 2011 4322 ποιοῦντες

426 4341 524 4396 τοῦ
558 4341 716 4407 Θεοῦ,
742 4342 998 4396 τοσοῦτον
1042 4341 1362 4411 ἐπεισάγεις
1399 4342 1648 4415 θόρυϐον,
1681 4344 1776 4399 καὶ
1811 4345 2013 4416 ταράτ-

427 4448 543 4495 τεις
564 4432 693 4497 τοὺς
725 4431 885 4496 ὄντας
905 4444 956 4499 ι,
983 4432 1080 4487 καὶ
1115 4431 1394 4504 αἰσχύνεις
1421 4433 1523 4504 τὴν
1565 4432 1766 4505 ψυχὴν,
1792 4433 1888 4488 καὶ
1918 4434 2009 4488 θο-

430 4518 642 4591 ρυϐεῖς;
671 4520 965 4592 Ἔρχονται
994 4518 1053 4573 ἓν
1075 4519 1235 4592 σῶμα
1265 4521 1643 4593 γενησόμενοι.
1680 4520 1813 4575 Ἰδοὺ
1846 4522 2008 4576 πάλιν

423 4609 649 4680 ἀγάπης
685 4611 1004 4682 μυστήριον.
1041 4610 1139 4664 Ἂν
1164 4611 1214 4663 οἰ
1250 4609 1345 4663 δύο
1373 4610 1451 4681 μὴ
1496 4609 1761 4679 γένωνται
1801 4609 1880 4676 ἐν,
1907 4610 2009 4666 οὐκ

423 4695 752 4768 ἐργάζονται
782 4695 1033 4761 πολλοὺς,
1056 4695 1163 4759 ἕως
1191 4695 1258 4750 ἂν
1284 4695 1378 4749 δύο
1410 4695 1644 4767 μένωσιν
1660 4712 1673 4727 ·
1695 4698 1824 4751 ὅταν
1850 4697 1907 4751 δὲ
1928 4700 2007 4762 εἰς

424 4784 655 4855 ἑνότητα
684 4782 900 4847 ἔλθωσι,
923 4783 1048 4856 ξότε
1077 4783 1421 4855 ἐργάζονται.
1439 4783 1505 4837 Τί
1530 4782 1874 4856 μανθάνομεν
1899 4784 2008 4841 ἀπὸ

421 4840 647 4941 τούτόυ;
681 4872 806 4926 Ὀτι
1038 4840 1411 4945 τῆςένῶσεως
1453 4875 1487 4945 ή
1520 4840 1691 4944 ίσχύς.
1725 4840 1800 4928 T6
1832 4874 2005 4947 εὐμή-

424 4978 588 5031 χανον
612 4958 708 5014 τοῦ
735 4958 872 5014 Θεοῦ
894 4960 984 5014 τὸν
1006 4958 1103 5014 ἕνα
1132 4962 1211 5025 εἰς
1231 4959 1326 5014 δύο
1338 4960 1500 5014 διεῖλε
1516 4962 1668 5033 παρά
1680 4962 1780 5034 τὴν
1805 4963 2001 5034 ἀρχὴν,

421 5050 517 5102 καὶ
543 5047 715 5103 θέλων
735 5047 904 5112 δεῖξαι
919 5048 1000 5102 ὅτι
1025 5048 1161 5119 μετά
1183 5050 1243 5103 :6
1256 5048 1599 5121 διαιρεθῆναι
1616 5051 1709 5104 καὶ
1724 5045 1805 5114 εἷς
1830 5051 2002 5121 μένει,

422 5136 523 5189 οὐκ
551 5137 765 5208 ἀφῆκεν
792 5136 891 5190 ἕνα
925 5136 1116 5207 ἀρκεῖν
1148 5135 1286 5208 πρὸς
1333 5136 1429 5209 τὴν
1458 5138 1734 5210 γέννησιν.
1785 5139 1859 5192 Ού
1895 5138 2006 5210 γάρ

423 5225 573 5277 ἐστιν
604 5218 683 5288 εἷς
715 5220 792 5296 [ὁ]
814 5222 1046 5286 οὐδέπω,
1077 5222 1193 5277 ἀλλ’
1221 5224 1391 5295 ἥμισυ
1413 5223 1507 5279 τοῦ
1536 5225 1675 5290 ἐνός·
1702 5226 1795 5280 καὶ
1823 5225 2003 5299 δῆλον,

420 5311 503 5364 ὅτι
537 5309 599 5364 ού
629 5311 958 5377 παιδοποιεῖ,
985 5310 1240 5382 καθάπερ
1268 5313 1365 5366 καὶ
1395 5312 1683 5386 πρότερον.
1720 5308 1877 5378 Εἶδες
1907 5312 2004 5367 τοῦ

421 5401 604 5467 γάμου
626 5397 687 5452 :6
716 5399 1041 5471 μυστήριον;
1069 5398 1353 5472 Ἐποίησεν
1377 5399 1436 5464 ἐξ
1455 5400 1572 5464 ένὸς
1595 5400 1709 5466 ἕνα,
1728 5401 1822 5455 καὶ
1841 5401 2005 5455 πάλιν

422 5490 553 5549 τοὺς
581 5484 677 5539 δύο
703 5483 926 5550 τούτους
955 5484 1052 5539 ἕνα
1084 5486 1323 5558 ποιήσας
1362 5485 1508 5541 οὕτω
1536 5491 1682 5541 ποιεῖ
1708 5487 1834 5542 ἕνα·
1862 5487 2004 5543 ὥστε

423 5573 519 5628 καὶ
562 5571 658 5627 νῦν
699 5572 760 5639 ἐξ
805 5572 924 5637 ὲνδς
950 5572 1191 5628 τίκτεται
1221 5573 1525 5648 ἄνθρωπος.
1559 5575 1703 5648 Γυνὴ
1742 5576 1852 5649 γὰρ
1906 5576 2003 5631 καὶ

496 5714 516 5735 ⁸
541 5710 729 5762 Danao
750 5711 1017 5776 legendum
1039 5710 1236 5765 videtur
1260 5713 1369 5770 τοὺς
1389 5713 1633 5769 συνόντας.

1308 274 1378 333 IN
1419 274 1639 335 EPIST.
1663 278 1756 333 AD
1794 280 2083 346 COLOSS.
2116 288 2271 349 CAP.
2311 286 2403 349 Ν.
2432 292 2669 351 HOMIL.
2710 295 2828 353 XII.

3601 306 3709 371 388

2127 404 2267 477 ἀνὴρ
2299 407 2401 461 οὐκ
2437 408 2577 464 εἰσὶν
2611 408 2891 482 ἄνθρωποι
2936 410 3050 476 δύο,
3102 412 3219 468 ἀλλ’
3268 413 3554 487 ἄνθρωπος
3589 414 3706 480 εἷς·

2125 493 2220 546 καὶ
2250 496 2426 566 παρὸν
2458 497 2555 550 καὶ
2604 497 2934 569 πολλαχόθεν
2981 501 3114 555 αὐτὸ
3163 500 3564 570 πιστώσασθαι,
3594 499 3708 559 οῖον

2122 581 2231 635 ἀπὸ
2279 583 2373 636 τοῦ
2415 584 2696 650 Ἰακώϐου,
2728 587 2838 642 ἀπὸ
2875 589 2972 659 τῆς
3000 589 3218 661 Μαρίας
3254 591 3350 661 τῆς
3378 592 3582 664 μητρὸς
3611 592 3706 646 τοῦ
3780 594 3788 619 ³

2121 668 2380 739 Χριστοῦ.
2395 671 2503 724 άπὸ
2521 671 2616 725 τοῦ
2643 673 2845 744 λέγειν·
2865 676 3092 746 Ἀρσεν
3112 678 3209 732 καί
3228 676 3386 748 θῆλυ
3415 680 3710 748 ἐποίησεν

2120 757 2364 820 αὐτούς.
2386 760 2449 812 EE
2480 761 2509 813 6
2548 761 2646 830 μὲν
2677 764 2909 834 κεφαλὴ,
2934 767 2969 836 ή
3000 764 3057 819 δὲ
3089 765 3269 837 σῶμα,
3302 767 3420 831 πῶς
3452 767 3579 834 δύο;
3608 769 3707 822 Διὰ

2120 844 2279 899 τοῦτο
2307 848 2339 917 ἡ
2382 846 2480 919 μὲν
2515 848 2781 920 μαθητοῦ,
2810 853 2839 905 6
2867 853 2922 907 δὲ
2951 853 3274 909 διδασκάλου
3305 855 3460 923 τάξιν
3484 857 3671 926 ἐπέχει
3690 872 3703 885 ·

2119 935 2148 988 6
2180 934 2279 1005 μὲν
2324 936 2604 1006 ἄρχοντος,
2633 940 2666 1009 ἠ
2697 939 2754 993 δὲ
2785 941 3116 1013 ἀρχομένης.
3148 944 3259 997 Kal
3290 944 3385 997 ἀπ’
3433 944 3606 1016 αὐτῆς
3646 944 3704 998 δὲ

2118 1023 2217 1093 τῆς
2244 1023 2339 1078 τοῦ
2362 1024 2613 1096 σώματος
2639 1028 2980 1096 διαπλάσεως
3001 1032 3101 1085 ἴδοι
3122 1051 3205 1097 τις
3225 1032 3311 1099 ἃν,
3327 1034 3409 1106 ὅτι
3428 1033 3487 1088 ἓν
3525 1034 3664 1087 εἰσιν
3683 1048 3700 1064 ·

2118 1111 2228 1164 ἀπὸ
2253 1111 2361 1182 γὰρ
2387 1113 2485 1184 τῆς
2525 1112 2676 1187 [420]
2713 1116 2954 1190 πλευρᾶς
2985 1118 3193 1189 γέγονε,
3221 1120 3315 1174 καὶ
3346 1119 3531 1195 ὥσπερ
3564 1120 3701 1192 ἡμί-

2119 1215 2263 1268 τομα
2298 1199 2392 1253 δύο
2420 1201 2548 1255 εἰσί.
2571 1204 2668 1256 Διά
2691 1203 2849 1258 τοῦτο
2878 1205 2973 1259 καὶ
3000 1205 3194 1277 βοηθὸν
3229 1209 3405 1273 καλεῖ,
3440 1208 3527 1262 ἵνα
3549 1208 3701 1280 δείξῃ

2117 1286 2200 1339 ὅτι
2226 1286 2285 1339 ἓν
2306 1289 2413 1340 εἰσι
2435 1304 2448 1317 ·
2480 1288 2570 1342 διὰ
2595 1289 2751 1346 τοῦτο
2772 1293 2866 1346 καὶ
2895 1293 3103 1365 πατρὸς
3124 1295 3219 1349 καί
3237 1295 3443 1366 μητρὸς
3457 1298 3702 1367 προτιμᾷ

2117 1379 2217 1446 τὴν
2250 1377 2585 1448 συνοίκησιν,
2616 1379 2704 1434 ἵνα
2733 1379 2884 1455 δείξῃ
2919 1382 3001 1436 ὅτι
3030 1382 3087 1436 ἓν
3120 1384 3248 1459 εἰσι.
3300 1385 3410 1438 Kal
3459 1384 3489 1437 6
3518 1385 3701 1456 πατὴρ

2116 1462 2319 1533 ὁμοίως
2346 1465 2528 1536 χαίρει
2558 1468 2652 1520 καὶ
2684 1467 2954 1541 θυγατρὸς
2993 1470 3089 1524 καὶ
3113 1470 3232 1525 υίοῦ
3258 1471 3603 1543 γαμούντων,
3624 1472 3702 1537 ὡς

2118 1550 2256 1621 1:96;
2300 1554 2497 1606 οἰκεῖον
2544 1552 2704 1625 μέλος
2748 1556 3108 1627 ἐπειγομένου
3145 1557 3242 1612 τοῦ
3294 1557 3580 1630 σώματος·
3605 1560 3702 1613 καὶ

2114 1637 2351 1709 τοσαύτη
2387 1640 2600 1712 δαπάνη
2635 1641 2842 1710 γίνεται
2885 1644 2982 1697 καὶ
3028 1646 3330 1717 χρημάτων
3378 1646 3699 1712 ἐλάττωσις,

2114 1725 2210 1779 καί
2256 1726 2408 1796 ὅμως
2454 1729 2556 1782 οὐκ
2605 1729 2859 1801 ἀνέχεται
2905 1731 3118 1802 ἄγαμον
3172 1735 3454 1805 περιορᾷν.
3489 1734 3703 1805 Ὥσπερ

2116 1815 2226 1883 γάρ
2275 1813 2686 1888 ἁπεσχισμένης
2723 1818 2860 1889 αὐτῇ
2908 1819 3008 1889 τῆς
3057 1820 3281 1889 σαρκὸς,
3317 1819 3512 1891 ἀτελὴς
3563 1820 3700 1891 πρὸς

2117 1899 2463 1954 παιδοποιίαν
2493 1903 2772 1973 ἑκάτερος,
2802 1904 3001 1976 ἀτελής
3031 1907 3150 1958 ἐστι
3183 1907 3318 1979 πρὸς
3347 1906 3463 1977 βίου
3498 1906 3698 1961 σύστα-

2119 2004 2201 2040 σιν
2223 1988 2317 2041 τοῦ
2350 1991 2616 2059 παρόντος
2642 1991 2923 2061 ἑκάτερος.
2943 1990 3042 2046 Διά
3064 1991 3223 2045 τοῦτο
3246 1992 3339 2044 καὶ
3363 1994 3392 2046 6
3411 1994 3700 2065 προφήτης

2114 2076 2303 2146 φησίν·
2334 2076 2703 2147 Ὑπόλειμμα
2751 2081 3092 2149 πνεύματός
3142 2094 3279 2135 σου.
3314 2079 3439 2143 Πῶς
3497 2080 3555 2134 δὲ
3603 2080 3699 2135 καὶ

2114 2162 2357 2230 γίνονται
2401 2165 2481 2229 εἰς
2533 2164 2715 2234 σάρκα
2768 2164 2929 2235 μίαν;
2961 2166 3230 2235 Καθάπερ
3260 2166 3463 2237 χρυσοῦ
3502 2167 3564 2221 :6
3598 2185 3698 2222 κα-

2116 2249 2427 2320 θαρώτατον
2479 2250 2545 2305 ἂν
2578 2252 2783 2325 ἀφέλῃς
2814 2252 2908 2306 καὶ
2955 2253 3131 2324 ἑτέρῳ
3177 2253 3449 2327 άναμίξῃς
3488 2254 3696 2326 χρυσῷ,

2112 2337 2257 2392 οὕτω
2285 2338 2350 2410 δὴ
2392 2338 2485 2393 καὶ
2527 2339 2785 2406 ἐνταῦθα,
2815 2339 2877 2394 :6
2927 2341 3184 2396 πιότατον
3232 2343 3328 2412 τῆς
3355 2343 3550 2414 ἡδονῆς
3587 2361 3700 2414 χω-

2114 2428 2376 2497 νευούσης
2423 2429 2457 2498 ή
2492 2431 2629 2502 γυνὴ
2679 2429 2947 2501 δεχομένη
2981 2432 3171 2501 τρέφει
3222 2434 3316 2486 καὶ
3355 2432 3570 2497 θάλπει,
3605 2433 3700 2487 καὶ

2113 2515 2182 2568 :6
2214 2516 2346 2586 παρ’
2386 2516 2589 2585 ἑαυτῆς
2616 2520 3142 2590 συνεισενεγκαμένη
3182 2519 3351 2591 ἄνδρα
3383 2520 3698 2575 ἀποδίδωσι.

2114 2603 2225 2658 Καὶ
2253 2602 2469 2674 γέφυρά
2491 2602 2575 2668 τίς
2607 2604 2725 2657 ἐστι
2757 2605 2819 2657 :6
2847 2606 3078 2659 παιδίον.
3116 2607 3277 2661 Ὥστε
3307 2607 3358 2659 οἰ
3385 2611 3534 2678 τρεῖς
3562 2607 3698 2679 σάρξ

2114 2694 2351 2764 γίνονται
2382 2696 2503 2768 μία,
2532 2695 2628 2750 τοῦ
2660 2695 2848 2759 παιδὸς
2886 2693 3227 2765 ἑκατέρωθεν
3251 2694 3547 2765 ἑκατέρους
3562 2712 3699 2749 συν-

2116 2783 2402 2847 ἅπτοντος.
2437 2784 2651 2855 ’Ὠσπερ
2692 2782 2802 2855 γάρ
2860 2784 2910 2836 εἰ
2959 2782 3054 2835 δύο
3098 2780 3308 2834 πόλεων
3356 2781 3552 2846 οὐσῶν,
3600 2781 3698 2836 καί⁵

2116 2870 2362 2943 ποταμοῦ
2400 2870 2573 2925 διόλου
2604 2869 2965 2943 διαιροῦντος,
3012 2869 3109 2939 μία
3148 2869 3357 2938 γίνεται
3393 2869 3567 2937 πόλις,
3599 2885 3697 2937 γε·

2115 2961 2293 3033 φύρας
2323 2961 2663 3035 ἑκατέρωθεν
2694 2959 3005 3030 ἁπτομένης
3028 2976 3041 2988 ·
3064 2957 3236 3022 οὕτως
3267 2960 3416 3012 ἐστὶν
3439 2958 3693 3025 ἐνταῦθα,

2114 3050 2210 3104 καί⁸
2260 3049 2455 3103 πλέον·
2493 3047 2631 3120 αὑτὴ
2679 3047 2790 3118 γὰρ
2830 3048 2861 3117 ἡ
2895 3046 3111 3117 γέφυρα
3161 3046 3227 3099 ἐκ
3270 3044 3371 3113 τῆς
3420 3044 3696 3115 ἑκατέρων

2112 3137 2321 3201 οὐσίας.
2354 3137 2465 3190 Kal
2505 3136 2583 3208 τῷ
2630 3135 2776 3207 λόγῳ
2822 3136 2997 3203 τούτῳ
3030 3133 3089 3186 ἓν
3123 3135 3284 3196 εἰσιν,
3317 3132 3393 3195 ὠς
3436 3134 3495 3185 τὸ
3533 3132 3696 3203 σῶμα

2114 3226 2206 3278 καὶ
2236 3221 2447 3295 κεφαλὴ
2482 3221 2540 3276 ἓν
2586 3222 2746 3291 σῶμα
2767 3239 2779 3253 ·
2809 3219 2887 3292 τῷ
2919 3221 3028 3293 γάρ
3074 3220 3329 3292 τραχήλῳ
3366 3219 3690 3293 διαιρεῖται·

2112 3314 2229 3369 ἀλλ’
2257 3313 2317 3365 ού
2359 3310 2694 3383 διαιροῦνται
2718 3310 2748 3350 ι)
2779 3310 2999 3380 μᾶλλον,
3033 3309 3066 3380 ἢ
3101 3309 3494 3363 συνάπτονται·
3531 3309 3695 3379 μέσος

2112 3402 2222 3473 γάρ
2237 3399 2312 3453 ὢν
2325 3399 2620 3472 ἑκατέρους
2640 3398 2864 3467 συνάγει
2884 3413 2898 3427 ·
2922 3396 3015 3451 καὶ
3039 3396 3235 3451 ταυτὸν
3253 3397 3486 3465 γίνεται,
3505 3396 3694 3469 ὥσπερ

2113 3489 2179 3543 ἂν
2209 3490 2259 3542 εἰ
2311 3485 2471 3558 χορὸς
2513 3485 2913 3554 διεσπασμένος
2956 3484 3018 3538 :6
3068 3484 3168 3556 μὲν
3197 3484 3255 3537 ἓν
3304 3484 3469 3539 αὐτοῦ
3528 3487 3693 3557 μέρος

2112 3574 2361 3631 ἐντεῦθεν
2417 3572 2618 3639 λαϐὼν,
2668 3571 2730 3626 :6
2774 3572 2831 3626 δὲ
2875 3572 3061 3643 ἕτερον
3111 3572 3176 3625 ὲκ
3223 3571 3325 3642 τῆς
3364 3570 3566 3636 δεξιᾶς,
3595 3572 3694 3625 ἕνα

2113 3667 2391 3737 ποιήσειεν
2410 3680 2424 3695 ·
2451 3664 2485 3736 ἢ
2513 3664 2703 3735 ὥσπερ
2730 3664 2780 3716 οί
2831 3661 3252 3733 συνεσταλμένοι
3285 3654 3433 3715 οῦτοι
3468 3660 3565 3715 καὶ
3592 3660 3695 3723 τὰς

2111 3757 2297 3826 χεῖρας
2332 3752 2665 3815 ἐκτείνοντες
2697 3750 2756 3805 ἐν
2808 3750 3079 3819 γίνονται·
3117 3750 3174 3803 αἰ
3220 3750 3330 3820 γάρ
3368 3752 3553 3820 χεῖρες
3600 3749 3693 3802 ἐκ-

2110 3842 2381 3906 ταθεῖσαι,
2411 3841 2513 3894 οὐκ
2548 3839 2772 3908 ἀφιᾶσιν
2801 3834 2945 3890 εἶναι
2973 3835 3086 3889 δύο.
3120 3835 3219 3890 Διά
3250 3835 3411 3890 τοῦτο
3437 3834 3569 3905 γοῦν
3599 3836 3694 3890 καὶ

2111 3927 2357 4000 ἀκριϐῶς
2389 3922 2564 3991 εἶπεν,
2595 3925 2719 3993 οὐκ,
2769 3925 3024 3978 Ἔσονται
3077 3922 3179 3994 μία
3228 3922 3387 3995 σὰρξ,
3422 3922 3559 3991 ἀλλ’,
3590 3926 3693 3990 Είς

2112 4017 2313 4086 σάρκα
2339 4017 2508 4087 μίαν,
2536 4015 2637 4086 τὴν
2661 4012 2757 4068 τοῦ
2781 4012 2973 4077 παιδὸς
3003 4012 3400 4085 συναπτόμενοι
3425 4012 3692 4083 δηλονότι.

2111 4105 2178 4159 Τί
2223 4099 2339 4169 οὖν,
2381 4104 2509 4158 ὅταν
2564 4101 2779 4156 παιδίον
2812 4100 2889 4173 μὴ
2921 4096 2978 4174 ᾖ,
3012 4100 3114 4155 ούκ
3159 4100 3375 4154 ἔσονται
3416 4099 3512 4154 δύο
3541 4111 3563 4141 ο
3599 4101 3694 4155 καὶ

2110 4193 2263 4259 τότε;
2295 4189 2531 4261 Εὔδηλον
2552 4207 2566 4221 ·
2599 4192 2632 4260 ἡ
2670 4188 2815 4259 μίξις
2858 4187 2968 4258 γάρ
3009 4187 3169 4241 τοῦτο
3217 4188 3531 4258 ἐργάζεται,
3559 4190 3694 4244 ἀνα-

2111 4281 2282 4352 χέασα
2332 4278 2429 4332 καί⁵
2460 4276 2775 4348 ἀναμίξασα
2816 4273 3143 4346 ἀμφοτέρων
3183 4274 3254 4329 τά
3300 4274 3545 4346 σώματα.
3580 4277 3693 4332 Kal

2111 4368 2299 4438 ὥσπερ
2345 4368 2425 4431 εἰς
2470 4354 2652 4417 ἔλαιον
2684 4362 2857 4435 μύρον
2885 4360 3161 4432 ἐμϐαλὼν,
3194 4360 3256 4416 :6
3286 4362 3396 4416 πᾶν
3438 4362 3693 4437 ἐποίησεν

2109 4452 2189 4521 ἓν,
2213 4450 2359 4506 οὕτω
2383 4450 2449 4522 δὴ
2479 4450 2575 4504 καί
2600 4448 2853 4505 ἐνταῦθα.

2182 4546 2255 4606 ςι,
2271 4534 2400 4591 Οἶδα
2419 4539 2500 4594 ὅτι
2523 4537 2709 4592 πολλοὶ
2737 4536 3081 4609 αἰσχύνονται
3103 4538 3216 4602 τοῖς
3235 4537 3570 4610 λεγομένοις·
3599 4542 3694 4595 καὶ

2109 4628 2299 4684 τούτου
2330 4628 2500 4683 αἴτιον
2533 4629 2566 4699 ή
2603 4626 2863 4696 ἀσέλγεια
2906 4627 2999 4681 καὶ
3036 4629 3070 4698 ή
3122 4627 3410 4685 ἀκολασία.
3445 4630 3517 4684 T6
3549 4630 3694 4699 οὕτω

2108 4718 2235 4781 τοὺς
2277 4717 2489 4787 γάμους
2520 4693 2787 4785 γίνεσθαί,
2816 4714 2879 4770 τὸ
2927 4693 3422 4787 παραφθείρεσθαι,
3448 4718 3510 4772 :6
3547 4693 3693 4790 πρά·
3812 4710 3821 4718 ’

2108 4822 2229 4877 γμα
2257 4803 2536 4859 διέϐαλεν·
2582 4804 2705 4858 ἐπεὶ
2752 4804 2949 4874 Τίμιος
2992 4806 3025 4858 ὀ
3058 4801 3267 4874 γάμος,
3304 4805 3402 4859 καί
3432 4807 3472 4875 ἠ
3520 4806 3690 4877 κοίτη

2108 4893 2418 4964 ἀμίαντος.
2438 4892 2507 4946 Τί
2535 4893 2770 4965 αἰσχύνῃ
2791 4891 2870 4964 τῷ
2895 4891 3098 4965 τιμίῳ;
3125 4893 3180 4946 τί
3207 4892 3467 4966 ἐρυθριᾷς
3489 4896 3581 4948 ἐπὶ
3610 4894 3691 4967 τῷ

2107 4980 2394 5053 ἀμιάντῳ;
2439 4978 2625 5034 Ταῦτα
2673 4979 2967 5052 αἰρετικῶν
3018 4981 3158 5046 ἐστι,
3214 4981 3389 5035 ταῦτα
3432 4981 3544 5035 τῶν
3590 4982 3692 5046 :6;

2108 5069 2312 5140 πόρνας
2331 5067 2755 5137 ἐπεισαγόντων.
2780 5067 2880 5121 Διὰ.
2896 5066 3058 5123 τοῦτο
3081 5069 3245 5124 αὑτὸν
3264 5068 3690 5141 ἐκκαθαίρεσθαι

2110 5156 2393 5228 βούλομαι,
2412 5154 2553 5210 ὥστε
2576 5156 2670 5211 ἐπὶ
2698 5156 2797 5229 τὴν
2823 5157 3033 5212 οἰκείαν
3061 5158 3344 5227 εὐγένειαν
3369 5158 3687 5226 ἀναγαγεῖν,

2107 5240 2247 5298 ὥστε
2278 5243 2387 5298 τῶν
2415 5243 2705 5316 αἰρετικῶν
2722 5244 3085 5316 ἐμφράξαιτά
3105 5244 3371 5315 στόματα.
3397 5244 3689 5315 ’Ὑϐρισται

2104 5329 2168 5386 :6
2191 5330 2287 5385 τοῦ
2312 5331 2449 5386 Θεοῦ
2478 5332 2670 5404 δῶρον,
2713 5334 2747 5403 ή
2777 5329 2902 5403 ῥίζα
2934 5331 3035 5403 τῆς
3076 5332 3349 5404 ήμετέρας
3386 5333 3685 5402 γενέσεως·

2172 5466 2200 5508 ι’
2233 5466 2369 5534 Unps
2390 5468 2567 5534 cpia:
2597 5481 2751 5534 marg.
2779 5466 2952 5534 Sayil.,
2989 5468 3039 5517 εν
3062 5470 3199 5534 εἰσιν,
3236 5472 3302 5527 ὡς
3338 5468 3425 5518 τοῦ
3464 5472 3689 5534 σώματος

2103 5528 2259 5577 πάντα
2274 5531 2336 5577 τά
2360 5530 2477 5591 μέλη
2507 5528 2744 5593 συναρμᾱλ
2807 5530 2982 5593 ούμινα
2999 5531 3115 5594 πρὸς
3135 5533 3222 5589 τήν
3244 5534 3472 5595 κεφαλὴν,
3496 5528 3554 5581 ἕν’
3597 5534 3686 5581 ίνε-

2104 5606 2184 5638 ται
2208 5592 2371 5643 σῶμα.
2393 5592 2433 5640 εἰ
2456 5592 2538 5639 καὶ
2556 5594 2627 5643 τῶ
2651 5547 2875 5643 τοαςζλω
2898 5593 3142 5643 διαιρεῖται
3181 5594 3376 5643 ἐνταῦθα
3403 5595 3452 5643 δὲ
3480 5595 3534 5643 οῦ
3562 5550 3686 5643 διαι-

2104 5606 2185 5659 ται
2208 5592 2371 5652 σῶμα,
2393 5592 2433 5640 εί
2456 5592 2538 5639 καὶ
2556 5592 2637 5656 τῷ
2651 5592 2875 5655 τραχήλῳ
2898 5592 3142 5656 διαιρεῖται
3181 5592 3376 5643 ἐνταῦθα
3403 5595 3452 5643 δὲ
3480 5595 3534 5644 οῦ
3565 5592 3690 5645 διαι-

2106 5666 2316 5715 ρουνται.

2172 5714 2195 5744 ⁸
2218 5712 2509 5777 Legendum
2530 5714 2726 5766 videlur
2748 5715 2813 5773 εἰς
2835 5718 2880 5764 οἰ
2899 5716 3001 5765 δύο.
