4072 6206
456 327 567 383 389

459 436 631 510 πολλὴ
655 436 763 507 γὰρ
792 435 920 507 περὶ
945 436 1045 507 τὴν
1074 434 1235 509 ῥίζαν
1260 439 1292 509 ἡ
1332 437 1539 510 κόπρος
1572 438 1667 491 καὶ
1706 439 1734 491 6
1764 433 2046 506 βόρϐορος.

1156 323 1221 381 S.
1258 319 1549 381 JOANNIS
1586 315 2085 378 ριιιιγευετῡιιι
2128 314 2447 371 ᾹὶὶΟῙΙΙΕΡ.
2489 312 3036 369 CUNSTANTINOP.

3612 315 3716 369 330

2156 429 2342 493 ποίους
2368 428 2425 481 δὲ
2458 428 2688 499 γάμους,
2716 427 3035 500 προσέχετε.
3067 424 3288 496 Πρῶτον
3313 425 3414 496 μὲν
3443 425 3614 499 ἄνδρα
3639 428 3743 500 ζή-

457 524 664 580 Τοῦτον
695 519 790 577 οὖν
816 521 1218 593 ἐκκαθάρωμεν
1250 522 1329 593 τῷ
1353 524 1518 596 λόγῳ.
1558 522 1844 593 Ἀνέχεσθε
1871 522 2051 574 τοίνυν
2151 534 2233 571 τει
2262 519 2327 588 τῇ
2358 516 2611 587 παρθένῳ
2639 515 2808 579 ὅντως
2838 515 3007 585 ἄνδρα
3043 515 3139 568 καὶ
3165 514 3500 585 προστάτην,
3533 515 3610 578 ώς
3633 516 3740 570 σώ-

458 613 656 685 μικρὸν
684 611 807 665 ἐπεὶ
838 611 933 664 καὶ
969 611 999 663 6
1042 610 1303 682 βόρϐορον
1349 613 1599 682 κατέχων
1644 609 1911 672 δυσωδίας
1950 609 2049 661 ἀν-

459 701 665 771 έχεται.
693 697 967 769 Βούλομαι
993 696 1161 762 δεῖξαι
1184 697 1267 751 δτι
1292 700 1357 753 ού
1387 700 1492 770 χρὴ
1521 699 1615 752 ἐπὶ
1629 698 1839 763 τούτοις
1857 696 2052 767 αἰσχύ-

453 788 663 851 νεσθαι,
682 786 833 859 [421]
862 786 998 840 ἀλλά
1017 786 1229 851 τούτοις
1243 781 1325 851 οἷς
1349 791 1580 841 ποιεῖτε·
1607 790 1671 842 σὺ
1696 788 1755 841 δέ
1799 789 1885 841 ἐπ’
1908 786 2052 840 ἐκεί-

454 893 567 939 νοις
603 873 955 946 αἰσχύνεσθαι
1004 874 1183 944 ἀφεὶς,
1198 874 1410 940 τούτοις
1438 876 1668 948 αἰσχύνῃ
1688 892 1701 906 ⁸
1724 874 1922 929 οὐκοῦν
1952 874 2049 928 τοῦ

453 961 589 1015 Θεοῦ
611 959 985 1030 καταγινώσκε
996 979 1043 1025 ις
1058 960 1152 1014 τοῦ
1180 960 1323 1016 οὕτω
1352 961 1730 1025 θεσπίσαντος,
1752 963 1907 1016 Εἴπω
1933 962 2050 1026 πῶς

453 1052 547 1104 καὶ
580 1051 879 1121 μυστήριον
904 1051 1003 1121 τῆς
1029 1049 1356 1121 Ἐκκλησίας
1378 1052 1547 1105 ἐστίν⁸
1583 1051 1643 1104 Ὀ
1660 1050 1891 1123 Χριστὸς
1917 1046 2049 1121 ἦλθε

452 1139 592 1206 πρὸς
620 1138 719 1208 τὴν
761 1137 1113 1208 Ἐκκλησίαν,
1134 1139 1227 1191 καὶ
1258 1138 1319 1202 ἐξ
1344 1138 1517 1207 αὐτῆς
1540 1138 1758 1207 γέγονε,
1786 1138 1880 1191 καὶ
1908 1138 2045 1209 αὐτῇ

455 1224 772 1296 συνεισῆλθε
796 1238 823 1266 α
850 1225 1108 1297 συνουσίᾳ
1130 1228 1500 1297 πνευματικῇ.
1528 1224 1917 1294 Ἥρμοσάμην
1937 1226 2047 1293 γὰρ

452 1308 629 1379 ὑμᾶς,
650 1312 834 1382 φησὶν,
856 1310 947 1365 ἐνὶ
975 1311 1148 1380 ἀνδρί
1179 1312 1484 1381 παρθένον
1513 1312 1728 1381 ἁγνήν.
1754 1312 1881 1365 Ὀτι
1909 1312 1965 1364 δὲ
1987 1311 2046 1379 ἐξ

452 1397 618 1450 αὐτοῦ
643 1399 832 1468 ἐσμεν,
852 1398 1017 1452 ἄκουε
1035 1399 1153 1462 πῶς
1176 1416 1342 1470 φησιν
1357 1415 1372 1429 ⁸
1406 1400 1502 1454 Ἐκ
1530 1398 1639 1451 τῶν
1657 1400 1834 1469 μελῶν
1855 1399 2043 1461 αὐτοῦ,

450 1483 549 1538 καὶ
585 1486 650 1538 ἐκ
681 1484 785 1555 τῆς
829 1486 1034 1557 σαρκὸς
1086 1486 1255 1539 αὑτοῦ
1293 1486 1500 1549 πάντες
1528 1488 1715 1556 ἡμεῖς.
1756 1484 1942 1539 Ταῦτα
1978 1486 2044 1557 δὴ

450 1570 629 1625 πάντα
658 1572 987 1636 ἐννοοῦντες,
1026 1573 1100 1644 μὴ
1123 1574 1472 1644 αἰσχύνωμεν
1496 1573 1557 1627 τὸ
1586 1573 1906 1644 τηλικοῦτον
1942 1592 2044 1644 μυ-

452 1661 695 1730 στήριον.
730 1660 913 1724 Τύπος
956 1662 1057 1731 τῆς
1100 1662 1195 1714 τοῦ
1224 1661 1465 1731 Χριστοῦ
1496 1663 1804 1733 παρουσίας
1843 1663 1988 1715 ἐστὶν
2016 1664 2044 1715 ὁ

451 1746 650 1815 γάμος,
678 1747 742 1800 σὺ
773 1746 829 1799 δὲ
857 1746 1115 1813 μεθύεις;
1147 1749 1283 1802 Εἰπέ
1317 1765 1429 1820 μοι,
1476 1751 1526 1803 εί
1555 1749 1741 1803 εἰκόνα
1777 1749 1917 1813 εἶδες
1947 1749 2040 1802 τοῦ

453 1833 738 1904 βασιλέως,
781 1829 891 1903 ἆρα
922 1834 988 1887 ἂν
1023 1835 1195 1906 αὐτὴν
1242 1836 1510 1907 ῇσχυνες;
1542 1837 1830 1907 Οὐδαμῶς.
1887 1840 2045 1890 Δοκεῖ

467 1923 566 1990 μὲν
594 1918 688 1975 οὖν
715 1922 989 1994 ἀδιάφορα
1016 1918 1159 1977 εῖναι
1191 1925 1259 1977 τὰ
1285 1926 1417 1995 περὶ
1443 1925 1534 1978 τὸν
1553 1925 1733 1995 γάμον
1760 1924 2039 1996 γινόμενα,

451 2009 569 2061 ἐστι
620 2008 677 2060 δέ
717 2008 969 2078 μεγάλων
1007 2010 1157 2063 αίτια
1206 2010 1412 2063 κακῶν.
1460 2012 1646 2064 Πάντα
1695 2013 2041 2081 παρανομίας

449 2095 629 2167 γέμει.
670 2097 1011 2165 Αίσχρότης
1049 2096 1147 2150 καὶ
1175 2098 1518 2167 μωρολογία
1543 2098 1642 2152 καὶ
1675 2100 2042 2166 εὐτραπελία

450 2184 532 2254 μὴ
574 2182 1014 2252 ἐκπορευέσθω,
1047 2184 1233 2254 φησὶν,
1275 2184 1347 2238 ἐκ
1380 2184 1486 2238 τοῦ
1514 2184 1813 2254 στόματος
1849 2185 2036 2256 ὑμῶν.

451 2274 636 2327 Πάντα
667 2274 724 2326 δὲ
758 2274 964 2337 ἐκεῖνα,
991 2273 1289 2345 αἰσχρότης
1335 2274 1431 2328 καὶ
1464 2273 1777 2346 μωρολογία
1809 2276 1904 2329 καὶ
1947 2276 2041 2329 εύ-

448 2360 741 2433 τραπελία,
783 2362 886 2432 οὐχ
923 2360 1131 2427 ἀπλῶς,
1165 2361 1306 2416 ἀλλά
1336 2362 1476 2434 μετὰ
1510 2362 1846 2427 ἐπιτάσεως·
1876 2362 2038 2436 τέχνη

450 2449 560 2519 γὰρ
579 2449 643 2502 τδ
672 2450 910 2522 πρᾶγμά
933 2450 1072 2514 ἐστι,
1088 2450 1183 2503 καὶ
1212 2449 1466 2521 ἐγκώμια
1492 2450 1708 2521 μεγάλα
1734 2452 1848 2514 τοῖς
1872 2451 2041 2520 αὐτὴν

454 2536 698 2606 μετιοῦσι
715 2553 730 2567 ⁸
755 2536 824 2590 τὰ
847 2537 1223 2609 ἁμαρτήματα
1252 2537 1416 2609 τέχνη
1442 2539 1688 2607 γέγονεν.
1714 2538 1829 2610 Οὐχ
1854 2538 2042 2603 ἁπλῶς

451 2622 593 2676 αύτά
641 2624 1041 2694 μετερχόμεθα,
1071 2624 1213 2678 ἀλλά
1247 2624 1388 2695 μετά
1432 2624 1692 2696 σπουδῆς,
1733 2625 1872 2696 μετά
1915 2627 2040 2680 ἐπι-

451 2713 696 2782 στήμης⁸
728 2713 822 2765 καὶ
852 2714 1159 2785 στρατηγεῖ
1189 2713 1378 2768 λοιπὸν
1407 2715 1437 2767 6
1460 2714 1708 2779 διάϐολος
1734 2714 1845 2770 τῶν
1875 2715 2040 2770 αὑτοῦ

450 2799 768 2869 ταγμάτων.
798 2800 976 2855 Ὅπου
1008 2799 1119 2870 γὰρ
1157 2799 1317 2872 μέθη,
1347 2800 1646 2855 ἀκολασία·
1667 2803 1800 2856 ὅπου
1822 2804 2043 2873 αἰσχρο-

451 2883 629 2952 λογία,
664 2887 693 2938 6
717 2885 963 2950 διάϐολος
1002 2887 1235 2956 πάρεστι
1263 2886 1333 2941 τὰ
1367 2891 1497 2959 παρ’
1529 2889 1721 2942 ἐαυτοῦ
1749 2889 2038 2960 εἰσφέρων.

451 2971 675 3036 Τούτοις
719 2972 1072 3045 ἑστιώμενος,
1120 2974 1242 3029 εἰπέ
1288 2993 1398 3047 μοι,
1452 2976 1752 3047 μυστήριον
1802 2974 2040 3047 Χριστοῦ

450 3060 646 3125 τελεῖς,
674 3062 768 3114 καὶ
807 3061 899 3114 τὸν
938 3061 1185 3117 διάϐολον
1232 3062 1451 3129 καλείς;
1493 3063 1647 3133 Τάχα
1680 3079 1757 3134 με
1785 3063 2042 3134 φορτικὸν

453 3144 590 3202 εἶναι
620 3149 893 3220 νομίζετε.
916 3151 1026 3203 Καὶ
1038 3150 1147 3222 γὰρ
1174 3151 1443 3205 καὶτοῦτο
1462 3150 1563 3220 τῆς
1583 3150 1916 3221 διαστροφῆς
1944 3151 2043 3222 τῆς

453 3235 677 3307 πολλῆς,
704 3237 787 3289 ὅτι
837 3237 934 3291 καὶ
978 3240 1007 3292 6
1039 3240 1332 3308 ἐπιτιμῶν,
1363 3238 1576 3307 γέλωτα
1618 3238 1934 3309 ὀφλισκάνει
1967 3237 2043 3301 ὡς

457 3323 754 3393 αὐστηρός.
790 3325 905 3377 Οὐκ
936 3324 1167 3379 ἀκούετε
1209 3326 1424 3380 Παύλου
1463 3327 1734 3396 λέγοντος,
1762 3324 1893 3383 Πᾶν
1921 3325 1954 3378 ὅ
1990 3342 2045 3379 τι

453 3410 533 3464 ἂν
547 3409 777 3479 ποιῆτε,
795 3411 850 3465 ετ
854 3428 916 3465 τε
930 3412 1185 3481 ἐσθίετε,
1202 3414 1323 3468 εττε
1351 3414 1577 3479 πίνετε,
1594 3415 1714 3469 εἴτε
1732 3431 1787 3468 τι
1802 3412 2042 3479 ποιεῖτε,

453 3497 650 3553 πάντα
671 3502 758 3566 είς
784 3500 973 3566 δόξαν
986 3501 1135 3557 Θεοῦ
1165 3505 1423 3569 ποιεῖτε;
1457 3504 1646 3575 Ὑμεῖς
1666 3503 1722 3557 δέ
1746 3506 1825 3567 είς
1840 3503 2044 3574 δυσφη-

459 3586 589 3658 μίαν
621 3588 715 3642 καὶ
743 3588 982 3654 ἀδοξίαν.
1010 3590 1125 3644 Ούκ
1154 3591 1381 3645 ἀκούετε
1415 3591 1509 3645 τοῦ
1542 3592 1828 3663 Προφήτου
1858 3589 2041 3660 λέγον.

452 3691 567 3738 τος,
601 3679 981 3732 Δουλεύσατε
1010 3676 1088 3743 τῷ
1141 3681 1341 3745 Κυρίῳ
1385 3680 1454 3732 ἐν
1498 3681 1678 3747 φόϐῳ,
1714 3678 1814 3731 καὶ
1858 3680 2044 3749 ἀγαλ-

454 3762 845 3831 λιᾶσθειιῡτῷ
867 3768 938 3819 ἐν
957 3768 1180 3835 τρόμῳ;
1216 3767 1405 3837 Ὑμεῖς
1421 3767 1478 3819 δέ
1511 3766 1809 3835 διαχεῖσθε.
1829 3766 1921 3833 Μὴ
1937 3765 2044 3835 γὰρ

455 3850 555 3901 οὐκ
590 3849 705 3901 ἐστι
737 3852 832 3902 καὶ
865 3852 1113 3919 ἥδεσθαι,
1160 3855 1256 3904 καὶ
1304 3853 1443 3921 μετὰ
1472 3852 1807 3921 ἀσφαλείας;
1856 3853 2044 3905 Βούλει

461 3935 642 4005 μελῶν
669 3935 903 3989 ἀκοῦσαι
931 3938 1141 4002 καλῶν;
1164 3938 1422 3991 Μάλιστα
1462 3939 1560 4007 μὲν
1596 3937 1717 3990 οὑδέ
1744 3938 1849 3992 ἔδει
1867 3955 1880 3968 ⁸
1907 3939 2045 4011 πλὴν

459 4022 902 4091 συγκαταϐαίνω,
931 4023 980 4075 εί
1013 4021 1191 4093 βούλει
1212 4039 1226 4054 ⁸
1259 4024 1334 4093 μὴ
1368 4022 1477 4075 τῶν
1523 4024 1830 4080 σατανικῶν
1874 4025 2045 4078 ἀκού-

460 4126 579 4181 σῃς,
599 4109 735 4164 ἀλλὰ
754 4109 864 4163 τῶν
890 4109 1304 4181 πνευματικῶν.
1325 4109 1516 4164 Βούλει
1537 4110 1863 4182 χορεύοντας
1884 4112 2041 4179 ίδεῖν;

458 4200 561 4271 ὂρα
582 4198 690 4252 τῶν
716 4198 966 4267 ἀγγέλων
995 4198 1087 4253 τὸν
1112 4197 1293 4267 χορόν.
1316 4199 1426 4253 Καὶ
1451 4197 1569 4263 πῶς
1588 4198 1835 4265 δυνατὸν,
1856 4200 2039 4272 φησὶν,
2081 4238 2084 4241 λ

461 4290 618 4355 ίδεῖν;
652 4288 779 4341 Ἐὰν
797 4287 973 4341 ταῦτα
999 4287 1300 4363 ἀπελάσῃς,
1318 4288 1597 4343 ἐλεύσεται
1630 4290 1726 4343 καὶ
1761 4292 1789 4343 ό
1810 4290 2044 4363 Χριστὸς

460 4375 544 4437 εἰς
573 4375 798 4438 τούτους
824 4376 952 4438 τοὺς
985 4376 1227 4446 γάμους⁸
1256 4375 1352 4429 τοῦ
1379 4376 1436 4430 δέ
1470 4378 1707 4450 Χριστοῦ
1751 4380 2040 4451 παρόντος,

461 4462 554 4514 καὶ
582 4464 611 4515 6
643 4462 752 4516 τῶν
795 4462 1043 4533 ἀγγέλων
1096 4462 1328 4536 πάρεστι
1371 4467 1552 4538 χορός.
1582 4468 1679 4519 Ἂν
1726 4468 1907 4541 θέλῃς,
1949 4469 2042 4522 καὶ

460 4548 557 4603 νῦν
589 4548 846 4621 θαύματα
873 4552 1190 4623 ἐργάσεται,
1219 4553 1470 4628 καθάπερ
1516 4555 1612 4607 καὶ
1643 4554 1797 4607 τότε·
1827 4557 2042 4625 ποιήσει

460 4643 557 4696 καὶ
584 4642 680 4696 νῦν
729 4643 793 4697 τὸ
824 4643 970 4717 ὔδωρ
999 4641 1142 4701 οἶνον
1163 4662 1177 4675 ⁸
1205 4646 1299 4700 καὶ
1350 4646 1530 4717 πολλῷ
1575 4645 2040 4717 θαυμασιώτερον,

461 4732 560 4805 τὴν
583 4732 830 4804 διάχυσιν
859 4737 1180 4808 ἐπιστρέψει
1204 4736 1304 4808 τὴν
1332 4736 1689 4808 διαρρέουσαν
1717 4735 1811 4788 καὶ
1829 4735 2042 4807 ψυχρὰν

461 4819 780 4891 ἐπιθυμίαν,
823 4823 919 4876 καὶ
965 4824 1060 4877 ἐπὶ
1110 4825 1210 4894 τὴν
1263 4823 1641 4894 πνευματικὴν
1691 4824 2041 4895 μεταστήσει.

463 4907 636 4961 Τοῦτό
669 4910 816 4963 ἐστιν
847 4909 906 4974 ἐξ
933 4908 1128 4975 ὓδατος
1158 4907 1301 4965 οἶνον
1324 4911 1572 4981 ποιῆσαι.
1593 4909 1764 4963 Ἔνθα
1790 4909 2040 4981 αύληταὶ,

463 4996 701 5065 οὐδαμοῦ
738 4997 769 5049 6
817 4998 1082 5067 Χριστός⁸
1116 4999 1253 5052 ἀλλὰ
1299 5000 1402 5053 κᾶν
1453 4996 1690 5071 εἰσέλθῃ,
1721 4996 1783 5050 τὸ
1826 4997 2042 5068 πρῶτον

465 5085 717 5139 ἐκϐάλλει
761 5084 1005 5152 τούτους,
1056 5086 1150 5137 καὶ
1199 5086 1320 5139 τότε
1367 5085 1791 5157 θαυματουργεῖ.
1831 5084 1897 5137 Τί
1941 5085 2042 5155 τῆς

468 5173 764 5243 σατανικῆς
794 5173 1017 5244 πομπῆς
1042 5172 1388 5245 ἀηδέστερον,
1414 5174 1542 5227 ἐνοα
1572 5173 1819 5246 ἄναρθρα
1843 5172 2040 5240 πάντα,

468 5258 617 5330 [422]
653 5260 781 5315 ἔνθα
825 5263 1003 5316 πάντα
1052 5260 1273 5331 ἄσημα;
1311 5261 1373 5314 ἂν
1421 5262 1480 5314 δέ
1517 5279 1571 5315 τι
1620 5263 1716 5315 καὶ
1760 5260 2040 5331 ἔναρθρον,

465 5348 627 5403 πάλιν
657 5350 831 5403 πάντα
869 5350 1092 5423 αίσχρά,
1124 5351 1303 5403 πάντα
1332 5349 1496 5421 ἀηδῆ.

536 5436 601 5501 ζ’.
626 5436 790 5490 Οὐδὲν
809 5439 905 5509 τῆς
933 5440 1133 5511 ἀρετῆς
1163 5439 1333 5509 ἥδιον,
1363 5438 1513 5492 οὐδὲν
1534 5438 1890 5509 κοσμιότητος
1914 5435 2044 5505 γλυ-

469 5523 717 5595 κύτερον,
752 5524 900 5577 οὐδὲν
923 5527 1250 5597 σεμνότητος
1277 5526 1674 5598 ποθεινότερον.
1707 5524 1937 5580 Ποιείτω
1956 5541 2041 5587 τις

465 5614 709 5685 γάμους,
752 5613 896 5677 οἴους
950 5615 1059 5683 ἐγὼ
1093 5617 1256 5687 λέγω,
1308 5618 1399 5672 καὶ
1443 5617 1633 5687 δέεται
1681 5617 1779 5688 τὴν
1814 5614 2037 5688 ἠδονὴν’

529 5764 557 5793 ⁵
578 5763 725 5813 Sam.
751 5764 876 5826 conj.
901 5768 1112 5824 συνῆλθε.

2155 620 2286 674 ματι
2318 603 2526 675 μέλλων
2553 603 2832 674 ἐπιθήσειν
2853 601 3116 673 κεφαλὴν,
3147 600 3223 664 ὡς
3254 600 3352 654 οὐκ
3378 602 3733 671 ἀνδράποδον,

2151 690 2287 745 ἀλλά
2330 690 2611 763 θυγατέρα
2657 689 2808 761 αύτῷ
2846 690 3054 761 μέλλων
3083 687 3463 760 παραδώσειν
3494 689 3572 761 μὴ
3596 693 3740 761 χρή-

2154 796 2300 850 ματα
2331 780 2503 851 ζήτει,
2544 779 2618 850 μὴ
2665 778 2857 847 γένους
2905 776 3286 849 λαμπρότητα,
3345 778 3421 847 μὴ
3480 778 3739 849 πατρίδος

2154 868 2406 939 μέγεθος,
2472 867 2651 921 πάντα
2676 864 2850 920 ταῦτα
2891 863 3143 936 περιττά,
3189 862 3324 917 ἀλλά
3360 864 3538 935 ψυχῆς
3574 865 3741 919 0610':-
3794 907 3815 921 .

2149 954 2326 1019 ϐειαν,
2361 948 2684 1018 ἐπιείκειαν,
2726 954 2824 1024 τὴν
2854 951 3029 1023 άληθῆ
3076 948 3317 1016 σύνεσιν,
3352 951 3447 1005 τοῦ
3478 952 3615 1005 Θεοῦ
3642 953 3737 1005 τὸν

2150 1043 2336 1111 φόϐον,
2366 1044 2415 1096 ει
2439 1041 2617 1113 βούλει
2647 1039 2766 1112 μεθ’
2794 1039 2991 1111 ἡδονῆς
3018 1039 3079 1093 τὸ
3101 1039 3395 1111 θυγάτριον
3416 1040 3539 1111 ζῇν.
3568 1040 3740 1093 [[100-

2152 1129 2411 1203 σιώτερον
2442 1130 2553 1202 γὰρ
2582 1128 2846 1200 ζητοῦσα,
2884 1128 2947 1181 ού
2998 1127 3160 1198 μόνον
3192 1127 3359 1198 αὐτὴν
3387 1127 3489 1181 οὐκ
3512 1128 3738 1199 ὠφελή-

2152 1237 2288 1284 σεις,
2319 1218 2457 1273 ἀλλά
2486 1219 2581 1273 καὶ
2609 1218 2851 1289 βλάψεις,
2881 1216 3073 1287 δούλην
3096 1217 3209 1270 ἀντ’
3236 1216 3526 1288 ἐλευθέρας
3547 1217 3741 1271 ποιοῦ-

2151 1324 2239 1360 σα.
2274 1307 2349 1361 Ού
2378 1307 2649 1377 τοσαύτην
2677 1308 2787 1379 γὰρ
2820 1306 2927 1361 ἀπὸ
2965 1306 3073 1359 τῶν
3101 1306 3342 1376 χρυσίων
3372 1306 3737 1377 καρπώσεται

2147 1394 2249 1465 τὴν
2297 1394 2513 1466 ἡδονὴν,
2573 1397 2706 1465 ὅσην
2755 1394 2864 1448 ἀπὸ
2910 1394 3004 1447 τοῦ
3045 1390 3319 1447 δουλεύειν
3364 1393 3484 1462 τὴν·
3512 1392 3733 1463 ἀηδίαν.

2161 1482 2321 1536 Ἀλλά
2358 1482 2433 1555 μὴ
2455 1483 2605 1554 ζήτει
2638 1482 2830 1548 ταῦτα,
2862 1482 2996 1535 ἀλλὰ
3032 1481 3266 1551 μάλιστα
3307 1482 3405 1552 μὲν
3426 1482 3691 1551 ὁμότιμον
3713 1499 3733 1513 ⁸

2146 1569 2274 1622 εἰδὲ
2304 1569 2378 1641 μὴ
2438 1568 2683 1634 δυνατὸν,
2722 1568 3041 1640 πενέστερον
3087 1568 3374 1640 μᾶλλον,ἢ
3425 1568 3737 1639 εὐπορώτε-

2150 1674 2262 1727 ρον,
2289 1658 2343 1711 εί
2362 1675 2425 1727 γε
2448 1657 2522 1729 μὴ
2547 1656 2840 1711 ἀποδόσθαι
2869 1655 3122 1728 δεσπότῃ,
3156 1657 3273 1710 ἀλλ’
3303 1656 3550 1711 ἐκδοῦναι
3578 1658 3736 1729 ἀνδρὶ

2149 1745 2445 1817 βούλειτὴν
2473 1745 2767 1817 θυγατέρα.
2814 1746 2983 1799 Ὅταν
3026 1745 3271 1816 ἀκριϐῶς
3302 1744 3564 1817 ἐξετάσῃς
3601 1747 3737 1799 τάν-

2145 1832 2269 1902 δρὸς
2294 1833 2390 1903 τὴν
2414 1833 2634 1904 ἀρετὴν,
2660 1831 2752 1886 καὶ
2788 1832 2987 1904 μέλλῃς
3028 1831 3317 1895 ἐκδιδόναι,
3349 1832 3735 1906 παρακάλεσον

2145 1918 2236 1972 τδν
2254 1919 2488 1989 Χριστὸν
2514 1918 2918 1989 παραγενέσθαι
2937 1936 2951 1949 ⁸
2985 1919 3045 1971 ού
3068 1918 3176 1990 γάρ
3202 1920 3694 1990 ἐπαισχυνθήσεται
3713 1936 3730 1956 ι

2148 2007 2447 2078 μυστήριόν
2479 2009 2592 2060 ἐστι
2638 2007 2738 2077 τῆς
2772 2006 2939 2061 αὑτοῦ
2968 2007 3291 2079 παρουσίας.
3334 2009 3583 2062 Μάλιστα
3633 2010 3736 2079 μὲν

2143 2090 2236 2147 οῦν
2279 2096 2371 2148 καὶ
2424 2096 2545 2148 τότε
2599 2091 2943 2167 παρακάλει,
2979 2095 3121 2149 ὥστε
3166 2096 3452 2167 μνηστῆρα
3489 2098 3733 2150 τοιοῦτον

2141 2182 2344 2236 δοῦναι.
2402 2182 2494 2253 Μὴ
2523 2182 2654 2255 γένῃ
2707 2182 2801 2237 τοῦ
2839 2183 3027 2246 παιδὸς
3059 2181 3154 2236 τοῦ
3212 2182 3465 2255 Ἀϐραάμ
3507 2184 3731 2255 χείρων,

2144 2270 2203 2335 6;
2238 2273 2318 2335 είς
2343 2272 2614 2343 τοσαύτην
2665 2270 2974 2343 ἀποδημίαν
3028 2271 3403 2342 πεμπόμενος,
3454 2272 3569 2345 ῇδει
3597 2272 3730 2327 ἔνθα

2140 2358 2248 2430 χρὴ
2281 2361 2658 2430 καταφυγεῖν·
2706 2360 2905 2414 διὸκαὶ
2956 2359 3172 2414 πάντων
3219 2359 3504 2430 ἐπέτυχεν.
3557 2360 3732 2414 Ὅταν

2141 2447 2481 2519 περιεργάζῃ
2533 2449 2627 2502 καὶ
2671 2448 2843 2519 ζητῇς
2880 2448 2971 2502 τὸν
3000 2448 3190 2518 ἄνδρα,
3245 2446 3410 2517 εὔχου
3435 2464 3450 2481 ⁸
3490 2448 3610 2502 είπέ
3644 2450 3729 2519 τῷ

2140 2533 2283 2605 Θεῷ·
2321 2537 2419 2589 Ὃν
2451 2536 2517 2590 ἂν
2546 2534 2707 2607 θέλῃς
2735 2536 2799 2589 σὺ
2829 2534 3184 2605 οίκονόμησον
3202 2550 3218 2565 ⁸
3247 2536 3549 2606 ἐγχείρισον
3578 2536 3728 2606 αὐτῷ

2142 2622 2201 2677 τὸ
2232 2624 2486 2693 πρᾶγμα,
2518 2625 2610 2677 καὶ
2642 2623 2899 2693 τιμηθεὶς
2946 2622 3118 2693 ταύτῃ
3175 2624 3326 2693 παρά
3358 2623 3451 2677 σοῦ
3498 2625 3562 2695 τῇ
3590 2627 3724 2696 τιμῇ

2144 2710 2441 2780 ἀμείψεται
2460 2727 2541 2764 σε.
2587 2710 2691 2764 Δύο
2718 2711 2780 2781 δὴ
2817 2712 2990 2764 ποιεῖν
3029 2710 3157 2782 χρὴ,
3193 2711 3341 2782 αύτῷ
3384 2729 3446 2766 τε
3492 2713 3721 2785 ἐγχειρίο

2144 2797 2279 2864 ζειν,
2314 2800 2412 2852 καὶ
2451 2798 2692 2851 τοιοῦτον
2743 2797 2947 2869 ζητεῖν,
2992 2794 3105 2852 οἷον
3144 2798 3211 2853 ἂν
3251 2800 3415 2864 αύτδς
3446 2800 3724 2871 βούληται,

2142 2889 2389 2959 κόσμιον,
2415 2887 2687 2959 σώφρονα.
2715 2889 2884 2942 Ὅταν
2906 2884 3000 2943 οῦν
3038 2889 3167 2953 τοὺς
3192 2890 3406 2959 γάμους
3436 2892 3611 2961 ποιῇς,
3651 2891 3725 2959 μὴ

2143 2976 2434 3051 περιέλθῃς
2461 2977 2661 3042 οἰκίας,
2700 2977 2984 3049 κάτοπτρα
3021 2978 3115 3031 καὶ
3151 2978 3344 3045 ἱμάτια
3382 2977 3637 3049 χριομένη
3670 2976 3725 3016 δ’

2141 3064 2203 3117 ού
2243 3064 2350 3135 γὰρ
2389 3064 2527 3136 πρὸς
2578 3063 2837 3129 ἐπίδειξιν
2876 3065 2938 3118 τὸ
2980 3065 3214 3137 πρᾶγμά
3266 3066 3434 3128 ἐστιν,
3488 3065 3606 3119 ούδέ
3644 3065 3728 3129 είς

2144 3151 2368 3222 πομπὴν
2407 3152 2646 3221 εἰσάγεις
2695 3152 2757 3206 τὸ
2810 3151 3141 3223 θυγάτριον·
3176 3151 3315 3205 ἀλλά
3358 3151 3723 3222 φαιδρύνουσα

2143 3239 2241 3311 τὴν
2263 3239 2443 3293 οίκίαν
2469 3243 2580 3303 τοῖς
2608 3239 2807 3305 ἐνοῦσι,
2833 3239 2988 3292 κάλει
3010 3240 3260 3309 γείτονας
3286 3239 3379 3293 καὶ
3408 3239 3595 3309 φίλους
3625 3240 3722 3292 καὶ

2146 3328 2448 3395 συγγενεῖς.
2497 3326 2697 3390 Ὀσους
2721 3325 2789 3379 ἂν
2807 3321 2951 3389 οἶδας
2972 3327 3254 3391 ἐπιεικεῖς,
3289 3326 3513 3391 τούτους
3541 3327 3719 3393 κάλει,

2145 3419 2240 3470 καὶ
2285 3415 2402 3479 τοῖς
2441 3408 2591 3467 οὖσιν
2635 3413 2998 3485 ἐπαρκεῖσθαι
3039 3414 3318 3486 παραίνει.
3364 3417 3569 3486 Μηδεὶς
3610 3414 3721 3467 τῶν

2147 3502 2255 3557 61:6
2297 3502 2398 3573 τῆς
2454 3502 2764 3572 ὀρχήστρας
2810 3500 3073 3573 παρέστω
3105 3518 3120 3533 ⁸
3181 3503 3300 3556 ἐκεῖ
3346 3503 3455 3575 γάρ
3507 3502 3723 3572 δαπάνη

2146 3589 2378 3664 περιττὴ
2412 3589 2502 3643 καὶ
2534 3589 2814 3661 ἄσχημος·
2845 3587 3075 3643 κάλεσον
3103 3589 3195 3643 τὸν
3222 3592 3457 3661 Χριστὸν
3489 3590 3593 3662 πρὸ
3618 3589 3730 3643 τῶν

2147 3682 2323 3736 ἄλλων
2374 3679 2653 3734 ἁπάντων.
2707 3675 2869 3742 Οἶδας
2913 3677 3003 3732 διά
3044 3680 3188 3742 τίνος
3233 3680 3395 3733 αὑτὸν
3440 3679 3726 3746 καλέσεις;

2152 3772 2250 3833 Ὃς
2280 3770 2346 3823 ἂν
2371 3770 2597 3840 ποιήσῃ,
2663 3766 2849 3837 φησὶν,
2886 3767 2968 3819 ἐνὶ
3023 3766 3228 3819 τούτων
3270 3766 3378 3819 τῶν
3404 3766 3726 3835 ἐλαχίστων,

2147 3858 2272 3925 ἐμοὶ
2297 3857 2541 3928 ἐποίησε.
2611 3855 2703 3924 Μὴ
2753 3853 2983 3925 νομίσῃς
3030 3852 3090 3905 τὸ
3136 3854 3366 3922 πρᾶγμα
3392 3851 3729 3924 δυσάρεστον

2146 3941 2307 4007 εἶναι,
2330 3943 2391 3997 τὺ
2414 3944 2651 4013 πένητας
2673 3942 2858 3996 καλεῖν
2879 3941 2963 3994 διὰ
2984 3939 3072 3992 τὸν
3094 3938 3324 4009 Χριστόν
3352 3953 3367 3969 ⁸
3391 3937 3737 4009 δυσάρεστον

2145 4031 2206 4085 τὸ
2248 4031 2454 4101 πόρνας
2501 4030 2708 4085 καλεῖν.
2754 4030 2828 4083 T6
2881 4028 2989 4100 γὰρ
3023 4025 3257 4097 πένητας
3306 4024 3514 4090 καλεῖν,
3563 4025 3728 4081 τοῦτο

2145 4118 2370 4191 ἀφορμὴ
2413 4118 2669 4183 πλούτου,
2718 4119 2893 4173 ἐκεῖνο
2930 4117 2986 4170 δέ
3022 4115 3355 4188 ἀνατροπῆς.
3385 4115 3601 4185 Κόσμει
3625 4115 3725 4187 τὴν

2145 4207 2363 4280 νύμφην
2388 4207 2462 4280 μὴ
2493 4206 2702 4271 τούτοις
2718 4209 2831 4270 τοῖς
2852 4206 3097 4277 κοσμίοις
3122 4206 3235 4269 τοῖς
3258 4203 3366 4257 61:6
3384 4203 3477 4258 τοῦ
3500 4203 3721 4275 χρυσοῦ,

2145 4296 2259 4351 ἀλλ⁹
2279 4296 2550 4368 ἐπιεικείᾳ
2579 4295 2673 4350 καὶ
2705 4296 2844 4349 αἰδοῖ
2868 4294 2963 4350 καὶ
2991 4295 3101 4357 τοῖς
3133 4292 3421 4363 συνήθεσιν
3468 4291 3719 4363 ἱματίοις,

2144 4383 2265 4439 ἀντὶ
2292 4385 2493 4447 παντὸς
2541 4383 2747 4453 κόσμου
2793 4379 2997 4454 χρυσοῦ
3028 4382 3123 4435 καὶ
3171 4380 3612 4452 ἐμπλεγμάτων,
3658 4379 3724 4432 τὸ

2145 4473 2427 4547 ἐρυθριᾷν,
2443 4472 2505 4524 τὸ
2520 4469 2871 4540 αἰσχύνεσθαι
2890 4468 3176 4541 περιθεῖσα
3197 4509 3211 4534 ,
3236 4469 3330 4523 καὶ
3354 4468 3414 4521 τὸ
3442 4468 3518 4539 μὴ
3540 4465 3722 4539 ζητεῖν

2145 4565 2350 4617 ἐκεῖνα.
2381 4561 2588 4630 Μηδεὶς
2616 4559 2756 4613 ἔστω
2786 4557 3031 4629 θόρυϐος,
3066 4556 3308 4628 μηδεμία
3337 4557 3552 4629 ταραχή
3577 4572 3593 4587 ⁸
3627 4573 3721 4609 κα-

2144 4650 2342 4703 λείσθω
2366 4651 2394 4703 ό
2426 4647 2679 4719 νυμφίος,
2722 4645 2961 4716 δεχέσθω
2986 4645 3086 4715 τὴν
3108 4642 3399 4714 παρθένον.
3422 4642 3506 4697 Τὰ
3527 4643 3719 4715 ἄριστα

2144 4736 2238 4792 καὶ
2287 4735 2358 4789 τά
2407 4735 2595 4790 δεῖπνα
2643 4734 2719 4806 μὴ
2748 4733 2920 4806 μέθης
2966 4732 3106 4786 ἔστω
3138 4732 3344 4804 πλήρη,
3380 4729 3516 4786 ἀλλὰ
3559 4748 3721 4785 πνευ-

2149 4824 2385 4895 ματικῆς
2412 4823 2625 4894 ἡδονῆς.
2665 4821 2855 4894 Μυρία
2878 4820 2986 4890 γὰρ
3016 4820 3081 4873 ἐκ
3118 4817 3214 4872 τοῦ
3244 4817 3489 4872 τοιούτου
3540 4819 3722 4889 γάμου

2145 4913 2297 4969 ἔσται
2326 4912 2393 4967 τὰ
2423 4912 2583 4976 καλὰ,
2617 4914 2711 4966 καὶ
2754 4910 2822 4964 τὰ
2860 4909 2955 4962 τοῦ
2991 4908 3107 4979 βίου
3139 4911 3196 4960 ἐν
3231 4907 3535 4977 ἀσφαλείᾳ·
3571 4907 3636 4959 ἐκ
3662 4905 3722 4959 δὲ

2142 5000 2253 5054 τῶν
2283 5000 2379 5053 νῦν
2417 5000 2718 5070 γινομένων
2764 4999 2959 5068 γάμων
3008 4996 3083 5067 (ετ
3109 5012 3173 5064 γε
3202 4995 3434 5066 γάμους,
3467 4992 3601 5047 ἀλλὰ
3646 4994 3722 5064 μὴ

2145 5086 2370 5158 πομπάς
2394 5087 2534 5140 αύτά
2563 5086 2644 5138 δεῖ
2676 5086 2903 5153 καλεῖν),
2940 5082 3090 5156 [425]
3120 5084 3223 5153 ὅρα
3253 5093 3277 5121 ο
3311 5083 3412 5137 ὅσα
3456 5081 3525 5135 τά
3554 5082 3720 5135 κακά.

2144 5174 2476 5244 Διελύθησαν
2532 5174 2588 5226 αἱ
2630 5174 2923 5237 παστάδες,
2973 5172 3070 5225 καὶ
3128 5170 3331 5232 εὐθέως
3367 5169 3609 5241 μέριμνα
3633 5169 3726 5221 καὶ

2145 5262 2329 5333 φόϐος,
2363 5263 2437 5333 μή
2468 5279 2520 5314 τι
2555 5261 2848 5333 παραπέσῃ
2883 5260 2992 5313 τῶν
3026 5259 3401 5330 κεχρημένων,
3437 5256 3533 5310 καὶ
3561 5257 3726 5309 διαδέ-
3840 5276 3849 5279 ·

2143 5368 2298 5423 χεται
2332 5349 2429 5420 τὴν
2459 5349 2651 5420 ἡδονὴν
2680 5347 2887 5417 ἀθυμία
2928 5347 3227 5417 ἀφόρητος.
3290 5342 3431 5396 Ἀλλ’
3452 5343 3593 5412 αῦτη
3629 5343 3724 5413 μὲν

2142 5441 2242 5511 τῆς
2274 5436 2598 5508 κηδεστρίας
2626 5434 2881 5507 ὴάγωνία
2901 5449 2914 5464 ⁸
2940 5433 3139 5504 μᾶλλον
3167 5431 3223 5485 δέ
3243 5430 3367 5485 ούδέ
3388 5431 3528 5503 αὐτὴ
3552 5429 3733 5502 ἀπήλ.

2204 5638 2233 5717 ‘3
2252 5639 2682 5717 596?,1968013‘1"!
2708 5638 3232 5717 900599981991?!“-
3273 5701 3325 5717 .,

2149 5762 2186 5815 Ε
2209 5700 2438 5809 ῑτνοεεηι
2468 5692 2580 5766 δρα,
2621 5716 2767 5765 quam
2821 5692 3050 5764 ignoraiil
3088 5692 3225 5764 éddf,
3267 5698 3406 5752 dedit
3448 5710 3578 5751 unus
3616 5692 3725 5745 cod.

2188 5778 2217 5813 ο
2267 5795 2281 5811 .
