4064 6210
374 323 479 380 589

374 454 543 509 tenet,
578 441 821 496 fmtorem
865 434 1112 491 sustinet.
1160 431 1294 487 Volo
1338 428 1624 485 ostendere
1676 424 1819 497 quod
1846 437 1955 478 non

375 543 594 606 propter
636 531 751 585 hate
780 533 1026 599 oporteat
1052 524 1254 595 pudore
1299 520 1565 585 sulfundi,
1599 516 1694 575 sed
1741 524 1959 586 propter

373 641 438 683 ea
475 639 596 694 quae
639 620 771 675 facis
801 637 815 672 :
850 629 906 673 tu
938 631 1089 682 vero,
1114 616 1261 670 illum
1292 614 1513 668 mittens
1541 609 1823 681 pudorem,
1850 606 1953 660 hoc

381 710 719 770 suffundvris.
764 710 929 763 Deum
961 721 1088 778 ergo
1115 705 1445 761 condemnas
1470 701 1559 771 qui
1586 702 1663 755 sic
1692 698 1951 754 decrevit.

378 806 559 859 Dicam
587 800 857 870 quomodo
879 808 959 852 est
983 805 1374 852 sacramentum
1404 792 1693 848 Ecclesiae?
1713 788 1956 845 Christus

380 896 529 950 venit
556 894 627 948 ad
662 892 976 956 Ecclesium,
1026 891 1113 945 illa
1144 904 1209 943 ex
1238 887 1354 957 ipso
1381 896 1464 941 est
1488 894 1627 948 orta,
1651 893 1707 939 et
1744 899 1863 938 cum
1892 897 1954 937 ea

377 1001 702 1057 congressus
742 994 826 1040 est
864 996 1157 1053 congressu
1201 979 1488 1049 spirituali.
1529 976 1790 1047 Despondi
1822 976 1955 1030 enim

378 1094 486 1141 vos,
515 1077 703 1144 inquit,
752 1075 840 1127 uni
864 1074 971 1127 viro
998 1072 1240 1140 virginem
1268 1079 1462 1124 castam
1509 1068 1584 1139 (2.
1610 1068 1726 1121 Cor.
1762 1067 1846 1121 Η.
1871 1065 1951 1137 2).

378 1167 532 1236 Quod
554 1176 729 1220 autem
757 1179 821 1218 ex
852 1165 968 1233 ipso
994 1164 1183 1226 simus,
1215 1170 1269 1217 et
1290 1177 1353 1216 ex
1389 1160 1639 1214 membris
1667 1159 1783 1229 ejus
1809 1166 1863 1212 et
1890 1173 1954 1213 ex

379 1272 542 1314 carne
596 1255 733 1325 ejus,
765 1254 886 1308 andi
938 1252 1205 1323 quomodo
1250 1252 1409 1305 dicat.
1456 1250 1579 1305 Ωιι-ε
1622 1260 1798 1304 autem
1838 1264 1957 1302 om-

378 1350 464 1403 nia
488 1355 666 1402 mente
693 1355 989 1407 versantes,
1039 1358 1107 1397 ne
1138 1351 1341 1396 tantum
1378 1341 1687 1412 mysterium
1748 1339 1953 1409 pudore

377 1441 691 1495 afﬁciamus.
741 1436 939 1493 Christi
991 1436 1289 1505 praesentia:
1338 1444 1492 1503 typus
1542 1440 1626 1486 est
1676 1432 1957 1486 matrimo-

378 1534 547 1597 nium,
580 1540 635 1585 tn
662 1544 791 1585 vero
819 1528 1142 1583 inebriaris?
1175 1527 1267 1581 Dic
1307 1526 1435 1579 mihi
1456 1566 1473 1591 ,
1504 1524 1548 1579 si
1581 1525 1722 1594 regis
1744 1522 1953 1578 videres

380 1623 663 1692 imaginem
682 1660 696 1683 ,
746 1635 872 1674 num
900 1633 1017 1674 eam
1051 1618 1248 1688 probro
1273 1615 1558 1671 afﬁceres?
1586 1615 1950 1684 Nequaquam.

380 1713 639 1768 Videntur
680 1711 895 1781 quidem
940 1725 1028 1765 res
1085 1724 1203 1765 esse
1248 1708 1612 1763 indilTereutes
1654 1723 1774 1778 quae
1823 1707 1956 1762 ﬁunt

376 1804 518 1859 circa
566 1801 996 1865 matrimonium;
1042 1809 1165 1855 sunt
1210 1809 1388 1854 autem
1431 1813 1747 1869 magnorum
1772 1813 1952 1854 causa:

378 1893 661 1947 malorum.
696 1892 885 1947 Omnia
919 1899 1046 1946 sunt
1074 1891 1227 1961 plena
1260 1890 1563 1960 iniquitate.
1594 1888 1877 1959 Turpitudo
1905 1900 1954 1942 et
1998 1908 2007 1917 ο

378 1982 764 2051 stultiloquium,
794 1989 839 2035 et
860 1982 1077 2035 scurrile
1102 1981 1334 2046 verbum,
1371 1981 1562 2050 inquit,
1586 1996 1649 2033 ea:
1674 1997 1760 2034 ore
1785 1990 1952 2034 vestro

380 2087 481 2124 non
506 2080 648 2125 exeat
698 2070 915 2141 (Ephes.
944 2071 999 2128 5.
1030 2072 1106 2136 4).
1139 2071 1328 2127 Omnia
1357 2080 1535 2127 autem
1569 2071 1658 2127 illa
1688 2080 1813 2126 sunt
1842 2080 1953 2125 tur-

377 2162 559 2232 pitudo
600 2171 654 2218 et
673 2165 1066 2234 stultiloquium
1111 2173 1165 2220 et
1208 2166 1541 2231 scurrilitas,
1591 2180 1697 2219 non
1740 2164 1949 2227 leviter,

374 2254 467 2309 sed
493 2270 649 2324 supra
677 2255 916 2311 modum.
944 2256 1045 2310 Ars
1082 2258 1223 2311 enim
1253 2265 1336 2311 est
1364 2256 1485 2321 hoc,
1516 2265 1570 2311 et
1601 2271 1844 2326 magnam
1873 2255 1953 2309 af-

377 2347 475 2401 fert
519 2347 729 2402 laudem
777 2349 841 2401 iis
885 2347 975 2417 qui
1001 2363 1118 2402 eam
1163 2357 1420 2405 exercent
1461 2366 1475 2402 :
1518 2364 1605 2403 ars
1648 2347 1785 2402 facta
1827 2356 1953 2403 sunt

375 2448 608 2506 peccata.
638 2438 755 2493 Non
792 2440 981 2495 leviter
1005 2456 1066 2495 ea
1105 2450 1417 2510 tractamus,
1447 2442 1541 2498 sed
1574 2442 1814 2497 adhibito
1840 2451 1950 2495 stu-

373 2531 463 2583 dio
506 2539 560 2585 et
600 2532 822 2586 scientia
841 2575 855 2595 ,
889 2542 943 2587 et
972 2533 1038 2589 de
1064 2544 1262 2589 caetero
1291 2535 1537 2591 diabolus
1566 2544 1646 2591 est
1677 2536 1949 2605 copiarum

372 2636 588 2674 suarum
616 2622 723 2676 dux
764 2632 817 2676 ει
837 2623 1147 2693 imperator.
1177 2626 1277 2682 Ubi
1301 2636 1383 2681 est
1416 2627 1558 2682 enim
1598 2628 1850 2695 ebrietas,
1871 2638 1953 2683 est

372 2721 427 2764 ct
457 2712 667 2766 lascivia
695 2730 709 2778 ;
749 2713 837 2767 ubi
866 2730 1044 2768 sermo
1066 2715 1375 2782 obscoenos,
1405 2719 1556 2772 adest
1584 2719 1829 2775 diabolus
1856 2734 1949 2774 sua

372 2803 618 2857 ell'crcus.
640 2804 778 2877 .Cutn
809 2805 892 2860 his
917 2808 1225 2875 coavivans,
1258 2809 1576 2878 dic,qu:eso,
1606 2809 1801 2866 Cltristi
1830 2827 1948 2882 my-

371 2895 590 2950 sterium
624 2899 832 2967 peragis
852 2938 867 2961 ,
898 2906 953 2953 et
980 2899 1249 2955 diabolum
1278 2901 1533 2956 invocas?
1564 2903 1647 2958 Me
1679 2902 1816 2959 forte
1837 2906 1951 2960 exi-

371 2986 601 3042 stimatis
625 3003 840 3058 gravem
866 2999 920 3045 et
944 2990 1321 3060 importunum.
1347 2991 1479 3046 Nam
1511 2992 1613 3049 hoc
1636 3009 1847 3065 quoquc
1868 3004 1952 3050 est

371 3076 552 3132 multa!
596 3080 977 3148 pervcrsitatis,
1025 3081 1164 3149 quod
1205 3082 1293 3151 qui
1327 3084 1564 3152 increpat
1595 3084 1823 3138 ludibrio
1851 3086 1950 3140 ha-

372 3166 560 3223 beatur
587 3178 853 3239 tamquam
883 3181 1146 3226 austeros.
1170 3172 1284 3226 Non
1310 3173 1502 3228 auditis
1524 3174 1741 3228 Paulum
1770 3175 1953 3230 dit-cn-

374 3270 503 3325 tem,
534 3261 798 3333 Quidquid
829 3264 1066 3330 faciatis,
1096 3264 1215 3319 Sive
1253 3266 1523 3335 comedatis
1542 3308 1556 3331 ,
1589 3267 1692 3321 sive
1734 3268 1946 3336 bibatis,

370 3353 476 3406 sive
532 3355 730 3424 aliquid
772 3357 996 3427 faciatis,
1052 3357 1222 3410 omnia
1264 3357 1332 3411 ad
1382 3360 1599 3429 gloriam
1646 3358 1744 3416 Dei
1795 3364 1949 3432 facite

372 3445 466 3512 (1.
501 3444 615 3499 Cor.
645 3445 732 3501 10.
758 3445 901 3518 5i)?
944 3446 1051 3502 Vos
1094 3458 1271 3502 autem
1314 3448 1381 3503 ad
1422 3449 1846 3507 maledicentiam
1899 3464 1951 3509 et

373 3535 739 3605 ignominiam.
770 3536 887 3590 Non
917 3537 1112 3593 auditis
1138 3538 1450 3610 prophetam
1481 3541 1778 3606 dicentem,
1826 3543 1950 3598 Ser-

372 3626 474 3678 vite
498 3625 721 3679 Domino
751 3627 803 3680 in
831 3628 1025 3691 timore,
1050 3639 1094 3681 et
1119 3630 1367 3685 exsultate
1393 3632 1437 3684 ei
1456 3632 1509 3685 in
1537 3642 1749 3686 tremore
1778 3631 1947 3706 (Psal.

369 3714 427 3768 2.
456 3715 583 3786 ΗΠ
609 3715 715 3771 Vos
742 3726 917 3771 autem
946 3718 1297 3773 ditIundimini
1320 3730 1372 3774 et
1398 3721 1524 3775 luxu
1554 3720 1811 3777 difﬂuitis.
1841 3724 1953 3777 An-

375 3819 483 3858 non
509 3821 638 3861 vero
663 3807 789 3862 licet
812 3809 970 3862 etiam
1004 3817 1117 3863 tuto
1146 3810 1317 3865 lauari
1337 3811 1360 3864 ?
1382 3812 1469 3866 Vis
1494 3812 1678 3869 audire
1701 3813 1950 3883 pulchros

373 3894 560 3949 modos
581 3895 607 3948 ἲ
645 3895 803 3951 Certe
828 3913 896 3951 nc
921 3909 1191 3967 Oporteret
1222 3900 1473 3971 quidem;
1503 3901 1596 3956 sed
1626 3918 1711 3957 me
1739 3903 1830 3958 tibi
1861 3921 1951 3961 ac-

373 3989 690 4055 commodo,
717 3991 762 4044 si
796 3990 877 4044 vis
916 4009 929 4044 :
960 4006 1065 4046 non
1088 3992 1270 4047 audias
1301 3994 1569 4049 satanicos
1599 3995 1810 4062 modos,
1855 3999 1946 4052 sed

376 4078 703 4145 spirituales.
735 4079 826 4132 Vis
853 4080 1033 4136 videre
1058 4082 1355 4138 saltantes?
1385 4084 1507 4140 vide
1534 4085 1759 4141 chorum
1785 4104 1948 4158 ange-

376 4170 569 4223 lorum.
616 4171 683 4224 Et
729 4172 998 4241 quomodo
1027 4174 1142 4228 ﬁeri
1173 4182 1350 4244 potest
1377 4183 1434 4229 ut
1461 4176 1711 4232 videam?
1756 4179 1809 4234 Si
1838 4179 1952 4235 have

378 4261 641 4330 abegeris,
672 4263 854 4318 veniet
896 4265 1139 4320 Christus
1160 4280 1372 4336 quoque
1399 4266 1464 4321 ad
1492 4268 1588 4322 has
1618 4270 1828 4339 nuptias
1861 4289 1875 4324 :
1906 4273 1949 4326 si

374 4354 512 4408 adsit
545 4364 720 4410 autem
745 4355 1007 4422 Christus,
1040 4357 1191 4411 adest
1215 4358 1371 4412 etiam
1398 4359 1597 4413 chorus
1618 4361 1947 4430 angelorum.

374 4444 432 4500 Si
466 4446 622 4512 velis,
653 4461 795 4501 nunc
830 4462 1038 4518 quoque
1076 4447 1234 4503 faciet
1257 4449 1514 4505 miracula
1539 4453 1677 4506 sicut
1697 4461 1751 4508 et
1776 4461 1901 4508 tunc
1932 4469 1948 4508 :

372 4538 533 4591 faciet
560 4553 701 4592 nunc
727 4553 936 4607 quoque
959 4554 1151 4609 aquam
1183 4541 1362 4597 vinum
1382 4582 1400 4609 ,
1430 4552 1485 4598 et
1510 4544 1678 4598 multo
1714 4544 1950 4601 admira-

370 4627 950 4683 biliora:dissolutam
992 4640 1270 4687 convertet
1318 4633 1554 4687 laetitiam
1600 4643 1654 4689 et
1704 4633 1951 4704 frigidam

370 4719 717 4787 cupiditatem
738 4760 753 4786 ,
782 4730 837 4775 et
864 4721 1150 4777 transferet
1174 4723 1240 4776 ad
1267 4723 1621 4793 spiritualem.
1649 4724 1762 4781 Hoc
1786 4734 1954 4782 estex

368 4823 512 4878 aqua
556 4809 733 4863 vinum
763 4809 957 4865 facere.
1004 4810 1103 4867 Ubi
1145 4822 1268 4866 sunt
1320 4813 1585 4879 tibicines,
1611 4830 1946 4885 nequaquam

369 4909 459 4954 εει
478 4901 758 4965 Christus;
799 4903 894 4957 sed
922 4911 975 4959 et
1007 4904 1049 4958 si
1078 4903 1234 4959 fuerit
1263 4905 1563 4975 ingressus,
1593 4922 1685 4961 eos
1722 4909 1949 4976 primum

368 4991 550 5059 cjicit,
593 5002 645 5047 et
684 5000 812 5047 tunc
844 4992 969 5048 facit
994 4994 1268 5049 miracula.
1314 4995 1448 5063 Quid
1487 4998 1720 5052 satanica
1760 5013 1951 5068 pompa

368 5089 460 5133 est
506 5082 864 5149 injucundius,
888 5082 974 5137 ubi
1001 5093 1123 5138 sunt
1151 5086 1327 5138 omnia
1368 5087 1606 5141 articulis
1629 5102 1731 5141 non
1758 5088 1954 5142 distin-

366 5181 484 5233 cta,
511 5172 600 5225 ubi
626 5173 804 5226 omnia
835 5188 937 5226 non
965 5174 1165 5244 signata
1189 5217 1204 5240 ,
1252 5191 1350 5231 nec
1390 5178 1612 5230 notata?
1656 5179 1699 5232 si
1726 5179 1852 5248 quid
1880 5180 1948 5232 sit

370 5271 557 5316 autem
589 5266 749 5319 etiam
780 5265 1018 5321 articulis
1047 5267 1376 5334 distinctum,
1412 5284 1598 5324 rursus
1632 5270 1807 5325 omnia
1840 5282 1948 5325 tur-

368 5352 487 5422 pia,
522 5354 697 5407 omnia
729 5354 1035 5424 injucunda.

451 5443 504 5496 7.
548 5444 725 5507 Qualis
774 5462 989 5513 sponsus
1035 5450 1331 5515 quwrendus
1372 5450 1573 5520 virgini.
1603 5451 1829 5506 -Nihil
1871 5461 1953 5506 est

364 5532 575 5588 virtute
607 5534 921 5604 jucundius,
972 5536 1101 5590 nihil
1149 5539 1513 5595 moderatione
1541 5542 1778 5606 suavius,
1823 5542 1952 5597 nihil

368 5625 656 5678 honestate
682 5624 1106 5682 desiderabilius.
1133 5627 1587 5700 Faciatqnispiam
1609 5634 1819 5702 nuptias
1835 5649 1958 5702 qua-

368 5716 458 5769 !cs
504 5729 604 5785 ego
646 5715 788 5773 dico.
832 5724 887 5769 et
933 5717 1132 5772 videbit
1172 5721 1494 5787 voluptatem
1530 5741 1542 5777 :
1573 5725 1756 5793 quales
1782 5734 1956 5779 autem

689 5800 959 5859 Parnm“
1003 5800 1097 5861 Gn
1175 5800 1336 5860 LXII

1238 314 1305 370 IN
1346 313 1557 369 EPIST.
1602 310 1693 366 AD
1730 304 2008 364 COLOSS.
2042 304 2194 361 CAP.
2241 303 2328 358 IV.
2368 303 2597 361 HOMIL.
2644 302 2751 360 Xll.

3532 322 3637 378 390

2063 417 2307 487 nuptias,
2357 418 2636 475 attendite.
2688 419 2922 475 Primum
2968 424 3182 495 quidem
3232 428 3402 483 virum
3458 447 3637 502 quave

2061 508 2284 577 virgini,
2317 508 2405 578 qui
2453 524 2578 564 vere
2626 510 2696 564 sit
2738 512 2819 565 vir
2860 522 3105 583 tutorque
3142 516 3258 586 ejus
3283 529 3337 573 ει
3361 519 3633 585 defensor.

2062 607 2327 669 tamquam
2374 601 2582 669 corpori
2624 613 2782 669 caput
2832 604 3216 674 impositurus,
3265 618 3323 663 ut
3375 613 3465 682 qui
3527 629 3634 670 non

2061 692 2380 763 mancipium
2402 733 2418 759 ,
2448 693 2541 748 sed
2572 692 2735 747 ﬁliam
2767 695 2815 749 ei
2841 696 2914 750 sis
2944 698 3250 755 traditurus.
3300 701 3378 758 Ne
3426 720 3638 775 qumras

2059 784 2356 853 pecuniam,
2388 799 2494 839 non
2531 786 2743 853 generis
2773 787 3135 857 splendorem,
3181 808 3285 846 non
3314 797 3495 863 patria:
3522 814 3636 852 ma-

2058 875 2424 945 gnitudinem;
2471 885 2597 930 sunt
2655 877 2768 931 btec
2829 881 3003 934 omnia
3057 896 3486 952 supcrv.canea;
3542 889 3636 944 sed

2058 967 2219 1020 animi
2249 968 2520 1037 pietatem,
2552 969 3033 1030 mansuetudinem.
3064 988 3240 1026 veram
3275 976 3633 1043 prudentiam.

2060 1055 2152 1109 Dei
2199 1056 2466 1122 timorem,
2511 1057 2555 1111 si
2597 1059 2677 1111 vis
2716 1058 2875 1111 tiliam
2906 1061 3085 1114 vivere
3124 1076 3243 1115 cum
3275 1061 3542 1133 voluptate
3584 1079 3638 1121 et

2059 1149 2262 1204 lmlitia.
2288 1150 2544 1217 Qumrens
2566 1151 2706 1205 enim
2735 1151 3007 1217 ditiorem,
3038 1169 3141 1207 non
3171 1155 3347 1210 solum
3380 1171 3498 1211 eam
3530 1173 3634 1213 non

2053 1241 2295 1310 juvabis,
2329 1241 2421 1296 sed
2448 1243 2607 1296 etiam
2640 1242 2839 1308 laedes;
2871 1260 3079 1299 servam
3113 1245 3279 1302 facies
3320 1264 3416 1317 pro
3448 1250 3631 1303 lihera.

2055 1334 2172 1389 Non
2204 1342 2343 1388 tanta
2374 1336 2513 1388 enim
2552 1350 2616 1389 ex
2657 1336 2832 1390 aureis
2872 1334 3076 1408 fruetur
3119 1338 3405 1407 voluptate,
3439 1352 3635 1408 quanta

2058 1428 2299 1482 molestia
2328 1444 2393 1483 ex
2421 1429 2695 1483 servitute.
2724 1429 2827 1484 Sed
2856 1430 2970 1484 lnrc
2998 1445 3064 1485 ne
3093 1445 3325 1499 quaeras,
3360 1432 3453 1487 sed
3483 1433 3635 1488 illum

2056 1518 2146 1586 qui
2174 1517 2240 1572 sit
2283 1519 2425 1586 paris
2453 1518 2775 1573 conditionis
2806 1538 2819 1574 :
2853 1520 2894 1573 si
2927 1519 3038 1574 fieri
3070 1532 3248 1576 autem
3291 1538 3395 1576 non
3429 1525 3632 1593 possit,

2058 1610 2426 1680 pauperiorem
2477 1612 2644 1681 magis
2687 1627 2847 1681 quam
2888 1613 3131 1668 ditiorem
3156 1657 3169 1679 ,
3199 1616 3242 1669 si
3278 1633 3383 1671 non
3413 1617 3635 1673 domino

2061 1701 2295 1755 vendere
2315 1742 2329 1765 ,
2359 1701 2451 1755 sed
2480 1702 2671 1755 marito
2703 1702 2782 1755 vis
2811 1703 3021 1757 tradere
3053 1703 3237 1767 filiam.
3285 1706 3508 1774 Quando
3536 1712 3635 1765 viri

2057 1791 2306 1845 virtutem
2338 1800 2525 1845 exacte
2552 1791 2966 1868 cxaminaveris,
3003 1803 3057 1848 et
3084 1810 3200 1848 eam
3230 1812 3288 1849 es
3319 1796 3633 1865 traditurus,

2056 1897 2181 1953 roga
2226 1881 2495 1937 Christum
2543 1884 2808 1946 ut‘adsit;
2862 1901 2967 1939 non
3013 1887 3157 1941 enim
3209 1887 3355 1942 illum
3386 1889 3633 1958 pudebit;

2056 1974 2365 2044 mysterium
2395 1974 2590 2044 quippe
2619 1985 2702 2029 est
2745 1991 2855 2030 suae
2903 1979 3222 2046 prmscntiae.
3278 1980 3455 2049 Atque
3506 1990 3636 2037 tunc

2055 2081 2180 2136 roga
2227 2077 2284 2121 ut
2326 2067 2486 2121 talem
2534 2068 2624 2123 det
2667 2083 2946 2139 sponsum.
2992 2070 3070 2127 Ne
3110 2072 3185 2127 sis
3222 2086 3380 2128 servo
3407 2075 3635 2133 Abraha:

2054 2156 2311 2224 deterior,
2357 2159 2446 2229 qui
2500 2159 2567 2214 ad
2619 2169 2816 2215 tantam
2870 2162 3065 2218 missus
3109 2166 3633 2235 peregrinationem.

2057 2249 2206 2303 novit
2250 2265 2359 2320 quo
2403 2259 2547 2306 esset
2586 2251 3024 2323 confugiendum,
3074 2262 3130 2309 ει
3178 2254 3299 2309 ideo
3336 2257 3512 2311 omnia
3552 2267 3636 2312 est

2052 2352 2433 2411 consequutus.
2464 2341 2690 2409 Quando
2720 2354 2772 2398 tu
2801 2358 2864 2398 es
2888 2345 3170 2412 sollicitus,
3200 2355 3253 2401 et
3286 2347 3467 2401 virum
3495 2363 3637 2419 quaa-

2054 2432 2148 2495 ris,
2182 2447 2434 2501 precare.
2463 2434 2551 2488 dic
2595 2435 2733 2500 Deo,
2763 2435 2932 2502 Quem
2963 2444 3016 2489 tn
3048 2436 3180 2490 velis
3210 2438 3475 2506 provide;
3520 2454 3632 2495 rem

2056 2529 2217 2575 totam
2248 2523 2296 2577 ei
2326 2524 2474 2578 trade
2502 2534 2556 2578 et
2584 2526 2857 2580 committe
2890 2544 2902 2578 :
2940 2525 3042 2581 hoc
3067 2537 3247 2582 autem
3279 2544 3311 2583 a
3339 2539 3389 2584 te
3415 2540 3636 2585 ornatus

2056 2612 2281 2679 honore,
2306 2620 2360 2667 te
2389 2615 2839 2669 remunerahitur.
2869 2616 2981 2669 Duo
3015 2625 3162 2671 certe
3194 2627 3415 2686 oportet
3435 2619 3631 2685 facere,

2053 2725 2246 2779 nempe
2270 2725 2382 2765 rem
2417 2709 2488 2765 illi
2514 2712 2872 2778 committere,
2892 2721 2947 2768 et
2970 2714 3126 2769 talem
3151 2732 3391 2786 quterere
3420 2721 3631 2788 qualem

2051 2801 2164 2871 ipse
2210 2802 2342 2868 vult,
2372 2817 2562 2873 nempe
2611 2804 2831 2873 probum
2878 2814 2931 2860 et
2961 2804 3263 2861 honestum.
3310 2808 3535 2874 Quando
3573 2825 3632 2864 ες

2051 2894 2292 2952 facturus
2318 2897 2528 2966 nuptias
2548 2937 2563 2963 ,
2595 2914 2659 2952 ne
2690 2897 2877 2953 domos
2903 2898 3103 2965 obeas,
3133 2901 3347 2970 specula
3376 2910 3430 2956 et
3458 2912 3632 2959 vestes

2050 2989 2389 3044 commodata
2416 2991 2684 3059 accipiens
2718 3007 2731 3044 :
2764 3005 2851 3044 res
2875 2991 3014 3046 enim
3044 3007 3148 3047 non
3192 2991 3248 3046 fit
3290 2993 3355 3047 ad
3396 3003 3633 3049 ostenti-

2053 3082 2273 3149 tionem,
2307 3098 2480 3153 neque
2531 3083 2690 3136 filiam
2720 3082 2942 3139 adducis
2988 3084 3053 3139 ad
3100 3100 3382 3155 pompam;
3428 3086 3521 3140 sed
3568 3087 3633 3141 iis

2052 3188 2170 3243 qua:
2199 3173 2251 3227 in
2281 3187 2341 3228 ea
2368 3182 2491 3227 sunt
2518 3174 2733 3226 domum
2765 3173 3069 3229 cxhilarans
3094 3216 3109 3239 ,
3154 3190 3285 3229 voca
3334 3178 3537 3233 vicinos
3578 3188 3633 3233 et

2052 3263 2253 3317 amicos
2277 3272 2330 3316 et
2355 3271 2609 3333 cognatos
2634 3279 2650 3329 ;
2682 3277 2817 3333 quos
2846 3264 2983 3317 nosti
3005 3264 3217 3334 quidem
3240 3266 3411 3322 bonos
3430 3277 3484 3324 et
3510 3284 3631 3339 pro.

2053 3354 2181 3419 bos,
2227 3370 2322 3409 eos
2361 3370 2527 3420 voca,
2568 3364 2621 3408 et
2666 3366 2722 3408 ut
2763 3356 2827 3410 iis
2867 3371 2986 3426 quae
3030 3357 3224 3414 adsunt
3250 3362 3484 3416 contenti
3524 3361 3633 3418 sint

2051 3447 2298 3502 admone.
2350 3447 2428 3500 Ex
2472 3447 2536 3501 iis
2565 3447 2655 3516 qui
2694 3456 2817 3501 sunt
2843 3462 2907 3502 ex
2942 3447 3217 3506 orchestra
3244 3452 3383 3508 adsit
3412 3457 3627 3524 nullus;

2053 3536 2159 3592 illic
2202 3536 2343 3592 enim
2382 3545 2464 3592 εει
2507 3547 2751 3608 sumptus
2790 3554 3215 3609 supervacancus
3244 3553 3297 3598 et
3322 3545 3626 3604 indecorus.

2052 3630 2189 3684 Ante
2211 3630 2344 3683 alios
2364 3645 2551 3684 omnes
2572 3645 2701 3692 voca
2728 3629 2998 3685 Christum
3028 3650 3040 3686 :
3072 3634 3176 3689 scis
3205 3650 3301 3705 per
3324 3652 3479 3707 quem
3505 3654 3629 3695 eum

2051 3719 2286 3773 vocabis.
2321 3718 2418 3786 Qui
2453 3718 2663 3787 fecerit,
2691 3720 2881 3791 inquit,
2927 3720 3018 3776 uni
3076 3738 3139 3778 ex
3189 3725 3446 3789 minimis.
3498 3729 3630 3785 mihi

2052 3812 2176 3867 fecit
2210 3811 2418 3883 (Matth.
2442 3811 2531 3866 ‘25.
2564 3812 2677 3883 45).
2708 3812 2786 3867 Νε
2821 3822 2977 3883 putes
3021 3830 3131 3869 rem
3162 3830 3281 3872 esse
3316 3833 3531 3888 gravem
3574 3831 3631 3876 et

2052 3905 2356 3967 molestam,
2400 3918 2665 3972 pauperes
2712 3919 2908 3959 vocare
2951 3914 3169 3974 propter
3192 3906 3463 3964 Christum
3496 3928 3509 3964 :
3543 3926 3632 3967 res

2053 4007 2136 4052 εει
2173 3997 2348 4066 gravis
2398 4004 2452 4051 et
2488 3997 2713 4052 molesta
2759 4011 2950 4052 vocare
2992 3999 3319 4056 meretrices.
3364 4000 3631 4073 Patzperes

2052 4088 2195 4143 enim
2227 4102 2442 4149 vocare.
2469 4103 2530 4143 ea
2560 4102 2646 4142 res
2674 4095 2756 4142 est
2784 4089 2997 4142 occasio
3022 4088 3347 4157 divitiarum,
3384 4093 3512 4148 illud
3538 4108 3632 4147 au-

2054 4188 2158 4234 tem
2200 4178 2493 4233 eversionis
2542 4187 2597 4231 et
2633 4178 2805 4232 exitii.
2850 4179 2990 4233 Orna
3023 4194 3272 4247 sponsam
3319 4196 3424 4236 non
3452 4185 3629 4237 aureis

2062 4268 2418 4331 ornamentis,
2449 4266 2542 4320 sed
2573 4266 2979 4321 mansuetudine
3006 4276 3061 4321 et
3090 4266 3290 4335 pudore
3317 4279 3372 4322 ει
3401 4284 3632 4326 εοηειιε-
3674 4280 3679 4287 ‘

2055 4358 2122 4412 tis
2149 4356 2414 4419 vestibus;
2443 4369 2542 4424 pro
2566 4354 2755 4423 quovis
2786 4355 2983 4409 mundo
3010 4372 3172 4411 aureo
3198 4364 3253 4409 et
3284 4357 3630 4428 implicaturis

2054 4456 2108 4502 et
2154 4446 2435 4501 intexturis
2485 4444 2712 4498 induens
2762 4446 3018 4516 pudorem
3059 4454 3113 4500 et
3140 4449 3542 4515 verecundiam,
3575 4460 3631 4505 ct

2055 4538 2142 4592 illa
2173 4545 2224 4590 ut
2254 4551 2323 4591 ne
2355 4546 2579 4606 qumrat.
2608 4534 2796 4589 Nullus
2822 4536 2890 4587 sit
2920 4535 3202 4602 tumultus,
3243 4536 3385 4590 nulla
3415 4549 3630 4607 pertur—

2056 4627 2198 4682 batio
2227 4644 2241 4680 :
2275 4636 2497 4682 vocetur
2520 4640 2784 4695 sponsus,
2817 4625 3042 4693 accipiat
3084 4627 3367 4697 virginem.
3399 4628 3630 4687 Prandia

2055 4727 2109 4774 et
2136 4733 2303 4774 omna:
2327 4733 2429 4772 non
2456 4717 2564 4771 sint
2589 4716 2743 4786 plena
2771 4716 3046 4781 ebrietate,
3070 4717 3165 4771 sed
3194 4719 3450 4787 spirituali
3482 4722 3635 4777 voln-

2062 4817 2225 4878 ptatc.
2259 4807 2537 4861 Innumero
2569 4806 2710 4860 enim
2741 4804 2879 4859 bona
2909 4820 2972 4859 cx
3003 4806 3196 4862 talibus
3233 4810 3429 4878 nuptiis
3457 4827 3634 4867 emer-

2058 4910 2202 4969 gent,
2231 4907 2284 4954 et
2307 4913 2427 4968 quae
2456 4898 2521 4951 ad
2555 4897 2714 4951 vitam
2744 4898 3009 4966 pertinent
3041 4897 3093 4952 in
3121 4907 3231 4954 tuto
3256 4911 3432 4956 erunt.
3466 4903 3543 4957 Ex
3571 4905 3633 4958 iis

2057 5002 2231 5046 autent
2249 5006 2367 5061 qua:
2397 5005 2539 5045 nunc
2562 4990 2693 5043 fiunt
2714 4990 2912 5058 nuptiis
2941 4989 3005 5059 (si
3033 4992 3228 5060 nuptia:
3252 5000 3306 5047 et
3328 5008 3433 5048 non
3459 4996 3636 5065 potius

2059 5097 2264 5152 pompm
2291 5090 2414 5135 sunt
2444 5078 2728 5149 dicendae),
2765 5078 2887 5134 vide
2917 5091 3046 5149 quot
3073 5081 3232 5134 mala.
3279 5082 3463 5139 Solnta
3509 5096 3636 5139 sunt

2059 5171 2350 5233 cmnacula,
2392 5180 2447 5226 et
2486 5170 2665 5225 statim
2695 5171 2914 5225 incessit
2934 5185 3062 5225 cura
3095 5179 3150 5224 et
3180 5182 3376 5236 metus,
3407 5188 3475 5228 ne
3505 5175 3632 5245 quid

2060 5262 2392 5319 interciderit
2425 5280 2490 5318 ex
2517 5265 2722 5333 iisquae
2748 5264 3085 5318 commodata
3113 5272 3329 5332 accepta
3361 5275 3514 5321 erant
3537 5307 3552 5334 ,
3582 5279 3637 5323 et

2059 5356 2383 5425 voluptatem
2413 5356 2610 5424 excipit
2650 5354 3001 5409 intolerabilis
3030 5353 3194 5407 animi
3233 5354 3512 5425 a-gritudo.
3564 5362 3634 5414 At

2060 5445 2148 5501 hic’
2194 5461 2360 5515 angor
2404 5454 2459 5500 et
2504 5445 2621 5498 lure
2670 5445 2913 5499 molestia
2955 5455 3037 5498 est
3068 5446 3479 5514 procuratricis;
3526 5450 3637 5504 into

2058 5552 2190 5593 vero
2224 5554 2290 5592 nc
2337 5537 2448 5605 ipsa
2497 5535 2706 5604 quidem
2756 5550 2950 5604 sponsa
2996 5544 3079 5589 est
3106 5535 3174 5589 ab
3205 5536 3286 5590 his
3325 5537 3488 5593 libera
3522 5556 3536 5592 :
3567 5555 3635 5595 eo

2059 5628 2274 5700 quidem
2325 5635 2471 5681 certe
2514 5641 2635 5684 (tum
2679 5623 2970 5679 succedunt
3019 5633 3201 5693 postea
3255 5641 3465 5696 sponsa
3511 5638 3637 5685 sunt

2062 5718 2262 5775 omnia.
2291 5716 2487 5772 Videre
2536 5717 2678 5771 enim
2723 5714 2940 5771 dissolvi
2976 5715 3179 5781 omnia,
3227 5726 3312 5772 est
3355 5732 3639 5791 argumen-

3195 5799 3276 5860 25
