4064 6210
466 340 566 395 31H
1191 330 1247 386 S.
1278 324 1553 384 JOANNIS
1579 319 2058 380 CHRYSOSTOHI
2094 316 2413 376 ARCIIIEP.
2456 314 2991 374 CONSTAN'I'INOP.
3616 310 3725 366 5138

470 465 579 508 tum
610 450 839 507 tristitia:
871 466 883 501 :
916 446 1099 502 videre
1118 444 1343 499 domum
1380 441 1648 495 desertam
1669 480 1683 504 ,
1725 448 1803 495 est
1837 452 2037 494 mro-
2141 452 2277 501 mus.
2308 448 2364 491 ut
2395 435 2503 491 Deo
2534 434 2857 506 placeamus,
2888 441 2944 488 et
2977 431 3128 502 digni
3151 429 3445 525 habeantur
3475 430 3566 525 oui
3588 444 3721 485 con-
3764 500 3782 525 l

469 546 546 600 ris
586 541 815 598 occasio.
849 538 961 595 Illic
988 536 1250 599 Christus,
1290 533 1379 588 hic
1419 538 1671 597 satanas;
1702 529 1808 584 illic
1834 528 2035 594 laetitia,
2141 541 2426 597 sequamur
2466 524 2605 580 bona
2646 539 2767 593 qua:
2811 531 2937 579 sunt
2984 521 3365 614 promissailis
3409 521 3505 591 qni-
3546 522 3718 614 ipsum

466 638 552 691 hic
595 650 756 697 cura;
809 633 916 685 illic
968 630 1230 696 voluptas,
1265 625 1351 679 hic
1397 622 1587 686 dolor;
1616 622 1725 677 illic
1750 629 2032 691 sumptus,
2141 619 2389 690 diligunt,
2433 617 2605 689 gratia
2654 624 2709 671 et
2756 615 3087 686 benignitate
3131 613 3342 668 Domini
3384 615 3555 668 nostri
3591 611 3719 668 Jesu

468 726 554 779 hic
599 723 731 778 nihil
761 720 901 783 tale;
932 719 1038 772 illuc
1065 716 1318 786 probrum
1345 724 1397 768 et
1423 710 1689 772 dedecus,
1727 709 1814 765 hic
1855 707 2038 763 mode—
2139 709 2360 771 Christi,
2390 708 2473 764 cui
2500 721 2622 762 cum
2652 707 2813 764 Patre
2835 714 2889 760 et
2912 704 3114 774 Spiritu
3155 712 3341 759 sancto
3381 702 3574 772 gloria,
3612 702 3714 755 im.

462 816 594 876 stia;
626 812 734 867 illic
761 809 985 871 invidia,
1018 806 1106 861 hic
1145 803 1286 861 nulla
1332 802 1488 872 plane
1531 811 1614 857 est
1638 800 1835 856 invidia
1865 813 1880 865 ;
1930 798 2038 853 illic
2141 803 2368 871 perium.
2400 801 2591 866 honor,
2620 813 2763 855 nunc
2789 811 2844 854 et
2858 812 3104 868 semper,
3143 806 3199 853 et
3230 796 3284 851 in
3314 796 3511 853 stecula
3537 808 3714 851 saeu~

470 906 722 968 ebrietas,
775 902 861 956 hic
903 899 1168 954 sobrietas
1197 895 1322 964 ;hic
1349 895 1516 957 salus,
1547 893 1635 948 hic
1661 890 2032 963 temperantia.
2140 895 2331 949 lorum.
2378 895 2565 947 Amen.

469 995 590 1049 Have
614 1002 789 1047 autem
825 991 1002 1046 omnia
1028 989 1344 1057 cogitantes,
1369 984 1630 1039 hactenus
1658 982 1854 1049 malum
1880 981 2035 1036 sista-

477 1256 3679 1303 WE

1087 1539 1470 1601 MONITUM
1518 1540 1624 1600 AD
1669 1538 2063 1601 HOMILIAS
2095 1538 2155 1600 S.
2189 1536 2520 1600 JOANNIS
2559 1535 3126 1599 CHRYSOSTOMI

534 1776 644 1831 Has
673 1788 892 1845 quoque
924 1772 1299 1845 Chrysostomi
1331 1774 1385 1829 in
1416 1772 1684 1844 Epistolas
1710 1774 1776 1829 ad
1806 1773 2324 1835 Thessalonicenses
2353 1774 2606 1837 homilias
2637 1773 3112 1846 Constantinopoli
3147 1772 3364 1832 habitas
3388 1774 3559 1833 fuisse
3589 1776 3707 1848 ipse

463 1915 815 1972 concionator
847 1912 1091 1969 insinuat
1122 1928 1247 1968 cum
1286 1911 1422 1967 dicit
1458 1913 1681 1969 homilia
1720 1922 1910 1969 octava
1945 1913 1999 1967 in
2034 1913 2267 1983 primam
2301 1913 2600 1983 Epistulam
2639 1914 2785 1969 circa
2827 1912 2990 1969 linem
3028 1931 3041 1967 :
3083 1913 3196 1986 Ego
3234 1924 3412 1971 autem
3451 1917 3709 1974 obnoxius

458 2080 575 2117 sum
604 2060 879 2116 reddenda:
908 2059 1105 2114 rationi
1133 2059 1288 2128 hujus
1318 2058 1682 2128 pra'fecturte;
1714 2058 1792 2114 ita
1821 2067 1878 2114 ut
1903 2075 1995 2130 ego
2025 2060 2261 2115 omnium
2286 2061 2515 2116 maxime
2539 2060 2762 2131 eﬁ'ugere
2789 2076 3066 2132 nequeam.
3098 2059 3333 2117 Homilia
3358 2076 3493 2117 vero
3514 2071 3709 2131 quarta

458 2207 527 2261 ad
559 2207 858 2262 secundam
882 2205 949 2260 ad
976 2204 1496 2261 Thessalonicenses
1520 2203 1817 2275 Epistolam
1846 2205 2083 2276 idipsum
2110 2206 2256 2262 clare
2278 2207 2530 2262 enuntiat
2549 2206 2632 2262 his
2662 2206 2848 2262 verbis
2875 2224 2888 2260 :
2913 2205 3203 2262 Adversum
3230 2222 3321 2263 nos
3351 2204 3592 2260 diabolus
3617 2222 3710 2259 ar-

460 2361 637 2407 matur
663 2353 1010 2407 vehementius
1036 2368 1055 2405 :
1082 2353 1137 2405 in
1165 2350 1314 2406 bellis
1346 2350 1487 2405 enim
1517 2361 1640 2405 ante
1668 2350 1803 2406 alios
1833 2368 2011 2407 omnes
2031 2352 2155 2408 belli
2177 2352 2360 2407 ducem
2385 2359 2866 2409 sternereconatur
2894 2350 3245 2406 aduersarius.

524 2486 1256 2558 Constantinopolitanorum
1281 2500 1413 2557 ergo
1432 2487 1563 2541 vitia
1589 2485 1791 2557 passim
1817 2486 2156 2558 perstringit,
2181 2486 2236 2541 in
2262 2485 2492 2557 illosque
2517 2486 2749 2551 maxime
2776 2486 3072 2551 invehitur,
3096 2485 3190 2555 qui
3220 2481 3694 2549 incantationibus,

454 2618 806 2692 ligaminibus
824 2634 888 2674 ac
916 2617 1244 2673 divinationi
1270 2632 1495 2688 operam
1524 2617 1748 2676 dabant.
1778 2617 2088 2673 Theatralia
2117 2618 2427 2688 spectacula
2455 2619 2779 2688 proscribit;
2815 2634 2917 2675 nec
2951 2620 3150 2692 injuria
3174 2630 3325 2675 certe
3352 2637 3365 2673 :
3394 2618 3520 2674 talia
3543 2617 3689 2673 enim

451 2756 852 2812 oblectamenta
878 2757 932 2811 in
954 2757 1257 2828 perniciem
1285 2767 1337 2814 et
1355 2759 1621 2829 iuvenum
1642 2768 1698 2816 et
1716 2759 1960 2814 virorum
1985 2774 2202 2830 semper
2222 2759 2457 2827 cedunt;
2482 2760 2717 2817 maxime
2739 2777 2871 2817 vero
2894 2759 3388 2831 Constantinopoli,
3415 2758 3509 2813 ubi
3535 2756 3693 2812 nudae

449 2896 708 2953 mulieres
739 2896 795 2952 in
827 2912 991 2953 scena
1018 2898 1433 2969 comparebant.
1462 2897 1635 2966 Quam
1666 2907 1875 2969 pestem
1906 2906 1965 2955 ut
1992 2909 2262 2966 amoveat,
2294 2900 2431 2956 nihil
2458 2915 2568 2956 non
2601 2900 2713 2972 agit
2738 2907 2962 2956 sanctus
2987 2900 3217 2955 antistes
3240 2896 3471 2952 homilia
3498 2895 3684 2966 quinta

443 3041 500 3088 et
531 3034 586 3090 in
621 3034 743 3090 aliis
768 3033 933 3091 etiam
958 3049 1080 3105 quae
1112 3033 1409 3104 praemissae
1437 3032 1593 3090 fuere
1624 3031 2002 3089 concionibus.

512 3167 699 3241 Carpit
724 3171 891 3228 etiam
918 3172 1064 3238 illos,
1097 3171 1195 3243 qui
1219 3171 1391 3229 nimio
1417 3171 1568 3227 luctu
1593 3170 1885 3227 defunctos
1908 3168 2383 3240 prosequebantur
2408 3187 2423 3225 :
2447 3170 2571 3226 illos
2592 3184 2724 3225 vero
2749 3183 2874 3224 cum
2895 3167 3094 3240 primis
3110 3168 3215 3239 qui
3229 3169 3687 3224 resurrectionem

443 3304 644 3360 nullam
682 3305 801 3363 fore
836 3308 1157 3367 credebant.
1191 3308 1340 3377 Quos
1372 3308 1505 3365 alibi
1536 3308 1725 3371 etiam.
1760 3306 1935 3364 sicubi
1962 3305 2180 3364 occasio
2207 3307 2437 3374 feratur,
2468 3306 2726 3376 exagitat.
2763 3307 3071 3365 Verisimile
3103 3322 3342 3379 namque
3369 3317 3451 3365 est
3482 3309 3687 3363 multos

444 3680 3075 3716 Ἠ

1377 3888 1786 3976 SANCTI
1836 3895 2244 3981 PATRIS
2308 3899 2733 3983 NOSTRI

774 4053 1659 4215 JOANNIS
1755 4062 3221 4218 CHRYSOSTOMI
3262 4176 3308 4240 .,

1260 4280 1856 4347 ARCHIEPISCOPI
1898 4286 2852 4369 CONSTANTINOPOLITANI,

678 4437 790 4508 ΙΝ
863 4437 1468 4513 EPISTOLAM
1565 4444 2006 4517 PRIMAM
2104 4449 2254 4519 AD
2349 4453 2978 4528 THESSALON
2991 4454 3413 4529 [GENSES

1485 4582 2413 4679 COMMENTARIUS
2460 4586 2578 4679 (α).

1741 4744 2364 4805 θέω-οδω»

1825 4860 2168 4929 HOMILIA
2210 4870 2260 4931 Ι.

422 5023 549 5063 μιν.
586 5008 645 5071 1.,
670 5021 719 5059 v.
755 5004 804 5059 Ι.
839 5003 1033 5057 Paulus
1062 5012 1109 5057 et
1129 5003 1370 5059 Silvanus
1390 5013 1434 5057 et
1461 5001 1750 5058 Timotheus
1773 5004 2011 5062 Ecclesite

2186 5012 2407 5070 Domino
2429 5015 2554 5071 Iesu
2579 5019 2798 5074 Christo.
2829 5019 2882 5074 2.
2914 5019 3118 5075 Gratias
3137 5020 3332 5091 agimus
3356 5020 3462 5077 Deo
3485 5040 3687 5095 semper

501 5096 1024 5152 Thessalonicensittm
1072 5094 1126 5148 in
1179 5093 1284 5149 Deo
1323 5094 1478 5149 Patre
1529 5104 1576 5150 et
1613 5093 1832 5150 Domino
1876 5096 2005 5152 Jesu

2182 5123 2274 5176 pro
2297 5107 2529 5162 omnibus
2550 5109 2706 5175 vobis,
2746 5108 3036 5164 meritoriam
3055 5112 3207 5164 vestri
3226 5113 3465 5181 facientes
3485 5113 3540 5166 in
3559 5131 3655 5167 ora
3668 5144 3683 5153 -

498 5190 718 5257 Christo,
757 5187 922 5255 gratia
958 5186 1094 5241 vobis
1120 5193 1167 5241 et
1192 5201 1294 5256 pas:
1330 5201 1362 5238 a
1413 5183 1520 5240 Deo
1570 5184 1724 5240 Patre
1759 5197 1929 5242 nostro
1956 5197 2005 5242 et

2177 5197 2395 5252 tionibus
2422 5200 2625 5263 nostris,
2650 5200 2704 5254 3.
2733 5202 2844 5254 sine
2861 5201 3225 5255 intermissione
3246 5217 3491 5255 memores
3516 5205 3685 5272 operis

973 5358 1006 5373 η
1040 5366 1053 5373 Α
1126 5359 1147 5373 ⁸
1423 5363 1436 5373 ⁸
1474 5357 1517 5373 .L
1595 5356 1627 5373 η
1661 5355 1703 5373 η
1774 5359 1803 5373 η
1846 5358 1857 5370 ι
1912 5358 1944 5373 η
2181 5289 2300 5356 ﬁdei
2332 5300 2510 5345 vestrae
2535 5332 2548 5355 ,
2592 5301 2638 5345 et
2664 5291 2850 5346 laboris
2875 5292 3133 5356 caritatis,
3176 5293 3692 5365 etsustinentiarspei

418 5355 1998 5486 (Πέίίριὲειξῃίιὲξὲξξξ-ξὲξέᾒξξξῆξυξξῖειὲξῖιθὲὖξξξξθεῗιξὲς
2174 5378 2381 5486 Domini
2419 5384 2576 5436 nostri
2610 5382 2736 5437 Jesn
2786 5384 2990 5450 Christi,
3035 5392 3151 5437 ante
3185 5382 3348 5437 Deum
3384 5393 3434 5438 et
3474 5382 3687 5438 Patrem

420 5485 528 5568 llas.
545 5478 882 5568 desisses;
895 5478 1994 5568 utinamutinam
2175 5479 2419 5568 ποσίνηό

659 5543 1467 5668 ξιξπῖςξιειξῖνέιςεεεμπξξιωεξτιξξ
2101 5654 2115 5668 _
2175 5564 2225 5616 ιο
2257 5562 2550 5668 omam
2568 5561 2651 5668 ,σιτ
2921 5563 2998 5668 aq
3019 5562 3282 5641 Ephesios
3311 5562 3523 5634 quidem
3545 5562 3686 5668 πτί-

425 5654 635 5713 nbtatur.
698 5654 708 5656 ἡ
764 5654 777 5655 ί
835 5654 846 5661 ⁷
1106 5654 1120 5667 ⁵
1140 5654 1155 5668 “
1244 5654 1305 5658 ””
1372 5654 1388 5665 ’
1872 5654 1901 5664 “’
2101 5654 2252 5720 bons,
2281 5662 2336 5710 et
2364 5668 2544 5709 secum
2568 5655 2773 5710 habens
2805 5654 3144 5711 Timotheum
3165 5694 3182 5723 ,
3208 5669 3332 5714 eum
3360 5669 3538 5711 secum
3568 5666 3680 5707 non
