4080 6222
403 333 511 389 393

399 442 626 498 Οὐδένα
681 438 799 509 ἔχω
830 438 1166 503 ἰσόψυχον,
1213 431 1377 495 ὅστις
1423 427 1685 499 γνησίως
1726 426 1798 477 τὰ
1841 420 1974 509 περὶ

404 528 571 598 ὑμῶν
613 508 986 596 μεριμνήσει)
1022 538 1036 555 ⁸
1071 518 1301 572 ἐνταῦθα
1359 516 1414 568 δὲ
1476 513 1756 566 συντάττει
1817 508 1979 562 αὐτὸν

404 614 619 686 ἐαυτῷς
676 611 832 682 Ἐμοὶ
885 610 1032 662 δοκεῖ
1094 606 1176 660 ὅτι
1233 604 1459 675 ἔμελλεν
1516 602 1681 656 αὐτὸν
1740 598 1980 668 πέμπειν

407 701 630 764 εὐθέως,
677 698 771 753 καὶ
817 694 1071 761 περιττὸν
1113 688 1182 763 ἦν
1213 689 1549 743 ἐπιστέλλειν
1575 688 1665 740 τὸν
1691 687 1760 739 τὰ
1796 686 1981 755 γράμοο

410 805 555 859 ματα
582 787 703 840 ὅσον
730 783 881 838 οὔπω
913 777 1354 848 καταληψόμενον
1380 792 1393 806 ο
1437 775 1569 843 φησὶ
1594 774 1720 843 γὰρ’
1758 771 1984 859 Τοῦτον

402 855 517 945 λιὲν
548 870 762 932 ἐλπίζω
781 869 1006 938 πέμψαι
1021 863 1302 933 ἐξαυτῆς.
1334 861 1593 916 Ἐνταῦθα
1608 861 1664 913 δὲ
1676 862 1775 929 οὐχ
1789 855 1850 911 ο⁸ύ
1859 875 1981 923 τως,

407 962 521 1016 ἀλλ’
552 956 863 1013 ἐπανελθὼν
891 952 979 1026 ἦν,
1014 950 1154 1006 ὥστε
1186 951 1408 1013 εἰκότως
1442 948 1778 1001 ἐπέστελλεν⁸
1817 947 1983 1011 Ἀρτι

407 1048 517 1117 γὰρ
564 1046 844 1108 ἐλθόντος
887 1038 1186 1110 Τιμοθέου,
1254 1035 1419 1106 φησὶ,
1473 1034 1621 1102 πρὸς
1670 1032 1826 1102 ἡμᾶς
1885 1029 1985 1099 ἀφ’

409 1131 575 1201 ὑμῶν
614 1144 662 1185 ι.
702 1128 803 1182 Διά
831 1127 882 1180 τί
922 1126 979 1178 δέ
1011 1124 1177 1179 αὐτοῦ
1207 1122 1493 1191 προτίθησι
1539 1121 1631 1173 τὸν
1677 1118 1983 1182 Σιλουανὸν,

412 1221 589 1274 καίτοι
633 1216 801 1289 μυρία
843 1212 992 1283 αὐτῷ
1031 1208 1322 1282 μαρτυρῶν
1369 1206 1575 1274 ἀγαθὰ,
1624 1207 1719 1258 καὶ
1769 1205 1987 1257 πάντων

411 1308 573 1361 αὐτὸν
600 1304 909 1376 προτιθεί;;
961 1302 1119 1362 Ἴσως
1173 1297 1270 1368 μέν
1305 1296 1583 1360 ἀξιοῦντος
1623 1293 1780 1347 τοῦτο
1822 1291 1986 1346 αὐτοῦ

414 1394 556 1448 κατά
590 1392 789 1461 πολλὴν
814 1385 1333 1458 ταπεινοφροσύνην,
1389 1385 1483 1436 καὶ
1519 1380 1984 1453 παρακαλοῦντος.

427 1478 644 1548 Ἐπειδὴ
670 1477 778 1547 γάρ
808 1476 898 1528 τὸν
926 1472 1241 1527 διδάσκαλον
1271 1470 1417 1543 ἐώρα
1450 1468 1592 1522 οῦτω
1631 1483 1989 1538 ταπεινοφρο-

416 1566 641 1630 νοῦντα,
682 1563 756 1625 ὡς
787 1562 877 1614 τὸν
915 1559 1162 1630 μαθητὴν
1212 1558 1392 1627 ἐαυτῷ
1439 1556 1772 1618 συντάττειν,
1810 1553 1990 1623 πολλῷ

419 1653 619 1723 μᾶλλον
643 1648 801 1704 τοῦτο
818 1649 977 1709 αὐτὸς
993 1647 1257 1716 ἐζήτησεν
1274 1644 1338 1697 ἄν
1353 1645 1399 1700 δ.
1427 1643 1664 1707 Παῦλος
1678 1642 1806 1713 γὰρ,
1834 1644 1985 1712 φησὶ,

417 1740 515 1792 καί
536 1734 866 1800 Σιλοωνός
885 1733 981 1787 καί
1011 1733 1281 1800 Τιμόθεος
1308 1729 1380 1798 τῇ
1411 1731 1731 1798 Ἐκκλησία
1762 1732 1992 1785 Θεσσα-

417 1823 725 1881 λονικέων.
762 1820 928 1876 Ούδέν
956 1817 1191 1873 ἐνταῦθα
1215 1817 1344 1887 περὶ
1369 1816 1564 1870 ἑαυτοῦ
1584 1815 1735 1887 [426]
1758 1817 1990 1887 τίθησιν,

417 1914 515 1981 οὐχ
543 1913 601 1964 '0
640 1908 953 1973 ἀπόστολος,
984 1907 1083 1978 οὐχ
1114 1906 1173 1959 '0
1203 1904 1405 1966 δοῦλος.
1447 1905 1598 1973 Ἐμοὶ
1628 1904 1793 1967 δοκεῖ,
1815 1904 1902 1958 διά
1933 1902 1995 1956 τό

418 1999 849 2069 νεοκατηχήτους
874 1993 1012 2049 εἶναι
1060 1995 1185 2055 τοὺς
1210 1993 1426 2063 ἄνδρας,
1451 1994 1544 2044 καὶ
1576 1991 1801 2061 μηδέπω
1827 1991 1993 2044 αὐτοῦ

420 2087 616 2156 πεῖραν
658 2083 961 2151 εἰληφέναι,
1019 2078 1079 2131 ού
1108 2077 1293 2148 τίθησι
1330 2077 1392 2130 τὸ
1436 2076 1682 2146 ἀξίωμα·
1715 2077 1890 2140 ἄλλως
1939 2078 1996 2131 δέ

421 2174 516 2227 καὶ
563 2173 704 2243 ἁρχὴ
751 2169 847 2223 τοῦ
882 2166 1237 2238 κηρύγματος
1269 2164 1349 2217 ἔτι
1380 2160 1448 2236 ἦν
1481 2165 1575 2217 τοῦ
1608 2165 1744 2236 πρὸς
1773 2165 1992 2228 αὐτούς.

428 2261 506 2329 Τῇ
559 2258 921 2324 Ἐκκλησίᾳ,
976 2257 1150 2324 φησὶ,
1192 2251 1700 2307 Θεσσαλονικέων.
1778 2253 1994 2318 Καλῶς.

434 2347 588 2402 Ἐπεὶ
634 2344 741 2415 γὰρ
778 2343 921 2405 είκδς
943 2337 1011 2412 ἦν
1036 2340 1249 2408 ὀλίγους
1294 2335 1431 2392 εῖναι
1477 2341 1569 2392 καὶ
1606 2341 1816 2393 οὐδέπω
1873 2358 1997 2393 συν-

424 2434 667 2497 εστάναι,
724 2431 811 2485 διὰ
839 2428 997 2483 τοῦτο
1057 2429 1252 2491 αὐτούς
1303 2429 1712 2499 παραμυθεῖται
1772 2428 1861 2482 διά
1904 2428 1997 2481 τοῦ

422 2522 686 2591 ὀνόματος
731 2519 833 2588 τῆς
870 2516 1232 2585 Ἐκκλησίαςο
1286 2513 1416 2567 ἔνθα
1460 2514 1568 2585 γὰρ
1626 2514 1797 2577 πολὺς
1852 2533 1994 2587 παρ-

425 2607 671 2674 εληλύθει
720 2606 943 2678 χρόνος,
987 2603 1082 2658 καὶ
1133 2604 1193 2656 τὸ
1225 2604 1324 2673 τῆς
1365 2602 1691 2673 Ἐκκλησίας
1745 2603 2002 2674 σύστημα

428 2696 560 2749 πολὺ
592 2687 680 2764 ἦν,
708 2694 767 2744 06
791 2691 971 2761 τίθησι
994 2690 1171 2743 τοῦτο.
1218 2690 1438 2762 Ἐπειδὴ
1469 2690 1526 2742 δέ
1555 2690 1727 2762 ὄνομα
1758 2692 1999 2761 πλήθους

427 2780 713 2846 ἐστὶν,ηὼς
748 2778 820 2831 τὰ
855 2777 1044 2842 πολλὰ,
1080 2776 1140 2830 τὸ
1186 2777 1285 2846 τῆς
1323 2777 1649 2847 Ἐκκλησίας
1681 2778 1872 2846 ὄνομα,
1906 2780 2001 2831 καὶ

426 2872 770 2942 συστήματος
796 2868 895 2939 ἥδη
937 2865 1471 2937 συγκεκροτημένου,
1514 2864 1600 2919 διά
1630 2865 1785 2918 τοῦτο
1803 2867 2002 2930 αὐτοὺς

424 2958 570 3011 οῦτω
599 2954 793 3011 καλεῖ.
816 2957 912 3008 Ἑν
930 2953 1069 3019 Θεῷ,
1110 2955 1262 3025 φησὶ,
1287 2952 1493 3020 Πατρί,
1528 2952 1627 3006 καί
1653 2953 1851 3020 Κυρίῳ
1893 2954 2001 3022 Ἰη-

428 3047 545 3101 σοῦ
581 3043 829 3113 Χριστῷ.
881 3044 961 3113 Τῇ
1006 3042 1333 3112 Ἐκκλησία,
1382 3042 1535 3112 φησὶ,
1564 3041 2003 3095 Θεσσαλονικέων

428 3138 494 3207 τῇ
520 3136 578 3189 ἐν
606 3133 742 3204 Θεῷ.
794 3134 924 3186 ’ἰδοὺ
973 3131 1135 3185 πάλιν
1184 3131 1263 3196 τὸ,
1297 3132 1460 3194 Θεός,
1505 3133 1598 3184 ἐπὶ
1643 3129 1738 3183 τοῦ
1766 3130 2001 3201 Πατρὸς,

432 3223 525 3276 καὶ
561 3222 653 3274 ἐπὶ
691 3219 783 3273 τοῦ
837 3218 993 3272 Υίοῦ.
1049 3218 1130 3271 -Τὸ
1179 3218 1255 3282 δὲ,
1302 3218 1396 3270 Ἑν
1426 3216 1567 3284 Θεῷ,
1599 3220 1785 3289 φησὶν,
1812 3219 2002 3288 ἐπειδὴ

431 3308 627 3361 πολλαὶ
678 3306 995 3378 Ἐκκλησίαι
1050 3305 1147 3359 καὶ
1196 3304 1484 3359 Ἰουδαῖκαὶ
1539 3310 1633 3358 καὶ
1696 3304 2005 3378 Ἑλληνικαὶ

430 3394 589 3468 ἦσαν.
618 3395 775 3463 Μέγα
803 3394 863 3447 τὸ
893 3392 1129 3465 ἀξίωμα,
1162 3393 1262 3446 καὶ
1281 3387 1340 3445 οὗ
1369 3393 1481 3446 ῐσον
1507 3393 1679 3459 οὐδὲν,
1723 3396 1770 3446 εἰ
1804 3394 1861 3447 ἐν
1886 3394 2006 3463 θεῷ

434 3488 570 3539 ἐστι.
595 3483 806 3537 Γένοιτο
834 3482 1010 3535 τοίνυν
1041 3481 1132 3534 καὶ
1163 3484 1365 3550 ταύτην
1394 3479 1492 3551 τὴν
1520 3480 1843 3550 Ἐκκλησίαν
1864 3479 2007 3534 οῦτω

434 3571 748 3631 καλεῖσθαι·
783 3569 994 3624 δέδοικα
1016 3567 1070 3622 δὲ
1090 3566 1177 3640 *μὴ
1207 3564 1476 3641 μακρὰνῇ
1506 3567 1607 3639 τῆς
1639 3568 2007 3641 προσηγορίας

433 3660 671 3734 ταύτηςκ
696 3659 764 3715 Εἴ
793 3677 877 3726 τις
901 3658 1012 3733 γάρ
1041 3658 1318 3731 ἁμαρτίας
1353 3657 1558 3722 δοῦλος,
1588 3657 1648 3711 οὐ
1672 3658 1892 3712 δύναται
1921 3656 2008 3709 λέ-

435 3749 627 3817 γεσθαι
649 3749 706 3799 ἐν
731 3746 867 3817 Θεῷ.
898 3746 1078 3814 Χάρις
1114 3745 1256 3814 ὑμῖν
1282 3745 1381 3800 καί
1410 3743 1639 3815 εἰρήνη.
1672 3745 1824 3811 Εἶδες
1845 3745 2008 3809 εὐθὺς

437 3835 544 3889 ἀπὸ
568 3833 858 3903 ἐγκωμίων
873 3833 934 3886 τὸ
957 3833 1241 3904 προοίμιον
1272 3834 1371 3902 τῆς
1394 3834 1685 3903 ἐπιστολῆς
1707 3850 1720 3899 ;
1760 3836 2009 3903 Εὑχιιρι-

438 3920 703 3990 στοῦμεν
753 3918 833 3984 τῷ
879 3918 1000 3984 Θεῷ
1043 3919 1301 3974 πάντοτε
1351 3920 1484 3987 περί
1526 3921 1770 3974 πάντων
1815 3921 2006 3991 ὑμῶν,

434 4008 649 4077 μνείαν
663 4004 830 4075 ὑμῶν
844 4005 1184 4075 ποιούμενοι
1199 4007 1296 4060 ἐπὶ
1314 4007 1432 4060 τῶν
1447 4008 1804 4077 προσευχῶν
1818 4008 2003 4077 ἡμῶν.

440 4097 514 4150 Τὸ
528 4095 636 4166 γάρ
648 4098 986 4167 εὐχαριστεῖν
1002 4096 1076 4163 τῷ
1092 4095 1211 4167 Θεῷ
1227 4096 1367 4167 ὑπὲρ
1388 4097 1583 4161 αὐτῶν,
1603 4097 2010 4168 μαρτυροῦντός

442 4189 591 4238 ἐστιν
620 4183 801 4244 αὐτοῖς
827 4180 1027 4252 πολλὴν
1054 4183 1358 4254 προκοπὴν,
1390 4183 1518 4237 ὅταν
1550 4184 1623 4254 μὴ
1652 4185 1819 4254 μόνον
1853 4187 2010 4238 ἐπαι-

442 4271 639 4323 νῶνται
675 4270 847 4334 αὐτοὶ,
880 4267 1014 4322 άλλά
1029 4268 1122 4322 καὶ
1148 4268 1279 4334 Θεὸς
1312 4271 1719 4341 εὐχαριστῆται,
1746 4271 1820 4335 ὡς
1847 4272 2011 4338 αὐτὸς

442 4358 812 4428 ἐργασάμενος
830 4356 891 4410 τὸ
919 4356 1045 4411 πᾶν.
1091 4356 1338 4412 Διδάσκει
1365 4359 1420 4411 δὲ
1441 4360 1636 4422 αὐτοὺς
1663 4360 1755 4413 καὶ
1783 4361 2010 4430 μετριά-

443 4445 576 4511 ζειν,
602 4444 883 4514 μονονουχὶ
898 4442 1090 4512 λέγων,
1109 4445 1189 4498 δτι
1205 4444 1302 4515 τῆς
1318 4445 1409 4497 τοῦ
1435 4445 1568 4498 Θεοῦ
1591 4446 1872 4514 δυνάμεως
1896 4449 2012 4500 ἐστι

444 4533 504 4584 τὸ
536 4533 664 4584 πᾶν.
701 4530 773 4583 Τὸ
801 4531 899 4600 μὲν
929 4527 1020 4584 οῦν
1051 4532 1389 4601 εὐχαριστεῖν
1419 4532 1526 4584 τῶν
1571 4532 2012 4604 κατορθωμάτων

444 4620 630 4671 ἕνεκεν
662 4617 862 4689 τίθησιο
898 4618 957 4670 τὸ
982 4618 1037 4670 δὲ
1071 4618 1379 4689 μεμνῆσθαι
1411 4618 1588 4671 αὐτῶν
1609 4621 1699 4671 ἐπὶ
1737 4619 1845 4671 τῶν
1881 4636 2014 4689 προ-

447 4704 674 4774 σευχῶν,
704 4706 801 4774 τῆς
819 4705 1035 4776 ἀγάπης
1064 4705 1162 4775 τῆς
1205 4705 1339 4775 πρὸς
1372 4704 1584 4768 αὐτούς.
1641 4702 1770 4759 Εἶτα
1799 4706 2014 4768 δεικνὺς

444 4793 527 4845 ὅτι
565 4791 625 4844 o6
662 4792 820 4862 μόνον
848 4793 939 4845 ἐπὶ
968 4792 1075 4846 τῶν
1097 4792 1410 4862 προσευχῶν
1442 4794 1733 4863 μέμνηται,
1758 4793 1891 4847 ἀλλά
1920 4794 2016 4847 καὶ

445 4879 612 4951 χωρὶς
636 4880 743 4932 τῶν
786 4878 980 4947 εὐχῶν,
1019 4880 1154 4948 ὅπερ
1185 4879 1441 4942 πολλάκις
1470 4882 1629 4932 ποιεῖ·
1687 4879 2017 4934 Ἀδιαλείπο

445 4985 581 5032 τως,
630 4965 783 5034 φησὶ,
819 4966 1302 5033 μνημονεύοντες
1337 4965 1503 5034 ὑμῶν
1554 4966 1660 5020 τοῦ
1699 4966 1875 5034 ἔργου
1905 4967 2015 5036 τῆς

447 5053 723 5117 πίστεως,
755 5049 976 5104 καὶτοῦ
994 5050 1186 5104 κόπου
1208 5051 1315 5119 τῆς
1344 5053 1599 5120 ἀγάπης,
1624 5054 1721 5106 καί
1744 5052 1853 5122 τῆς
1870 5057 2016 5108 ὑπο-

443 5138 638 5206 μονῆς
672 5138 782 5207 τῆς
805 5137 1053 5202 ἐλπίδος
1081 5135 1187 5189 τοῦ
1202 5139 1429 5204 Κυρίου
1457 5138 1623 5207 ἡμῶν
1659 5140 1863 5206 Ἰησοῦ
1886 5143 2017 5209 Χρι-

445 5225 620 5290 στοῦ,
649 5227 988 5296 ἔμπροσθεν
1013 5223 1120 5278 τοῦ
1150 5223 1297 5278 Θεοῦ
1325 5224 1423 5279 καὶ
1463 5226 1689 5293 Πατρός
1727 5225 1914 5295 ἡμῶν.
1953 5227 2017 5280 Τί

448 5315 616 5378 ἐστιν;
677 5313 1097 5379 Ἀδιαλείπτως
1120 5306 1637 5382 μνημονεύοντες;
1683 5315 1837 5367 Ἤτοι
1886 5333 2019 5387 μνη-

451 5398 767 5467 μονεύοντες
813 5399 1119 5472 ἔμπροσθεν
1167 5390 1261 5453 τοῦ
1290 5399 1425 5452 Θεοῦ
1460 5401 1553 5453 καὶ
1591 5402 1821 5471 Πατρὸς,
1856 5404 1888 5473 ἦ
1925 5394 2016 5455 τοῦ

459 5487 628 5539 κόπου
665 5489 762 5557 τῆς
786 5489 1007 5558 ἀγάπης
1040 5493 1465 5559 μνημονεύοντες
1507 5492 1599 5543 τοῦ
1631 5491 1780 5554 ὄντος
1815 5493 2018 5564 ἐμπροο

453 5574 574 5626 σθεν
599 5575 691 5628 τοῦ
709 5573 843 5628 Θεοῦ
872 5575 965 5627 κα)⁵
991 5577 1200 5646 Πατρὸς
1224 5576 1398 5646 ἡμῶν.
1430 5578 1539 5647 Οὐχ
1565 5578 1748 5642 ἁπλῶς
1769 5580 1822 5632 δὲ
1846 5576 2013 5633 εἷπε-Γ

518 5712 543 5789 ξ
571 5711 764 5789 ξόιισῐη
793 5713 945 5789 fue_ra_l
968 5712 1144 5789 viliﬂosgc
1177 5713 1432 5789 πρξςύμᾶς
1453 5715 1706 5787 ἀφζὴμῶν.
1728 5716 1865 5766 Enn.

513 5769 544 5810 ιν
569 5772 768 5822 ﬂuuius
790 5777 1024 5835 scriptum
1049 5769 1227 5821 fuissel'
1254 5769 1591 5832 ζητῆσειενᾶνζ

1095 321 1152 374 S.
1192 313 1476 373 JOANNIS
1513 305 2000 368 CHRYSOSTOSII

2102 304 2362 361 RCIIIEP.
2405 300 2953 360 CONSTAVTINOP.

3538 304 3647 361 3οι

2096 420 2503 483 Ἀδιιιλείπτως
2536 417 3038 486 μνημονεύοντες,
3088 413 3223 467 ἀλλ”
3272 411 3487 482 ’Υμῶν.
3517 411 3653 469 Εἶτα

2082 506 2265 571 πάλιν,
2301 505 2388 557 ῐνα
2424 506 2498 575 μὴ
2527 504 2754 576 νομίσῃς
2795 502 2982 565 ἁπλῶς
3014 500 3149 571 μηδέ
3180 499 3242 552 τὸ
3279 498 3471 567 ’Υμῶν
3502 501 3654 571 εἰρῆ-

2083 592 2227 656 σθαι,
2255 593 2550 663 ἐπήγαγεν*
2583 593 2961 661 Ἐμπροσθεν
2984 589 3089 643 τοῦ
3119 587 3270 641 Θεοῦ
3295 588 3393 641 καί
3424 589 3656 656 Πατρός

2083 678 2271 748 ἡμῶν.
2318 677 2534 749 Ἐπειδὴ
2559 678 2667 747 γὰρ
2689 678 2863 741 οὐδεὶς
2891 676 3079 747 ἐπῄνει
3117 674 3226 729 τῶν
3254 672 3559 744 ἀνθρώπων
3584 676 3656 727 τὰ

2083 764 2367 835 γινόμενα,
2409 764 2583 827 οὐδεὶς
2610 763 2798 833 μισθὸν
2826 775 2846 802 ε
2875 762 3149 826 ἀπεδίδου,
3177 761 3273 815 καλ⁸
3300 760 3455 814 τοῦτο
3483 778 3653 831 προσ-

2085 852 2287 923 τίθησι,
2333 852 2613 922 μονονουχὶ
2641 851 2839 920 λέγων,
2886 850 3170 921 Θαρῤεῖτε,
3219 848 3526 921 ἔμπροσθεν
3560 848 3654 903 τοῦ

2085 938 2219 991 Θεοῦ
2251 938 2504 1009 κάμνετε.
2566 937 2630 989 Τί
2665 940 2800 999 ἐστι,
2857 936 2968 991 Τοῦ
2992 936 3169 1005 ἔργου
3220 935 3330 1004 τῆς
3361 936 3654 1002 «lanam;

2089 1025 2213 1078 Ὀτι
2242 1024 2393 1077 οὐδὲν
2425 1022 2578 1094 ὑμῶν
2611 1023 2901 1095 παρέκλινε
2930 1023 3027 1094 τὴν
3055 1023 3305 1076 ἔνστασιν
3325 1038 3338 1053 ο
3362 1022 3521 1076 τοῦτο
3546 1023 3656 1095 γὰρ

2087 1110 2245 1182 ἔργον
2269 1110 2523 1174 πίστεως.
2561 1109 2622 1163 Εἰ
2648 1109 2942 1175 πιστεύεις,
2969 1110 3148 1164 πάντα
3177 1110 3351 1180 πάσχε
3376 1124 3390 1139 ⁸
3422 1111 3470 1163 εί
3490 1109 3549 1163 δέ
3582 1112 3658 1178 μὴ

2089 1198 2347 1266 πάσχεις,
2376 1197 2438 1249 06
2478 1195 2775 1260 πιστεύεις.
2825 1197 2917 1261 Μὴ
2959 1194 3068 1266 γὰρ
3109 1197 3171 1249 οὐ
3198 1194 3424 1249 τοιαῦτά
3448 1197 3566 1248 ἐστι
3592 1196 3662 1247 τὰ

2088 1282 2493 1354 ἐπηγγελμένα,
2541 1282 2618 1345 ὡς
2664 1283 2759 1335 καὶ
2803 1282 3031 1353 μυρίους
3079 1280 3345 1344 θανάτους
3379 1279 3664 1334 πείσεσθαι

2088 1370 2180 1424 τὸν
2211 1369 2536 1422 πιστεύοντα
2570 1369 2854 1423 ἀνελέσθαι
2881 1388 2894 1435 ;
2947 1369 3206 1441 Ούρανῶν
3254 1368 3499 1439 βασιλεία
3527 1368 3663 1438 πρό-

2091 1476 2270 1512 κειται
2332 1458 2425 1511 καὶ
2470 1457 2738 1511 ἀθανασία
2786 1458 2880 1510 καὶ
2934 1456 3048 1527 ζωὴ
3103 1457 3339 1520 αἰώνιος.
3375 1455 3435 1508 ὐ
3483 1455 3664 1509 τοίνυν

2091 1543 2385 1605 πιστεύων,
2431 1543 2608 1597 πάντα
2646 1542 2916 1595 πείσεται.
2953 1543 3094 1613 Ἀρα
3133 1543 3166 1611 ἡ
3211 1543 3393 1604 πίστις
3425 1541 3515 1594 διὰ
3556 1539 3667 1594 τῶν

2093 1631 2267 1703 ἔργων
2311 1628 2606 1681 δείκνυται.
2660 1627 2899 1691 Εἰκότως
2928 1623 3020 1681 οῦν
3047 1626 3229 1690 οὕτως,
3280 1622 3421 1689 εἷπε,
3466 1624 3661 1697 δηλῶν,

2092 1718 2172 1770 ὃτι
2197 1716 2308 1786 Οὐχ
2339 1714 2545 1778 ἁπλῶς,
2560 1713 2693 1768 ἀλλὰ
2707 1714 2795 1767 διὰ
2807 1713 2912 1767 τῶν
2927 1714 3101 1785 ἔργων
3116 1713 3282 1785 αὐτὴν
3299 1712 3666 1778 ἐπεδείξασθε,

2091 1804 2178 1857 διὰ
2225 1803 2321 1872 τῆς
2380 1800 2822 1866 ἐνστάσεως,διά
2844 1801 2943 1869 τῆς
2991 1800 3321 1870 προθυμίας.
3368 1798 3519 1872 [427]
3558 1802 3668 1854 Kal

2094 1892 2200 1946 τοῦ
2233 1890 2418 1944 κόπου
2447 1888 2555 1957 τῆς
2583 1888 2837 1959 ἀγάπης.
2898 1891 3056 1952 Doto;
3079 1889 3189 1960 γὰρ
3218 1889 3385 1951 κόπος
3407 1889 3468 1942 τὸ
3497 1887 3671 1958 φιλεῖν

2096 1978 2317 2044 ἁπλῶς;
2350 1976 2571 2040 Οὐδείς·
2597 1976 2658 2028 τὸ
2684 1976 2739 2029 δὲ
2776 1976 3016 2045 γνησίως
3061 1976 3236 2045 φιλεῖν
3269 1977 3435 2036 κόπος
3481 1976 3669 2038 πολύς.

2099 2064 2265 2115 Ὅταν
2282 2064 2410 2133 γάρ,
2429 2061 2548 2113 είπέ
2583 2078 2693 2131 μοι,
2722 2060 2889 2131 μυρία
2918 2062 3133 2132 κινῆται
3159 2062 3259 2131 τῆς
3276 2063 3498 2133 ἀγάπης
3525 2063 3673 2133 ἡμᾶς

2096 2149 2397 2218 ἀφελκύσαι
2429 2147 2727 2218 βουλόμενα
2750 2147 2800 2213 ά,
2853 2149 3013 2218 ἡμεῖς
3058 2147 3114 2201 δέ
3148 2148 3284 2219 πρὸς
3317 2149 3496 2203 πάντα
3521 2152 3672 2203 ἀντι-

2097 2237 2379 2306 τείνωμεν,
2413 2235 2534 2305 οὐχὶ
2566 2234 2733 2298 κόπος
2760 2235 2875 2288 ἐστί
2898 2251 2914 2302 ;
2937 2235 3002 2287 Τί
3023 2236 3132 2306 γάρ
3149 2236 3251 2288 οὐκ
3272 2234 3475 2289 ἔπαθον
3501 2229 3669 2302 οῦτοι,

2097 2321 2235 2374 ὥστε
2264 2320 2338 2391 μὴ
2382 2319 2686 2388 ἀποστῆναι
2716 2321 2813 2390 τῆς
2853 2320 3108 2390 ἀγάπης;
3138 2321 3261 2390 οὐχὶ
3304 2322 3395 2374 ἐπὶ
3421 2322 3512 2377 τὸν
3540 2323 3672 2375 ύποα

2096 2408 2253 2478 δοχέα
2284 2407 2496 2460 Παύλου
2539 2404 2701 2476 ἦλθον
2726 2409 2775 2459 οἱ
2813 2406 3172 2477 πολεμοῦντες
3208 2408 3286 2478 τῷ
3329 2408 3669 2481 κηρύγματι,

2099 2495 2192 2549 καὶ
2222 2495 2294 2565 μὴ
2325 2495 2573 2565 εὑρόντες
2596 2494 2776 2558 αὐτὸν,
2804 2493 2997 2564 ἔσυρον
3021 2495 3112 2547 τὸν
3161 2496 3375 2550 Ἰάσονα
3421 2497 3514 2550 ἐπὶ
3548 2499 3672 2559 τοὺς

2100 2581 2429 2650 πολιτάρχας
2456 2597 2471 2646 ;
2508 2580 2710 2650 Μικρὸς
2742 2576 2893 2643 οὗτος
2923 2580 3110 2644 κόπος,
3139 2582 3258 2635 είπέ
3292 2600 3403 2654 μοι,
3448 2582 3670 2654 μηδέπω

2100 2668 2208 2720 τῶν
2234 2667 2564 2737 σπερμάτων
2582 2666 2884 2734 παγέντων,
2915 2667 3168 2721 τοσοῦτον
3194 2668 3432 2740 χειμῶνα
3459 2672 3662 2741 φέρειν,

2101 2753 2387 2816 τοσούτους
2411 2771 2496 2805 πει
2504 2752 2745 2824 ρασμούς
2762 2770 2776 2818 ;
2796 2753 2904 2807 Kal
2927 2756 3103 2809 ἱκανὰ
3123 2758 3308 2809 αὐτὸν
3327 2757 3663 2824 ἀπῄτησαν.

2101 2842 2210 2894 Καὶ
2245 2841 2426 2901 ἱκανὰ,
2459 2841 2612 2910 φησὶ,
2638 2840 2781 2904 δοὺς,
2801 2840 3074 2910 ἐξέπεμψε
3100 2841 3192 2894 τὸν
3215 2840 3439 2895 Παῦλον.
3460 2843 3666 2912 Μικρὸν

2100 2927 2281 2991 τοῦτο,
2314 2926 2437 2979 είπέ
2466 2944 2577 2997 μοι;
2597 2926 2722 2996 οὐχὶ
2747 2927 2840 2978 καὶ
2870 2926 3062 2979 ἐαυτὸν
3086 2928 3200 2980 ἀντ’
3231 2927 3439 2980 ἐκείνου
3454 2926 3530 2998 τῷ
3555 2945 3670 2980 κιν-

2100 3015 2243 3086 δύνῳ
2274 3015 2515 3085 ὑπέθηκε
2538 3033 2553 3084 ;
2584 3015 2757 3068 Τοῦτο
2780 3015 2945 3070 κόπον
2967 3016 3132 3086 φησὶν
3158 3017 3401 3087 ἀγάπης,
3423 3018 3504 3070 δτι
3535 3016 3672 3071 οὕτω

2104 3102 2531 3173 προσεδέθησαν.

2177 3190 2243 3258 β’.
2267 3191 2375 3242 Kal
2391 3190 2510 3259 ὅρα·
2533 3189 2748 3259 πρῶτον
2771 3190 2992 3244 ἐκείνων
3009 3188 3156 3259 λέγει
3174 3190 3242 3244 τὰ
3256 3189 3675 3262 κατορθώματα,

2105 3280 2201 3330 καί
2227 3277 2348 3328 τότε
2384 3276 2451 3328 τά
2482 3276 2696 3340 ἑαυτοῦ,
2734 3276 2822 3329 ἶνα
2850 3277 2922 3347 μὴ
2945 3276 3069 3347 δόξῃ
3100 3276 3519 3349 μεγαληγορεῖν,
3541 3278 3675 3349 μηδὲ

2105 3361 2376 3432 προλήψει
2412 3361 2585 3430 φιλεῖν
2613 3363 2829 3426 αὐτούς.
2861 3363 2967 3416 Καί
2991 3363 3100 3431 τῆς
3128 3363 3459 3433 ὑπομονῆς,
3490 3365 3673 3434 φησίν.

2105 3451 2180 3503 Οὐ
2215 3450 2323 3519 γὰρ
2354 3448 2490 3520 πρὸς
2508 3448 2612 3503 ἕνα
2638 3450 2831 3520 χρόνον
2865 3450 2893 3501 ὁ
2933 3450 3173 3521 διωγμὸς
3200 3452 3405 3514 ἐκεῖνος
3433 3452 3674 3521 γέγονεν,

2106 3535 2241 3589 ἀλλά
2270 3535 2560 3599 διαπαντός
2586 3549 2599 3564 ’
2647 3537 2768 3591 οὐδὲ
2808 3536 2881 3607 τῷ
2918 3536 3227 3607 διδασκάλῳ
3277 3537 3437 3608 μόνον
3483 3537 3678 3607 Παύλῳ

2107 3620 2430 3691 ἐπολέμουν,
2488 3619 2622 3674 ἀλλὰ
2651 3623 2745 3675 καὶ
2771 3625 2882 3684 τοῖς
2939 3620 3417 3693 μαθητευομένοις.
3469 3624 3533 3676 Et
3573 3624 3678 3696 γὰρ

2109 3710 2247 3781 πρὸς
2299 3710 2540 3774 ἐκείνους
2586 3707 2729 3764 οὕτω
2750 3710 3006 3763 διέκειντο
3057 3711 3179 3775 τούς
3219 3710 3473 3782 θαύματα
3513 3714 3680 3782 ἐργα-

2110 3797 2394 3867 ζομένους,
2430 3798 2557 3861 τοὺς
2599 3797 2932 3869 αἰδεσίμους,
2967 3796 3020 3850 τί
3058 3798 3161 3851 οίει
3191 3798 3327 3869 πρὸς
3354 3800 3481 3862 τοὺς
3506 3815 3682 3852 συνοι-

2110 3887 2343 3948 κοῦντας
2367 3886 2581 3951 αὐτοῖς,
2622 3885 2725 3938 -καὶ
2772 3883 3129 3955 συμπολίτας,
3170 3885 3265 3939 καὶ
3301 3884 3498 3957 ἀθρόον
3544 3885 3680 3938 ἀπο·

2113 3972 2376 4036 στάνταςς
2414 3971 2593 4041 Ὅπερ
2618 3966 2708 4025 οὖν
2730 3972 2914 4034 αὐτοῖς
2942 3973 3036 4025 καὶ
3068 3974 3352 4043 μαρτυρεῖ,
3383 3972 3577 4041 λέγων,
3598 3973 3680 4026 ὅτι

2112 4058 2370 4126 Μιμηταί
2397 4057 2675 4126 ἐγένεσθε
2700 4059 2819 4113 τῶν
2852 4057 3220 4127 Ἐκκηλησιών
3255 4058 3361 4112 τοῦ
3387 4059 3534 4113 Θεοῦ
3576 4058 3681 4112 τῶν

2113 4145 2317 4200 οὐσῶν
2355 4146 2424 4199 ἐν
2449 4147 2521 4214 τῇ
2595 4147 2870 4215 Ἰουδαίᾳ.
2917 4149 3025 4203 Kal
3052 4147 3158 4216 τῆς
3220 4148 3485 4217 ἐλπίδος,
3524 4150 3679 4220 φησὶ,

2112 4234 2219 4287 τοῦ
2264 4234 2484 4300 Κυρίου
2536 4233 2705 4303 ἡμῶν
2767 4235 2960 4302 Ἰησοῦ
3016 4234 3295 4303 Χριστοῦ,
3345 4236 3682 4305 ἔμπροσθεν

2114 4321 2221 4377 τοῦ
2259 4322 2406 4376 Θεοῦ
2439 4322 2537 4376 καί
2574 4323 2801 4391 Πατρός
2827 4323 3014 4392 ἡμῶν.
3048 4324 3243 4387 Καλῶς
3290 4324 3460 4388 οὕτως
3519 4321 3637 4377 εἶπε
3662 4341 3677 4355 ·

2104 4409 2286 4462 ’ταῦτα
2332 4408 2439 4479 γὰρ
2475 4410 2649 4463 πάντα
2678 4410 2785 4463 ἀπὸ
2813 4411 3048 4474 πίστεως
3078 4411 3283 4478 γίνεται
3325 4412 3417 4464 καὶ
3448 4411 3678 4475 ἐλπίδος.

2117 4496 2278 4548 Ὥστε
2309 4496 2368 4548 οὐ
2399 4495 2495 4565 τὴν
2525 4496 2773 4567 ἀνδρείαν
2802 4496 2981 4549 αὐτῶν
3014 4497 3172 4567 μόνον
3202 4497 3389 4568 ἐδήλου
3417 4500 3483 4551 τά
3531 4498 3683 4566 γενόο

2118 4599 2273 4653 μενα,
2322 4583 2436 4636 ἀλλ’
2465 4584 2545 4635 ὅτι
2577 4585 2667 4635 καὶ
2695 4583 2832 4653 μετὰ
2860 4583 3226 4656 πληροφορίας
3255 4585 3534 4638 ἐπίστευον
3574 4588 3685 4647 τοῖς

2116 4672 2501 4743 ἀποκειμένοις
2530 4672 2803 4735 ἐπάθλοις.
2832 4672 2937 4726 Διά
2969 4674 3077 4744 γὰρ
3103 4673 3258 4726 τοῦτο
3319 4674 3611 4744 συνεχώρει
3654 4674 3685 4726 ό

2116 4757 2248 4820 Θεὸς
2305 4757 2504 4821 εὐθέως
2562 4758 2818 4827 γενέσθαι
2847 4760 3139 4830 διωγμοὺς,
3198 4759 3285 4812 ἴνα
3314 4761 3392 4830 μή
3425 4778 3507 4823 τις
3536 4761 3685 4831 εἴπῃ.

2106 4845 2198 4898 ὅτι
2230 4844 2416 4908 ἁπλῶς
2447 4846 2539 4898 καὶ
2585 4846 2839 4917 κολακείᾳ
2868 4846 2929 4899 τὸ
2956 4849 3216 4918 κήρυγμα
3261 4848 3563 4909 συνίστατο,
3596 4849 3691 4900 καὶ

2119 4931 2206 4983 ἴνα
2239 4931 2299 4984 τὸ
2329 4931 2528 5001 θερμὸν
2556 4932 2734 4984 αὐτῶν
2761 4932 2969 5002 δειχθῇ,
3000 4933 3092 4986 καὶ
3133 4933 3215 4986 ὅτι
3244 4933 3304 4985 06
3362 4931 3628 5002 πεισμονὴ
3660 4943 3689 4970 ο

2117 5018 2456 5089 ἀνθρωπίνη,
2499 5018 2632 5073 ἀλλὰ
2660 5019 2793 5071 Θεοῦ
2821 5019 3047 5090 δύναμις
3078 5016 3145 5092 ἦν
3199 5022 3234 5091 ἡ
3282 5021 3379 5083 τὰς
3437 5019 3542 5071 τῶν
3594 5037 3689 5071 πις

2121 5102 2415 5157 στευόντων
2443 5105 2619 5175 ψυχάς
2675 5105 2955 5172 πείθουσα,
2998 5105 3138 5160 ὥστε
3200 5108 3293 5160 καὶ
3336 5106 3468 5176 πρὸς
3528 5105 3694 5159 θανά-

2119 5208 2243 5254 τους
2282 5191 2507 5261 μυρίους
2547 5192 3099 5261 παρασκευάζεσθαι·
3163 5195 3297 5265 ὅπερ
3322 5193 3422 5246 οὐκ
3478 5193 3545 5247 ἂν
3599 5189 3692 5266 ἦν,

2120 5281 2166 5329 εί
2202 5276 2277 5347 μὴ
2328 5279 2528 5340 εὐθέως
2574 5280 2713 5331 κατά
2762 5280 2956 5350 βάθους
2985 5281 3046 5333 τὸ
3107 5284 3369 5351 κήρυγμα
3425 5278 3696 5349 ἐπεπήγει

2124 5364 2220 5415 καὶ
2249 5365 2491 5433 εἱστήκει
2543 5366 2779 5428 ἀκλινές.
2824 5368 3084 5432 Είδότες,
3140 5367 3393 5435 ἀδελφοὶ
3461 5367 3696 5435 ﬁrm":-

2114 5452 2306 5519 μένοι,
2337 5452 2455 5505 ὑπὸ
2488 5453 2634 5506 Θεοῦ
2663 5452 2778 5519 τὴν
2791 5454 3056 5521 ἐκλογὴν
3082 5454 3267 5523 ὑμῶν,
3290 5455 3381 5508 ὅτι
3414 5456 3479 5513 τὸ
3516 5459 3699 5525 Εὐαγ-

2120 5538 2321 5606 τέλιον
2347 5538 2515 5605 ἡμῶν
2541 5540 2651 5591 οὐκ
2676 5541 2926 5608 ἐγενήθη
2961 5541 3109 5609 πρὸς
3140 5543 3294 5611 ὑμᾶς
3325 5545 3400 5598 ἐν
3426 5547 3585 5616 λόγῳ
3598 5543 3697 5614 rd-

2176 5679 2207 5740 λς
2234 5675 2545 5740 Cplbertinus
2567 5691 2710 5735 unus,
2738 5679 2845 5740 οὐδὲ
2872 5680 3049 5740 μισθὸν.

2181 5736 2207 5776 ἀ
2238 5736 2368 5803 [339m
2394 5744 2447 5803 e__l.
2470 5751 2627 5803 marg.
2644 5739 2827 5803 _Savil.,
2845 5736 3112 5803 ἀφελκύσαι
3139 5742 3385 5803 δυνάμενα.

2184 5811 2211 5837 e
2248 5797 2380 5846 Idem
2402 5799 2561 5848 Codex
2572 5797 2871 5861 [πλησμονή.
