4064 6210
429 256 534 313 393

429 363 727 435 conjunxit,
744 361 842 417 ctsi
865 361 944 416 eis
967 367 1109 415 esset
1137 366 1292 412 nutus
1320 365 1370 412 et
1397 356 1687 411 haberetur
1705 354 1757 410 in
1782 349 2014 409 admira-

433 462 578 514 tione
617 457 635 527 (
665 453 1084 524 Experimentum
1123 449 1264 508 enim
1293 449 1401 519 ejus
1437 448 1769 519 cognoscitis,
1803 444 2013 515 inquit,

430 550 568 621 quod
589 552 718 603 sicut
740 546 876 616 patri
903 544 1042 614 ﬁlius
1074 558 1264 596 mecum
1295 540 1495 594 servivit
1521 555 1541 604 ;
1580 547 1635 595 et
1672 552 1880 603 rursus,
1908 534 2015 589 Ne-

433 646 619 698 minem
680 639 839 694 habeo
905 647 1009 691 tam
1070 634 1394 696 unanimem,
1472 630 1558 701 qui
1615 631 1809 684 sincera
1872 626 2017 694 απε-

432 730 597 782 etione
649 742 741 795 pro
780 721 917 777 vobis
956 720 1019 773 sit
1070 717 1316 772 sollicitus
1356 712 1614 788 [Philipp.
1640 711 1697 767 2.
1723 713 1813 766 22.
1846 711 2014 784 20]);

435 822 525 877 hic
602 829 779 873 autem
854 829 976 871 eum
1053 811 1151 866 sibi
1216 806 1536 877 conjungit?
1610 806 1733 860 Mihi
1812 804 2019 858 videtur

434 911 579 983 quod
623 910 801 965 statim
859 922 981 962 eum
1031 912 1176 961 esset
1238 900 1535 965 missurus,
1597 908 1652 954 et
1704 911 2020 967 supervaca-

437 1017 598 1058 neum
637 1008 782 1055 esset
823 1006 879 1052 ut
943 997 990 1051 is
1063 992 1324 1048 scriberet
1370 990 1456 1061 qui
1509 1006 1631 1044 mox
1672 989 1854 1044 literas
1906 997 2021 1042 erat

439 1102 800 1161 excepturus:
857 1089 986 1145 dicit
1038 1087 1180 1142 enim
1207 1128 1221 1153 ,
1257 1084 1407 1139 Hunc
1445 1100 1591 1153 spero
1629 1083 1821 1136 mittere
1849 1080 1916 1134 ad
1937 1097 2021 1134 vos

444 1186 674 1255 proxime
716 1180 822 1253 (Ib.
850 1197 899 1235 ιι.
925 1178 996 1233 25
1034 1178 1069 1249 ).
1133 1177 1228 1231 llic
1270 1186 1449 1230 autem
1479 1189 1585 1228 non
1618 1174 1722 1237 ita;
1769 1172 1862 1227 sed
1907 1180 2021 1226 erat

446 1289 695 1343 reversus
718 1317 734 1341 ,
775 1270 1125 1343 quamobrem
1152 1269 1345 1322 merito
1384 1266 1686 1322 scribebat:
1730 1279 1853 1317 nam
1895 1262 2022 1318 Cum

443 1382 603 1433 nuper
631 1403 648 1430 ,
708 1363 876 1432 inquit
907 1402 921 1428 ,
962 1360 1031 1412 ad
1068 1375 1159 1412 nos
1197 1359 1408 1413 venisset
1475 1355 1762 1409 Timotheus
1808 1371 1840 1407 a
1886 1354 2023 1409 vobis

443 1459 525 1525 (Ι.
554 1455 731 1509 Thess.
761 1453 812 1508 5.
848 1452 929 1522 6).
961 1451 1068 1505 Cur
1108 1460 1288 1505 autem
1325 1449 1372 1503 ei
1414 1446 1676 1517 praeponit
1712 1447 2021 1512 Silvanum,

443 1545 651 1601 etiamsi
675 1560 771 1598 suo
789 1542 1094 1598 testimonio
1112 1539 1517 1595 innumerabilia
1536 1538 1634 1607 ipsi
1651 1538 1787 1593 bona
1807 1538 2020 1604 tribuat,

445 1647 499 1693 et
525 1635 773 1690 omnibus
803 1649 922 1689 eum
952 1631 1263 1703 praeponat?
1309 1629 1470 1685 Forte
1495 1629 1707 1700 quidem
1741 1629 1881 1698 quod
1909 1631 2025 1699 ipse

445 1727 517 1780 ob
542 1741 788 1795 ntaguam
817 1723 1171 1778 humilitatem
1196 1722 1299 1778 huc
1327 1722 1489 1777 vellet
1516 1730 1571 1776 et
1607 1732 1835 1791 rogaret.
1890 1720 2022 1776 Nam

447 1834 571 1874 cum
601 1818 807 1873 videret
837 1817 1150 1886 magistrum
1181 1815 1316 1870 adeo
1337 1830 1399 1870 se
1424 1814 1700 1869 humiliter
1721 1829 1924 1883 gerere,
1968 1824 2026 1868 ut

451 1924 634 1964 secum
662 1907 1006 1977 coniungeret
1028 1905 1343 1975 discipulum
1369 1920 1383 1969 ;
1416 1904 1585 1958 multo
1604 1904 1771 1973 magis
1791 1902 1892 1957 hoc
1915 1904 2026 1972 ipse

452 1998 721 2067 quzcsierit
740 2006 792 2052 et
812 1997 1170 2052 contenderit.
1202 1994 1401 2048 Paulus
1430 1993 1596 2060 enim,
1632 1992 1820 2063 inquit,
1850 2003 1894 2045 et
1913 1992 2024 2047 Silo

451 2108 628 2156 vanus,
655 2100 700 2144 et
724 2088 1015 2144 Timotheus
1045 2087 1285 2141 Ecclesia
1304 2084 1841 2139 Thessalonicensium.
1870 2084 1943 2138 De
1969 2099 2028 2139 se

451 2182 538 2236 hic
569 2181 699 2236 nihil
726 2182 895 2251 ponit,
926 2195 1032 2234 non
1063 2177 1335 2249 apostolus
1359 2218 1373 2243 ,
1416 2190 1520 2230 non
1553 2190 1762 2231 servus.
1806 2174 2030 2229 Mibivi.

448 2272 607 2327 detur
630 2287 734 2326 non
763 2286 959 2342 ponere
998 2269 1338 2340 dignitatem,
1384 2278 1660 2338 propterea
1700 2266 1840 2338 quod
1887 2266 1923 2322 ii
1946 2280 2023 2322 es-

449 2371 574 2418 sent
622 2361 888 2417 catecbesi
929 2375 1119 2416 recens
1164 2359 1390 2425 imbuti,
1439 2369 1492 2414 et
1521 2357 1756 2413 nondum
1794 2358 2028 2427 accepis-

451 2462 575 2509 sent
606 2453 775 2524 ipsius
804 2452 1190 2522 espcrientiam
1217 2469 1230 2505 :
1275 2451 1509 2521 alioquin
1534 2450 1690 2506 etiam
1723 2450 1897 2505 adhuc
1925 2450 2027 2504 ini-

451 2545 584 2599 tiutn
617 2543 1011 2614 praedicationis
1037 2543 1175 2612 apud
1201 2543 1345 2613 ipsos
1369 2551 1503 2598 erat.
1539 2542 1797 2607 Ecclesiae,
1832 2541 2026 2611 inquit,

454 2634 994 2689 Thessalonicensium.
1014 2633 1259 2689 Pulchre.
1276 2634 1407 2702 Quia
1428 2634 1569 2688 enim
1591 2633 1886 2689 verisimile
1914 2642 2031 2688 erat

454 2730 577 2785 ilius
597 2745 718 2785 esse
746 2745 941 2799 paucos
963 2769 981 2796 ,
1036 2738 1091 2784 et
1141 2729 1377 2782 nondum
1404 2728 1721 2795 consistere,
1753 2737 2029 2799 propterea

455 2836 552 2876 eos
576 2821 881 2876 consolatur
898 2836 993 2890 per
1014 2835 1208 2875 nomen
1234 2818 1486 2874 Ecclesia:
1511 2834 1525 2873 :
1552 2834 1675 2873 nam
1700 2819 1784 2873 ubi
1809 2819 2030 2875 multum

464 2922 671 2982 tempus
701 2913 1051 2982 praeterierat,
1093 2918 1149 2964 et
1175 2924 1396 2979 magnus
1420 2917 1534 2963 erat
1563 2918 1734 2966 certus
1756 2908 2030 2976 Ecclesiae,

462 3003 565 3058 hoc
612 3019 716 3058 non
746 3004 914 3074 ponit.
937 3003 1195 3071 Quoniam
1228 3009 1403 3056 autem
1444 3016 1637 3056 nomen
1678 3002 2034 3058 multitudinis

461 3105 517 3150 ut
542 3095 825 3167 plurimum
854 3110 1046 3150 nomen
1076 3094 1348 3160 Ecclesim,
1388 3101 1443 3148 et
1481 3102 1653 3148 cattus
1690 3093 1803 3161 jam
1822 3094 2032 3149 collecti

460 3198 515 3243 et
553 3188 917 3251 consistentis,
968 3185 1088 3240 ideo
1116 3199 1209 3239 eos
1229 3185 1306 3238 sic
1334 3193 1507 3237 vocat.
1538 3181 1603 3237 In
1634 3181 1743 3237 Deo
1767 3223 1782 3247 ,
1824 3184 1993 3253 inquit
2015 3225 2031 3250 ,

461 3276 616 3330 Patre
635 3286 680 3330 et
702 3274 922 3329 Domino
945 3274 1071 3328 Jesu
1093 3274 1312 3328 Christo.
1335 3273 1612 3339 Ecclesiaz,
1643 3273 1832 3343 inquit,
1861 3273 2032 3329 Thes-

461 3366 872 3421 salonicensium
922 3380 1040 3435 qua:
1068 3371 1151 3419 est
1176 3364 1228 3418 in
1252 3364 1379 3418 Deo.
1409 3364 1546 3419 Ecce
1573 3379 1757 3419 rursus
1787 3363 1935 3430 illud,
1968 3363 2035 3419 In

461 3455 599 3523 Deo,
638 3454 834 3510 dictum
862 3464 946 3511 est
974 3456 1025 3509 in
1055 3455 1212 3510 Patre
1239 3463 1293 3509 et
1323 3455 1375 3508 in
1403 3454 1559 3510 Filio.
1585 3454 1718 3510 Illud
1744 3465 1945 3523 autem,
1968 3454 2036 3509 In

462 3544 571 3599 Deo
590 3586 605 3610 ,
633 3544 798 3610 dicit,
837 3545 958 3615 quia
986 3528 1168 3599 multa:
1198 3553 1352 3597 erant
1377 3544 1620 3599 ecclesia:
1643 3553 1695 3600 et
1718 3544 1954 3601 Judaicze
1979 3554 2034 3601 et

460 3634 682 3690 Graecae.
735 3635 919 3706 Magna
948 3646 1028 3691 est
1056 3635 1307 3705 dignitas,
1340 3643 1396 3689 ct
1422 3636 1506 3689 cui
1537 3636 1669 3690 nihil
1697 3647 1779 3691 est
1803 3638 2029 3707 mqttale,

460 3728 506 3783 si
528 3737 612 3783 est
640 3729 690 3782 in
715 3729 844 3783 Deo.
875 3728 1030 3783 Faxit
1046 3743 1173 3798 ergo
1195 3728 1333 3781 Deus
1357 3736 1412 3780 ut
1433 3726 1549 3781 haec
1570 3743 1779 3798 quoque
1796 3728 2033 3785 Ecclesia

458 3821 539 3874 sic
568 3830 787 3875 vocetur
811 3837 824 3874 :
852 3833 1043 3874 vereor
1072 3828 1248 3873 autem
1274 3833 1341 3873 ne
1363 3817 1519 3887 longe
1545 3817 1613 3872 sit
1637 3819 1704 3873 ab
1732 3818 1831 3874 hac
1850 3821 2035 3890 appel-

458 3913 679 3969 latione.
704 3911 837 3967 Nam
868 3911 914 3966 si
940 3911 1057 3981 quis
1094 3922 1177 3965 εει
1212 3924 1397 3965 servus
1427 3910 1625 3980 peccati
1657 3950 1674 3977 ,
1726 3927 1831 3967 non
1860 3921 2039 3982 potest

459 4007 564 4061 dici
593 4007 645 4061 in
672 4005 801 4060 Deo.
836 4002 1013 4058 Gratia
1065 4003 1199 4057 vobis
1239 4012 1285 4056 et
1326 4019 1447 4073 pax.
1507 4002 1693 4057 Vidisti
1720 4006 2033 4073 prooemium

463 4096 718 4169 Epistula:
746 4096 925 4150 statim
955 4109 1075 4149 esse
1104 4110 1134 4149 a
1164 4094 1442 4148 laudibus?
1470 4092 1673 4148 Gratias
1702 4097 1898 4166 agimus
1927 4095 2036 4150 Deo

460 4204 664 4259 semper
707 4203 799 4258 pro
836 4186 1071 4241 onmibus
1099 4184 1257 4250 vobis,
1307 4186 1600 4238 memoriam
1625 4188 1774 4239 vestri
1798 4188 2036 4257 facientes

458 4284 517 4336 in
544 4280 855 4336 orationibus
901 4278 1105 4334 nostris.
1132 4276 1265 4333 Nam
1294 4293 1390 4348 pro
1423 4277 1553 4346 ipsis
1594 4277 1702 4330 Deo
1739 4292 1895 4346 agerc
1920 4293 2038 4346 gra-

460 4374 587 4439 tias,
627 4382 710 4427 est
738 4372 852 4443 eius
873 4372 960 4442 qui
988 4386 1087 4426 suo
1117 4368 1424 4425 testimonio
1453 4368 1583 4437 ipsis
1609 4367 1835 4421 multum
1860 4368 2041 4423 tribuit

463 4465 760 4535 profectum
787 4507 801 4531 ,
848 4463 1062 4534 quando
1093 4478 1197 4517 non
1226 4462 1397 4517 solum
1440 4458 1540 4530 ipsi
1573 4459 1889 4526 laudantur,
1945 4460 2053 4515 sed.

465 4556 578 4609 Duo
599 4569 811 4626 quoque
840 4562 1066 4624 aguntur
1092 4543 1298 4622 gratim,
1354 4558 1411 4605 ut
1436 4550 1525 4621 qui
1557 4550 1670 4619 ipse
1696 4550 1871 4605 omnia
1913 4563 2040 4620 Ope-

462 4656 633 4702 retur.
667 4647 830 4701 Docet
858 4659 951 4700 eos
978 4658 1189 4714 quoque
1233 4657 1291 4698 se
1322 4640 1566 4696 modeste
1603 4654 1810 4710 gerere,
1852 4654 2043 4710 prope-

463 4734 682 4791 modum
730 4734 913 4790 dicens
952 4734 1262 4789 universum
1306 4746 1427 4788 esse
1466 4732 1557 4786 Dei
1590 4731 1816 4786 virtutis.
1869 4732 2044 4803 Atque

467 4826 670 4895 gratias
707 4823 920 4894 quidem
960 4838 1119 4894 agere
1143 4864 1158 4889 ,
1189 4832 1271 4878 est
1306 4831 1521 4894 propter
1556 4831 1701 4878 recte
1728 4822 1896 4886 facta;
1929 4837 2044 4877 me-

468 4916 690 4971 minisse
714 4926 892 4971 autem
918 4916 969 4971 in
992 4914 1347 4981 orationibus,
1376 4922 1459 4968 est
1485 4930 1594 4969 sua:
1635 4912 1687 4968 in
1730 4914 1875 4984 ipsos
1914 4908 2047 4969 dileo

468 5007 686 5063 ctiunis.
715 5008 934 5072 Deinde,
963 5008 1105 5079 quod
1135 5007 1316 5062 multis
1339 5007 1389 5061 in
1417 5005 1548 5061 locis
1571 5006 1713 5072 facit,
1746 5016 1803 5061 ut
1830 5022 1934 5079 non
1956 5021 2046 5061 so-

468 5102 577 5155 lum
627 5101 933 5158 meminerit
987 5102 1038 5154 in
1085 5099 1453 5164 orationibus,
1506 5097 1601 5152 sed
1651 5098 1808 5153 etiam
1849 5098 2048 5168 absque

466 5195 798 5250 orationibus
823 5213 838 5260 ;
872 5195 997 5250 Sine
1025 5194 1415 5259 intermissione,
1442 5192 1632 5262 inquit,
1659 5209 1900 5247 memores
1929 5208 2050 5258 ope-

470 5284 542 5338 ris
569 5284 685 5350 ﬁdei
714 5294 909 5347 vestrm,
961 5292 1007 5337 et
1036 5283 1225 5336 laboris
1253 5282 1502 5347 caritatis,
1545 5290 1591 5336 et
1610 5282 1919 5335 sustinentia:
1942 5281 2049 5350 spei

473 5373 681 5428 Domini
705 5372 1010 5428 nostrilesu
1031 5372 1236 5435 Christi,
1267 5381 1385 5426 ante
1418 5370 1584 5424 Deum
1623 5380 1668 5425 et
1712 5370 1915 5424 Patrem
1954 5386 2050 5424 no-

475 5476 655 5519 stram.
677 5464 814 5531 Quid
837 5473 917 5519 est
946 5462 1095 5528 illud,
1121 5463 1246 5519 Sine
1265 5463 1629 5518 intermissione
1648 5478 1888 5516 memores
1911 5460 2053 5517 ?Vel

474 5571 742 5611 memores
766 5566 890 5611 ante
916 5556 1081 5611 Deum
1106 5564 1163 5611 et
1190 5556 1402 5610 Patrem
1428 5571 1442 5619 ;
1473 5556 1555 5609 vel
1591 5554 1787 5609 laboris
1815 5554 2051 5608 caritatis

476 5663 745 5704 memores
790 5658 912 5704 aute
941 5649 1103 5705 Deum
1129 5657 1183 5704 ct
1208 5649 1417 5704 Patrem
1450 5654 1708 5705 nostrum.
1740 5646 1853 5703 Non
1881 5649 2051 5702 solum

1287 242 1353 298 IN
1395 239 1610 298 EPIST.
1654 239 1674 294 Ι
1740 239 1833 294 AD
1872 230 2201 292 TllESSAL.
2243 230 2397 288 CAP.
2440 230 2481 285 l.
2524 228 2751 284 HOMIL.
2793 225 2832 281 l.

3597 229 3700 286 δοι

2121 354 2300 402 autem
2329 343 2482 409 dixit,
2515 342 2640 397 Sine
2668 341 3036 396 intermissione
3059 357 3327 409 memores,
3353 341 3447 398 sed
3473 343 3699 412 addidit,

2132 437 2314 492 Vestri.
2350 434 2585 497 Deinde,
2629 448 2695 488 ne
2740 442 2895 503 putes
2941 432 3090 498 illud,
3126 431 3333 498 Vestri,
3382 435 3498 489 sine
3538 451 3699 491 causa

2123 529 2249 593 dici,
2282 526 2576 596 subjunxit,
2607 526 2735 577 Ante
2762 523 2925 576 Deum
2956 534 3001 579 et
3033 524 3241 578 Patrem
3277 536 3524 581 nostrum.
3572 527 3704 594 Quia

2125 620 2268 677 enim
2302 620 2478 674 nullus
2506 617 2781 671 hominum
2824 615 3070 670 laudabat
3099 632 3216 686 qua:
3256 616 3492 683 (iubant,
3545 635 3706 675 nemo

2126 710 2387 766 reddebat
2416 707 2741 774 mercedem,
2772 708 2871 762 hoc
2900 709 3058 761 etiam
3088 706 3234 763 addit
3264 726 3277 761 :
3309 724 3372 763 ac
3403 710 3449 764 si
3478 709 3702 774 diceret,

2126 802 2424 858 Cottlidile:
2467 816 2649 855 coram
2674 800 2782 854 Deo
2810 798 3086 854 laboratis.
3120 799 3257 865 Quid
3284 812 3386 866 est,
3430 800 3611 871 Operis
3637 804 3705 871 ﬁ-

2126 896 2253 949 dei?
2306 894 2604 948 lnstitutum
2634 903 2867 946 vestrum
2899 900 2952 947 et
2980 891 3282 946 instantiam
3325 908 3482 948 nemo
3508 894 3658 948 ﬂexit
3693 913 3704 946 :

2129 986 2229 1041 huc
2255 996 2337 1042 est
2362 985 2502 1039 enim
2532 999 2667 1053 upus
2698 984 2839 1039 lidei.
2881 984 2935 1039 Si
2963 984 3159 1049 credis,
3200 986 3379 1041 oumia
3406 995 3589 1055 patere
3620 1006 3633 1042 :
3663 989 3707 1042 si

2126 1088 2302 1132 autem
2351 1091 2456 1132 non
2504 1077 2739 1147 pateris,
2798 1092 2902 1133 non
2951 1077 3145 1132 credis.
3201 1079 3390 1133 Annon
3413 1079 3555 1135 enim
3584 1092 3708 1135 sunt

2128 1167 2390 1238 ejusmodi
2439 1184 2557 1237 qua)
2604 1176 2729 1221 sunt
2770 1167 3051 1236 promissa,
3105 1177 3161 1221 ut
3212 1170 3310 1224 vel.
3333 1170 3476 1225 mille
3508 1180 3708 1226 mortes

2131 1261 2238 1328 pati
2269 1260 2536 1315 electurus
2560 1260 2629 1313 sit
2657 1260 2745 1329 qui
2768 1260 2977 1315 credit?
3005 1261 3329 1329 Propuuitur
3358 1277 3577 1332 regnum
3599 1279 3708 1318 cte-

2130 1342 2303 1404 lurum
2344 1358 2401 1405 et
2448 1351 2818 1405 immortalitas
2842 1358 2898 1405 et
2927 1352 3037 1404 vita
3058 1361 3276 1404 :rtcrna.
3311 1352 3408 1420 Qui
3440 1368 3567 1422 ergo
3586 1368 3707 1407 creo

2130 1441 2226 1506 dit,
2256 1440 2434 1494 omnia
2462 1442 2715 1509 patietur.
2738 1440 2880 1510 Ergo
2911 1440 3042 1494 lides
3075 1456 3168 1509 per
3195 1457 3358 1511 opera
3388 1444 3704 1497 ostenditur.

2130 1532 2316 1586 Merito
2342 1531 2500 1601 igitur
2523 1531 2678 1597 dixit,
2713 1532 2844 1585 Eam
2873 1547 2977 1586 nou
3009 1540 3315 1601 utcumque.
3351 1533 3563 1604 sedper
3581 1549 3708 1605 0pc-

2132 1641 2188 1678 ra
2212 1622 2499 1689 ostendite,
2552 1637 2646 1691 per
2684 1622 3013 1687 instantiam,
3045 1637 3142 1692 per
3166 1622 3329 1677 animi
3356 1624 3704 1681 alacritatem.

2133 1715 2197 1770 Et
2222 1714 2407 1768 laboris
2436 1715 2681 1767 caritatis.
2710 1713 2965 1781 Quisnam
2993 1722 3075 1769 est
3103 1715 3253 1770 labor
3273 1725 3560 1788 utcumque
3586 1718 3709 1772 dili-

2130 1807 2293 1877 gere?
2331 1804 2520 1861 Nullus
2558 1803 2710 1860 labor
2740 1820 2753 1856 :
2796 1821 3048 1875 germane
3075 1815 3251 1861 autem
3280 1818 3333 1863 et
3353 1809 3558 1864 sincere
3585 1810 3710 1865 dili-

2131 1915 2293 1969 gere,
2339 1897 2538 1953 multus
2579 1906 2661 1953 est
2719 1898 2890 1953 labor.
2929 1899 3153 1966 Quando
3177 1900 3707 1973 euitn,.dic.quauso,

2135 1998 2417 2046 moventur
2443 1988 2851 2045 innumerabilia
2894 2005 3015 2060 qua:
3054 2005 3153 2045 nos
3188 1992 3365 2046 volunt
3395 1992 3657 2048 abducere
3679 2009 3710 2047 a

2132 2085 2355 2140 caritate
2377 2124 2392 2150 ,
2428 2096 2525 2137 nos
2552 2091 2731 2137 autem
2757 2082 3004 2137 omnibus
3052 2083 3369 2149 resistimus,
3425 2100 3600 2141 annon
3630 2096 3711 2140 est

2136 2176 2330 2231 labor?
2356 2175 2492 2243 Quid
2524 2176 2668 2231 enim
2709 2191 2815 2230 non
2841 2176 2983 2246 passi
3007 2185 3131 2231 sunt
3158 2178 3279 2244 isti,
3334 2186 3391 2233 ut
3425 2193 3456 2232 a
3494 2180 3714 2237 caritate

2136 2284 2239 2323 non
2267 2267 2651 2323 discederent?
2677 2283 2857 2323 nonne
2883 2269 2947 2324 ad
2978 2269 3125 2324 Pauli
3167 2269 3432 2341 hospitem
3450 2285 3714 2329 venerunt

2136 2362 2273 2433 (Act.
2298 2362 2385 2415 Π.
2418 2361 2498 2431 5),
2526 2361 2616 2430 qui
2637 2361 2838 2416 bellum
2867 2364 3124 2431 gerebant
3151 2380 3271 2419 cum
3296 2367 3671 2435 prmdicntiunc
3696 2388 3710 2433 ;

2135 2463 2189 2508 et
2216 2469 2336 2507 cum
2369 2468 2488 2507 eum
2517 2466 2623 2507 non
2656 2452 3016 2520 invenissent,
3067 2455 3241 2525 ipsum
3274 2456 3515 2513 Iasonem
3539 2458 3713 2514 trahe-

2139 2547 2266 2602 bant
2290 2545 2724 2615 admagistratus
2753 2545 3021 2602 civitatis?
3074 2547 3240 2604 llicne
3260 2559 3340 2605 est
3356 2552 3490 2621 ,dic,
3509 2567 3710 2621 quaeso.

2138 2653 2333 2711 parvus
2361 2638 2534 2703 labor,
2587 2653 2707 2692 cum
2752 2637 2957 2694 semina
2988 2638 3225 2694 nondum
3271 2642 3670 2697 concrevissent
3696 2684 3709 2701 .

2140 2741 2339 2786 tantam
2390 2731 2528 2788 ferre
2562 2739 2972 2801 tempestatem,
3024 2742 3196 2789 tantas
3245 2733 3568 2790 tentationes
3593 2735 3616 2788 't
3646 2733 3713 2788 Et

2137 2824 2419 2877 cantionem
2443 2824 2505 2875 ab
2530 2838 2588 2877 eo
2609 2832 2875 2893 exegerunt
2904 2821 3063 2893 (Ibid.
3095 2838 3141 2878 υ.
3176 2823 3257 2892 9).
3310 2824 3422 2892 Qua
3454 2824 3599 2893 data,
3630 2825 3713 2879 in-

2138 2915 2271 2986 quit.
2301 2913 2482 2970 emisit
2503 2913 2748 2969 Paulum.
2782 2914 2944 2969 Estne
2976 2913 3076 2968 hoc
3102 2929 3347 2982 parvum,
3374 2914 3714 2985 dic,qua:so?

2140 3022 2318 3062 nonne
2339 3006 2571 3075 seipsum
2594 3000 2690 3074 pro
2716 3004 2808 3059 illo
2836 3004 3057 3075 subjecit
3085 3004 3362 3073 periculo?
3390 3005 3540 3060 Huitc
3563 3005 3714 3061 labo-

2140 3113 2253 3152 rem
2282 3096 2412 3151 dicit
2435 3096 2695 3161 caritatis,
2725 3094 2974 3165 quoniam
3003 3095 3080 3149 sic
3109 3094 3328 3150 fuerunt
3358 3096 3579 3167 alligati.

2208 3186 2263 3240 2.
2300 3185 2428 3241 Vide
2452 3194 2633 3241 autem
2657 3203 2669 3238 :
2696 3184 2926 3253 primum
2953 3184 3080 3239 dicit
3102 3200 3221 3254 qua:
3249 3184 3325 3239 illi
3357 3195 3503 3240 recte
3527 3202 3713 3257 gessuo

2140 3285 2286 3340 runt,
2309 3275 2501 3331 deinde
2522 3290 2641 3344 qua:
2681 3274 2818 3345 ipse,
2852 3290 2920 3328 ne
2945 3276 3219 3331 videretur
3247 3275 3314 3330 de
3344 3291 3402 3330 se
3430 3277 3573 3347 loqui
3606 3295 3715 3333 tua-

2137 3367 2349 3439 gnilice,
2379 3382 2549 3436 neque
2562 3381 2655 3421 eos
2670 3367 3008 3436 auticipando
3029 3368 3270 3437 diligere.
3295 3368 3361 3422 Et
3382 3371 3712 3437 sustinentia,

2140 3459 2347 3527 inquit,
2400 3457 2449 3512 id
2479 3466 2582 3523 est,
2615 3458 2933 3511 tolerantiae.
2964 3458 3143 3528 Neque
3166 3459 3307 3513 enim
3341 3475 3447 3514 uno
3475 3469 3715 3530 tempore

2141 3548 2239 3602 fuit
2288 3548 2374 3601 illa
2424 3549 2785 3616 porseqtttttio,
2840 3548 2934 3603 sed
2989 3559 3294 3618 perpetuo:
3344 3566 3517 3621 neque
3545 3552 3716 3607 solum

2143 3641 2339 3694 bellum
2370 3640 2631 3710 gerebant
2653 3655 2769 3694 cum
2799 3640 2964 3695 Paulo
2992 3642 3265 3710 magistro,
3293 3643 3386 3698 sed
3414 3643 3574 3698 etiam
3594 3659 3714 3701 cum

2141 3732 2437 3801 discipulis.
2469 3731 2525 3784 Si
2551 3731 2694 3785 enim
2720 3731 2790 3784 ita
2814 3739 2966 3786 erant
2994 3731 3167 3787 allecti
3195 3733 3248 3787 in
3276 3748 3370 3788 eos
3424 3734 3513 3803 qui
3552 3735 3714 3790 facie-

2142 3824 2269 3879 baut
2310 3823 2564 3877 miracula
2589 3863 2603 3887 ,
2657 3822 2798 3875 viros
2838 3822 2996 3890 plane
3032 3822 3395 3878 reverendus:
3452 3824 3718 3893 quomodo

2140 3917 2414 3973 existimas
2445 3914 2608 3969 fuisse
2638 3912 2858 3968 aﬂ‘ectus
2880 3914 2931 3967 in
2958 3929 3051 3969 eos
3077 3914 3167 3985 qui
3195 3930 3316 3969 cum
3346 3915 3475 3985 ipsis
3506 3915 3714 3972 habita-

2142 4010 2285 4072 bant,
2310 4020 2606 4077 eorumque
2635 4006 2779 4060 cives
2796 4015 2969 4070 erant,
2998 4016 3051 4059 et
3075 4017 3294 4075 repente
3320 4006 3719 4064 abscedebant?

2142 4100 2292 4170 Quod
2319 4099 2536 4170 quidem
2563 4098 2630 4152 de
2657 4097 2785 4165 ipsis
2829 4110 3039 4165 quoque
3071 4104 3313 4160 testatur,
3342 4096 3547 4164 dicens,
3581 4097 3712 4152 Imi-

2142 4200 2323 4242 tatores
2351 4188 2518 4259 fuistis
2572 4184 2913 4238 Ecclesiarum
2964 4184 3094 4251 Dei,
3149 4200 3262 4251 ante
3303 4186 3496 4239 suntin
3532 4185 3718 4242 Iudaea

2146 4281 2225 4348 (l.
2262 4278 2438 4331 Thess.
2476 4278 2531 4330 2.
2567 4274 2678 4345 14).
2704 4274 2864 4346 Spei,
2918 4276 3121 4345 inquit,
3157 4275 3358 4330 Domini
3400 4280 3560 4333 nostri
3595 4280 3731 4336 Iesu.

2145 4369 2356 4436 Christi,
2382 4378 2497 4422 ante
2518 4366 2684 4421 Deum
2708 4377 2753 4421 et
2770 4367 2974 4422 Patrem
2999 4379 3245 4422 nostrum.
3266 4369 3434 4426 Recte
3462 4372 3540 4427 sic
3565 4373 3717 4429 dixit:

2146 4461 2260 4516 hau:
2289 4460 2430 4515 enim
2454 4460 2633 4514 omnia
2665 4468 2790 4513 sunt
2814 4473 2842 4512 a
2874 4458 2979 4512 lide
2998 4468 3051 4513 et
3078 4473 3194 4526 spe.
3222 4459 3581 4527 Quamobrem
3612 4480 3717 4520 non

2148 4553 2318 4607 solum
2344 4550 2494 4605 fortis
2511 4558 2562 4604 et
2583 4550 2758 4620 magni
2779 4549 2940 4602 animi
2962 4549 3212 4604 virtutem
3236 4550 3722 4623 ostendebantqna:

2149 4642 2365 4707 ﬁebant,
2394 4642 2487 4697 sed
2516 4640 2677 4697 etiam
2707 4640 2847 4709 quod
2869 4655 2987 4694 cum
3005 4648 3147 4695 certa
3167 4642 3509 4711 persuasione
3531 4644 3723 4701 crede-

2155 4736 2285 4790 bant
2310 4732 2542 4803 prtetuiis
2576 4731 2843 4800 repositis.
2873 4730 3162 4801 Propterea
3214 4734 3558 4801 permittebat
3587 4736 3727 4793 Deus

2152 4836 2209 4880 ut
2238 4826 2417 4880 Statim
2444 4823 2634 4878 tierent
2659 4824 3122 4892 persequutiones.
3149 4839 3217 4878 ne
3244 4824 3583 4893 quisdiceret
3596 4841 3723 4882 casu

2152 4926 2207 4973 et
2234 4916 2538 4971 adulatione
2565 4924 2815 4969 constare
2839 4913 3299 4984 praedicationem,
3322 4924 3385 4971 et
3398 4924 3457 4970 ut
3474 4916 3725 4973 ostendo-

2154 5019 2304 5064 retur
2329 5023 2512 5063 eorum
2543 5002 2753 5070 fetvor;
2778 5012 2832 5060 et
2857 5004 2998 5073 quod
3027 5022 3133 5061 non
3161 5014 3305 5060 esset
3333 5005 3565 5060 humana
3594 5023 3722 5076 per-

2155 5099 2333 5155 suasio
2353 5139 2367 5162 ,
2415 5096 2508 5152 sed
2540 5096 2633 5151 Dei
2663 5095 2832 5151 virtus
2858 5112 2977 5164 qua:
3003 5096 3336 5151 credentium
3377 5099 3733 5166 persuabebat

2156 5191 2367 5252 animis,
2409 5196 2467 5242 ut
2493 5187 2580 5242 vel
2623 5185 2691 5241 ad
2736 5186 2882 5241 mille
2908 5198 3111 5241 mortes
3131 5197 3311 5241 essent
3338 5189 3529 5257 parati.
3579 5189 3732 5257 Quod

2157 5281 2369 5353 quidem
2415 5294 2519 5333 non
2549 5277 2756 5345 luisset,
2799 5277 2900 5332 nisi
2922 5278 3099 5331 statim
3127 5278 3180 5331 in
3210 5278 3475 5346 profundo
3496 5283 3733 5336 coaluis-

2160 5382 2262 5436 set,
2316 5381 2369 5424 et
2423 5367 2735 5423 conﬁrmata
2791 5365 2973 5423 luisset
3023 5368 3348 5437 prmdicatiu,
3401 5380 3460 5426 et
3500 5374 3741 5429 stetisset

2164 5462 2471 5517 immobilis.
2518 5462 2572 5515 Δ.
2622 5459 2867 5524 Scientes,
2900 5463 3083 5531 fratres
3120 5460 3313 5528 dilecti,
3340 5478 3373 5515 a
3401 5464 3508 5518 Deo
3535 5464 3738 5520 electio-

2164 5569 2273 5607 nem
2321 5562 2553 5615 vestram,
2578 5551 2630 5606 5.
2662 5549 2797 5621 quod
2823 5550 3134 5622 evangelium
3158 5563 3385 5607 nostrum
3412 5571 3514 5610 non
3551 5558 3650 5624 {nit
3674 5559 3742 5611 ad

2168 5660 2247 5699 vos
2300 5644 2348 5696 in
2376 5658 2601 5698 sermone
2642 5652 2855 5710 tantum,
2907 5642 2993 5697 sed
3022 5652 3069 5698 et
3094 5644 3145 5698 in
3168 5645 3370 5715 virtute,
3394 5655 3441 5701 et
3467 5646 3518 5701 in
3545 5648 3749 5718 Spiritu
