4064 6210
430 245 538 302 595

429 367 623 420 sancto,
665 363 710 409 et
737 353 788 408 in
818 351 1127 424 plenitudine
1155 351 1314 419 multa
1338 364 1358 404 :
1386 349 1513 403 sicut
1533 349 1670 403 scitis
1691 347 1866 419 quales
1894 348 2010 418 fue-

430 452 590 502 rimus
618 447 671 500 in
697 447 833 500 vobis
851 454 1058 516 propter
1086 458 1192 496 vos.
1222 439 1361 510 Quid
1390 449 1474 494 est
1495 440 1638 510 quod
1661 439 1812 507 dicit,
1854 439 2011 508 Scitis

426 539 605 611 quales
650 533 898 610 fuerimus
941 537 994 590 in
1021 535 1201 590 vobis?
1244 533 1342 588 Hic
1365 534 1527 589 etiam
1553 533 1720 603 tangit
1745 549 1864 604 qua:
1893 549 1922 588 a
1951 550 2012 590 se

413 627 574 686 'recte
600 639 774 699 gesta,
819 625 915 682 sed
939 635 1076 682 tecte
1107 633 1160 681 et
1184 622 1500 678 adumbrate
1528 639 1541 676 :
1571 623 1684 678 vult
1712 624 1853 679 enim
1895 625 2008 694 pri-

429 737 571 776 munt
601 735 785 796 eorum
817 717 1004 774 laudes
1031 716 1298 786 persequi.
1334 713 1488 781 Quod
1517 725 1694 770 autem
1727 715 1877 781 dicit,
1928 724 2012 771 est

430 804 735 884 huiusmodi
764 829 778 866 :
819 811 1082 868 Scivimus
1111 809 1254 879 quod
1286 808 1403 863 sitis
1428 822 1493 863 ex
1536 807 1764 865 fortibus
1792 817 1847 864 et
1891 824 2004 864 ma.

428 906 548 973 guis
579 903 730 965 viris,
759 911 813 957 et
841 900 982 972 quod
1013 916 1078 956 ex
1111 899 1336 955 electis:
1361 909 1643 970 propterea
1675 915 1772 955 uos
1798 915 2009 970 quoque

431 1006 648 1066 propter
672 1009 766 1050 vos
795 994 974 1049 omnia
1021 994 1368 1062 sustinemus.
1424 991 1555 1046 illud
1587 992 1729 1048 enim
1756 1035 1771 1060 ,
1821 993 2009 1060 Quales

427 1087 673 1152 fuerimus
718 1087 770 1140 in
821 1086 994 1152 vobis,
1035 1084 1138 1139 hoc
1181 1084 1464 1154 signiﬁcat,
1491 1083 1633 1154 quod
1663 1097 1784 1138 cum
1816 1100 2007 1156 magna

422 1179 586 1234 animi
614 1179 892 1234 alacritate
921 1187 976 1233 et
1004 1177 1170 1232 multa
1198 1177 1534 1231 vehementia
1566 1175 1734 1245 parati
1763 1190 2008 1232 essemus

421 1271 625 1324 animas
657 1279 866 1324 nostras
895 1268 1026 1324 dare
1065 1276 1281 1338 propter
1309 1253 1436 1333 vos;
1491 1266 1754 1338 hujusque
1792 1283 1897 1322 non
1926 1279 2010 1325 est

424 1363 577 1418 nobis
606 1361 847 1416 habenda
894 1359 1063 1430 gratia
1089 1400 1104 1424 ,
1157 1358 1251 1414 sed
1276 1357 1448 1423 vobis,
1498 1357 1644 1428 quod
1672 1359 1790 1412 sitis
1821 1360 2002 1414 electi.

421 1455 711 1523 Pr0ptcrea
755 1449 878 1506 alibi
917 1465 1130 1521 quoque
1155 1449 1327 1505 dicit:
1377 1448 1445 1503 Et
1482 1450 1588 1504 lucc
1614 1451 1779 1520 patior
1802 1462 2008 1527 propter

419 1547 600 1600 electos
628 1544 708 1610 (9...
735 1542 864 1598 Tim.
889 1541 945 1598 2.
970 1541 1080 1610 10).
1101 1541 1230 1596 Nam
1256 1556 1352 1612 pro
1381 1541 1492 1596 Deo
1513 1541 1725 1596 dilectis
1750 1542 1874 1611 quid
1898 1558 2003 1598 non

421 1635 683 1703 patiaris?
724 1636 790 1689 Et
825 1650 946 1690 cum
973 1633 1197 1688 dixisset
1222 1633 1364 1704 quod
1387 1648 1540 1688 suum
1569 1641 1703 1699 erat,
1730 1633 1859 1689 dicit
1884 1649 2008 1704 pro-

419 1729 703 1798 pernodum
735 1746 748 1781 :
808 1727 866 1783 Si
904 1727 1045 1782 enim
1067 1727 1199 1781 estis
1223 1734 1279 1781 ct
1307 1726 1487 1782 dilecti
1514 1736 1567 1783 ct
1595 1727 1786 1794 electi,
1826 1729 2004 1782 omnia

419 1822 610 1875 merito
655 1821 1000 1876 sustinemus.
1052 1819 1168 1874 Non
1211 1819 1661 1897 enitn_laudando
1698 1835 1790 1876 eos
1829 1821 2002 1875 solum

419 1913 766 1969 conﬁrmabat
787 1915 970 1985 eisque
994 1914 1234 1967 aninttttn
1263 1911 1512 1974 addebat,
1545 1912 1637 1967 sed
1665 1913 1824 1971 etiam
1851 1930 2004 1970 revo-

417 2004 588 2059 cando
616 2005 670 2082 in
699 2003 1033 2065 memoriam,
1058 2002 1199 2074 quod
1229 2003 1329 2072 ipsi
1358 2001 1720 2058 ostendissent
1745 2005 1996 2080 virtutem

417 2105 471 2150 et
497 2095 863 2150 fortitudinem
889 2108 1073 2148 eorum
1092 2093 1254 2147 animi
1275 2092 1534 2147 alacritati
1563 2093 1998 2163 respondentem.

419 2185 556 2240 Dicit
593 2186 792 2254 itaque,
836 2183 890 2238 6.
926 2182 992 2237 Et
1035 2199 1121 2237 vos
1151 2172 1428 2257 imitatores
1473 2185 1630 2250 nostri
1657 2168 1783 2257 facti
1808 2187 1926 2240 estis
1954 2197 2000 2242 et

425 2275 644 2339 Domini,
674 2274 977 2342 excipientes
996 2270 1198 2326 verbum
1227 2263 1278 2327 in
1309 2272 1817 2330 tribulatione‘multa
1835 2317 1850 2340 ,
1882 2295 1997 2333 cum

423 2365 610 2435 gaudio
644 2365 874 2434 Spiritus
901 2365 1083 2418 sancti.
1126 2363 1282 2433 Papae
1308 2363 1321 2418 !
1352 2374 1608 2438 quantum
1662 2355 1996 2442 encomium!

420 2448 681 2523 discipuli
719 2464 945 2524 repente
1004 2453 1127 2509 facti
1175 2461 1302 2510 sunt
1346 2447 1627 2526 magistri:
1670 2473 1776 2512 non
1826 2459 1996 2514 solum

416 2550 700 2603 audierunt
725 2547 982 2612 verbum,
1033 2547 1128 2602 sed
1154 2547 1315 2602 etiam
1345 2545 1413 2601 ad
1458 2547 1598 2602 idem
1640 2562 1999 2619 pervenerunt

417 2641 683 2710 fastigium
713 2639 778 2692 ad
810 2637 951 2708 quod
987 2637 1201 2692 Paulus.
1251 2635 1358 2692 Sed
1391 2637 1493 2693 hoc
1533 2638 1664 2693 nihil
1691 2649 1774 2695 est
1808 2663 1820 2696 :
1876 2642 1996 2698 vide

415 2731 558 2787 enim
589 2729 858 2800 quomodo
885 2739 1069 2800 postea
1109 2743 1203 2784 eos
1241 2728 1502 2784 extollat:
1547 2728 1838 2785 lmitatores
1873 2733 1999 2799 {acti

416 2826 532 2878 estis
560 2823 786 2878 Domini.
817 2821 1139 2890 Quomodo?
1169 2820 1495 2891 Excipientes
1521 2821 1721 2875 verbum
1753 2825 1804 2877 in
1831 2826 1992 2878 tribu-

412 2921 601 2974 latione
622 2919 800 2983 multa,
829 2933 942 2971 cum
969 2916 1154 2987 gaudio
1195 2915 1419 2986 Spiritus
1439 2915 1622 2970 sancti.
1677 2915 1792 2970 Non
1822 2917 1994 2996 solum

414 3029 534 3068 cum
575 3011 918 3066 tribulatione
951 3017 1006 3063 et
1028 3007 1316 3063 afflictione
1339 3051 1354 3076 ,
1373 3007 1478 3080 sed
1500 3021 1620 3062 cum
1645 3009 1832 3064 multa.
1883 3010 1996 3066 Hoc

414 3115 591 3160 autem
619 3087 744 3158 licet
764 3101 975 3158 discere
1003 3115 1070 3156 ex
1103 3100 1252 3155 Actis
1294 3092 1661 3168 apostolorum
1691 3100 1827 3172 (Act.
1853 3088 1940 3170 17)
1976 3145 1990 3169 ,

412 3193 682 3265 quomodo
711 3186 1023 3248 excitarunt
1067 3193 1119 3246 in
1147 3205 1241 3247 eos
1268 3194 1740 3270 persequutionem
1777 3211 1790 3248 :
1847 3194 1993 3250 Cou-

415 3285 783 3350 turbavernut,
835 3283 1025 3353 inquit,
1060 3282 1404 3352 magistratus
1432 3297 1620 3338 omnes
1641 3283 1894 3351 civitatis,
1940 3297 1996 3342 et

413 3377 682 3431 civitatem
716 3374 1121 3430 concitaverunt
1143 3372 1196 3427 in
1225 3371 1390 3443 ipsos.
1423 3371 1608 3444 Neque
1634 3373 1737 3431 dici
1779 3385 1992 3446 potest,

411 3467 595 3524 amicti
628 3465 842 3538 quidem
875 3465 1004 3522 estis
1027 3475 1079 3521 et
1099 3463 1425 3530 credidistis,
1453 3465 1547 3522 sed
1573 3465 1852 3534 dolentes;
1885 3467 1994 3524 imo

414 3577 540 3616 vero
569 3560 877 3630 gaudentes.
931 3557 1082 3626 Quod
1121 3557 1336 3630 quidem
1383 3558 1647 3615 faciebant
1671 3561 1830 3617 etiam
1862 3577 1993 3633 apo-

413 3654 532 3706 διοιί
561 3655 578 3706 :
609 3649 931 3718 Gaudentes,
969 3649 1139 3719 inquit
1162 3691 1178 3715 ,
1205 3649 1342 3719 quod
1370 3649 1509 3720 digni
1537 3661 1700 3705 essent
1721 3653 1877 3707 habiti
1902 3669 1994 3726 pro

411 3745 612 3797 nomine
640 3742 826 3797 Christi
845 3739 1146 3795 contumelia
1169 3740 1299 3809 aﬂici
1317 3739 1366 3810 (Ι
1374 3740 1480 3793 bid.
1510 3729 1568 3796 5'.
1592 3732 1827 3811 44)."00
1849 3743 1991 3799 enim

414 3844 496 3888 est
519 3820 834 3887 admirabile
860 3850 874 3886 :
920 3831 1021 3886 etsi
1046 3830 1254 3885 neillu‘d
1281 3829 1495 3900 quidem
1521 3840 1603 3887 est
1624 3847 1835 3902 parum,
1861 3850 1993 3906 quo-

413 3920 800 3990 modocumque
846 3921 985 3974 ferre
1029 3919 1379 3983 afflictiones;
1429 3929 1484 3974 at
1522 3919 1624 3976 hoc
1647 3922 1756 3990 jam
1785 3934 1866 3978 est
1893 3939 1991 3980 eo-

410 4029 529 4069 rum
557 3997 644 4081 qui
675 4011 958 4064 humanam
991 4017 1234 4063 naturam
1261 4019 1540 4079 superant,
1565 4019 1620 4066 et
1647 4011 1845 4067 habent
1867 4028 1989 4068 cor-

413 4122 507 4176 pus
555 4089 820 4173 tamquam
869 4101 1181 4172 impatibilc.
1234 4101 1514 4168 Quomodo
1556 4113 1734 4159 autem
1779 4103 1991 4160 fuerunt

411 4177 706 4255 imitatores
733 4197 928 4253 Christi
951 4183 1257 4264 ?’Qu’oniam
1283 4196 1396 4265 ipse
1417 4211 1629 4267 quoque
1653 4197 1846 4252 multas
1869 4213 1988 4252 sus-

412 4292 565 4345 tinuit
591 4279 984 4362 perpessiones,
1038 4301 1135 4341 nec
1177 4287 1412 4353 dolebat,
1441 4287 1535 4343 sed
1563 4287 1870 4360 gaudebat:
1905 4289 1987 4344 lu-

409 4383 540 4437 bens
553 4381 694 4436 enim
721 4387 776 4435 ct
801 4387 990 4449 sponte
1013 4393 1078 4433 eo
1103 4378 1367 4433 veniebat.
1395 4378 1620 4450 Propter
1638 4395 1735 4458 nos
1753 4381 1986 4452 scipsum

405 4473 699 4538 exinaniit,
741 4481 895 4541 sputa
941 4479 996 4525 et
1041 4467 1298 4539 colaphos
1342 4483 1631 4538 passurus,
1686 4472 1737 4526 in
1769 4487 1984 4528 crucem

403 4564 673 4633 agendus;
703 4571 756 4616 et
775 4561 910 4617 adeo
930 4557 1200 4631 gaudebat
1228 4559 1341 4614 hate
1368 4562 1596 4630 patiens,
1641 4571 1697 4615 ut
1739 4563 1882 4617 Patri
1906 4551 1987 4617 di-

402 4662 567 4718 ceret,
603 4651 844 4718 Glorifica
865 4667 943 4704 me
981 4645 1274 4722 (Joan.'i7.
1300 4649 1376 4720 1).
1409 4648 1534 4705 Cum
1556 4643 1766 4724 gaudio,
1787 4653 1981 4723 inquit,

403 4746 627 4816 Spiritus
675 4742 856 4797 sancti.
907 4741 984 4798 Ne
1031 4743 1150 4812 quis
1177 4741 1414 4810 diceret,
1471 4743 1750 4810 Quomodo
1771 4743 1903 4800 dicis
1930 4747 1980 4800 in

403 4826 787 4891 tribulatione?
846 4832 1117 4903 quomodo
1143 4832 1196 4886 in
1250 4829 1484 4903 gaudio?
1522 4819 1807 4905 quomodo
1852 4852 1978 4906 pos-

401 4935 524 4980 sunt
580 4933 804 4995 utraque
863 4923 1194 4979 cenvenire?
1266 4923 1558 4992 subiunxit,
1610 4911 1737 4979 Cum
1791 4930 1978 4997 gaudio

402 5003 626 5089 Spiritus
671 5005 854 5071 stincti.
888 5013 1118 5068 Amictio
1149 5022 1231 5068 est
1271 5011 1324 5067 in
1353 5004 1746 5083 corporalibus,
1777 5027 1830 5071 ct
1850 5034 1979 5087 gan-

400 5109 544 5164 dium
584 5110 635 5162 in
678 5105 1063 5177 spiritualibus.
1108 5103 1425 5170 Quomodo?
1482 5106 1554 5160 Ea
1607 5108 1827 5177 quidem
1860 5127 1978 5180 que

402 5202 532 5253 tiuut
558 5209 682 5254 sunt
708 5199 964 5261 molesta;
997 5211 1113 5266 qua:
1134 5205 1310 5250 autem
1335 5212 1398 5250 ex
1432 5198 1511 5251 eis
1536 5199 1781 5252 oriuntur
1803 5241 1818 5260 .
1879 5217 1976 5256 ne-

399 5307 660 5360 quaquam
695 5307 709 5344 :
744 5285 846 5344 non
898 5289 1025 5344 sinit
1051 5287 1192 5343 enim
1225 5284 1275 5340 id
1317 5281 1570 5357 Spiritus.
1617 5274 1976 5355 Quamobrem

399 5384 512 5437 ﬁeri
546 5391 720 5452 potest
747 5391 805 5436 ut
832 5391 886 5437 et
912 5383 1120 5451 patiens
1144 5395 1250 5435 non
1283 5365 1517 5446 ludetur,
1543 5382 1758 5452 quando
1784 5386 1979 5454 patitur

397 5488 493 5542 pro
517 5473 783 5543 peccatis;
813 5482 866 5526 et
891 5472 1067 5543 ﬂagris
1098 5454 1268 5545 czcsus
1283 5459 1510 5541 laetetur,
1539 5472 1752 5542 quando
1779 5473 1978 5543 patitur

398 5575 612 5633 pmpter
655 5563 946 5620 Christum.
963 5575 966 5578 '
1721 5549 1724 5554 ’
1917 5553 1920 5556 ’

468 5657 518 5710 5.
558 5655 666 5711 Hoc.
717 5665 796 5711 est
835 5654 974 5712 enim
1024 5654 1274 5726 gaudium
1311 5654 1542 5727 Spiritus
1579 5673 1591 5713 :
1625 5671 1722 5726 pro
1759 5656 1823 5712 iis
1850 5673 1968 5728 qute

1135 237 1194 293 S.
1232 237 1510 304 JOANNIS
1547 234 2021 292 CIIRYSOSTOMI
2063 235 2380 292 ARCIIIEP.
2421 236 2957 312 CONSTANTINUP.

3605 249 3709 304 596

2121 351 2371 406 videntur
2397 365 2519 407 esse
2549 352 2730 422 gravia
2759 360 2816 407 et
2845 353 3088 420 molesta,
3118 353 3299 412 educit
3322 356 3583 416 lmtitiam.
3615 363 3706 416 Af-

2119 437 2371 497 ﬁixerunt
2401 457 2516 512 vos,
2543 442 2732 513 inquit,
2775 444 3082 515 persequuti
3109 455 3271 511 sunt;
3303 449 3396 504 sed
3429 464 3524 506 vos
3554 467 3620 505 ne
3652 455 3701 505 in

2120 519 2222 602 illis
2243 531 2458 602 quidem
2485 531 2686 587 dimisit
2711 533 2960 602 Spiritus.
2986 533 3134 589 Sicut
3153 536 3209 600 in
3234 537 3355 606 igne
3381 553 3504 593 rore
3525 555 3705 608 aspero

2117 623 2384 695 gehantur
2413 631 2524 677 tres
2559 609 2712 695 pueri
2743 623 2763 695 (
2785 623 2920 678 Dan.
2949 625 3043 695 3),
3075 626 3144 680 ita
3171 641 3267 682 vos
3294 644 3508 698 quoque
3537 631 3586 684 in
3620 631 3702 685 af-

2118 714 2460 769 flictionibus.
2492 715 2598 776 Sed
2619 717 2759 782 sicut
2788 716 2898 771 illic
2925 733 3032 771 non
3059 727 3144 772 est
3183 727 3387 776 naturae
3415 721 3551 790 ignis
3583 739 3703 778 rore

2117 821 2437 876 aspergere,
2480 806 2575 862 sed
2618 807 2880 862 sibilantis
2921 808 3200 878 Spiritus:
3235 810 3306 864 ita
3349 811 3450 866 hoc
3490 829 3701 882 quoque

2117 913 2223 952 non
2260 909 2341 954 est
2370 907 2574 953 natur-te
2611 898 2917 956 afflictionis
2956 899 3209 970 gaudium
3242 915 3562 971 procreare,
3604 904 3698 958 sed

2117 991 2378 1060 passionis
2432 998 2648 1061 prepter
2697 981 2990 1059 Christum,
3041 1002 3094 1049 et
3150 1009 3275 1050 rore
3324 996 3694 1065 perfundentis

2115 1080 2378 1150 Spiritus,
2425 1083 2909 1152 constituentisque
2955 1083 3010 1136 in
3058 1085 3238 1152 quiete
3281 1095 3334 1140 et
3365 1088 3696 1144 recreatione

2117 1188 2214 1242 per
2241 1171 2512 1227 fornacem
2547 1173 2924 1228 tentationum.
2959 1173 3085 1228 Cum
3112 1176 3333 1245 gaudio,
3354 1178 3558 1248 inquit;
3591 1197 3693 1235 non

2114 1264 2366 1334 simplici,
2399 1263 2495 1318 Sed
2541 1263 2708 1318 multo
2750 1281 2763 1317 :
2803 1263 2905 1318 hoc
2935 1265 3076 1319 enim
3119 1277 3204 1322 est
3245 1267 3471 1339 Spiritus
3512 1274 3692 1327 sancti.

2115 1356 2167 1408 7.
2200 1354 2281 1408 Ita
2309 1366 2362 1409 ut
2386 1358 2512 1426 [acti
2533 1357 2644 1410 sitis
2678 1357 2846 1426 forma
2881 1357 3112 1412 omnibus
3141 1360 3456 1416 credentibus
3493 1366 3546 1416 in
3575 1364 3692 1418 Ma-

2113 1435 2322 1499 cedonia
2348 1457 2394 1500 et
2425 1447 2638 1500 Achaia.
2671 1450 2829 1518 Atqui
2861 1457 3131 1517 postremo
3159 1451 3300 1520 venit
3323 1452 3389 1508 ad
3419 1468 3513 1508 eos
3546 1472 3559 1508 :
3589 1454 3694 1510 Sed

2114 1537 2207 1616 ita,
2237 1537 2426 1618 inquit,
2463 1538 2887 1607 reSplcnduistis,
2923 1547 2979 1618 ut
3006 1527 3478 1618 ﬁeretis‘d'octores
3507 1559 3693 1600 eorum

2110 1615 2200 1701 qui
2231 1615 2712 1704 prmcesserantdit
2744 1631 2845 1686 hoc
2870 1615 2951 1686 est
2978 1615 3354 1708 apostolicum.
3394 1635 3507 1690 Non
3549 1638 3691 1692 enim

2113 1707 2266 1788 dicit,
2310 1721 2380 1777 Ut
2412 1721 2536 1777 facti
2565 1723 2681 1777 sitis
2712 1721 2882 1801 forma
2923 1723 2989 1777 ad
3017 1707 3364 1792 credendum,
3395 1727 3489 1782 sed
3512 1729 3575 1782 iis
3601 1731 3693 1800 qui

2105 1815 2215 1884 jam
2247 1815 2538 1870 credebant
2574 1814 2696 1870 facti
2744 1816 2875 1871 estis
2912 1817 3080 1871 forma
3125 1835 3138 1870 :
3172 1817 3222 1872 id
3267 1830 3384 1887 est,
3415 1820 3696 1890 Quomodo

2109 1916 2353 1976 oporteat
2375 1908 2426 1961 in
2458 1907 2620 1962 Deum
2653 1907 2890 1973 credere,
2918 1923 3011 1962 vos
3037 1909 3310 1976 docuistis,
3336 1911 3424 1986 qui
3442 1912 3513 1978 ab
3538 1929 3696 1969 exor-

2109 1998 2197 2053 dio
2227 1999 2292 2053 ad
2322 2000 2614 2054 certamina
2645 1999 3014 2054 descendistis.
3052 1999 3118 2053 Et
3145 2003 3196 2054 in
3223 2001 3450 2068 Achaia,
3482 2004 3690 2073 inquit;

2110 2089 2211 2144 hoc
2237 2098 2317 2144 est
2341 2129 2356 2156 ,
2387 2090 2437 2144 in
2471 2089 2708 2148 Hellade.
2745 2088 2905 2144 Vides
2940 2101 3132 2160 quanta
3165 2106 3250 2148 res
3280 2093 3348 2146 sit
3377 2093 3538 2149 animi
3576 2095 3692 2149 ala-

2107 2181 2268 2243 critas
2297 2177 2454 2234 ?Non
2487 2191 2608 2249 eget
2638 2188 2894 2254 tempore,
2925 2195 3096 2249 neque
3124 2183 3483 2250 cunctatione,
3518 2200 3691 2254 neque

2107 2255 2361 2334 dilatione
2391 2287 2405 2335 ;
2430 2270 2524 2325 sed
2553 2269 2748 2325 sufﬁcit
2777 2286 2835 2324 se
2858 2271 3028 2325 solum
3061 2273 3334 2341 exhibere,
3367 2283 3421 2328 et
3449 2273 3688 2330 confecta

2106 2371 2229 2416 sunt
2254 2362 2453 2416 omnia.
2477 2361 2566 2416 Sic
2591 2375 2719 2431 ergo
2741 2361 2825 2415 isti
2847 2376 2967 2432 cum
2993 2363 3317 2430 posteriores
3339 2365 3688 2419 accessissent

2104 2453 2168 2506 ad
2200 2452 2631 2521 prmdicationcm
2653 2493 2668 2518 ,
2703 2451 2917 2506 fuerunt
2947 2453 3181 2522 priorttnt
3213 2453 3461 2509 doctores
3485 2465 3536 2509 et
3564 2472 3682 2509 ma-

2103 2543 2272 2613 gistri.
2294 2543 2464 2598 Nemo
2485 2543 2642 2612 igitur
2662 2543 2894 2596 animmn
2915 2543 3242 2614 despondeat
3260 2561 3273 2596 :
3291 2545 3493 2599 etiamsi
3519 2546 3682 2600 multo

2109 2643 2432 2703 consumpto
2465 2644 2705 2703 tempore
2733 2621 2865 2688 nihil
2897 2631 3154 2699 effecerit,
3191 2634 3312 2688 licet
3340 2634 3389 2689 ei
3419 2636 3500 2690 vel
3527 2653 3686 2706 parvo

2108 2735 2350 2795 tempore
2380 2735 2582 2778 tantum
2625 2725 2872 2790 efﬁcere,
2904 2735 3160 2796 quantum
3191 2742 3258 2781 ne
3287 2728 3445 2797 priori
3472 2728 3682 2797 quidem

2108 2827 2368 2888 tempore.
2399 2816 2530 2872 Nam
2575 2819 2618 2871 si
2655 2817 2745 2887 qui
2791 2817 3025 2871 nomlum
3056 2817 3356 2892 crediderat
3389 2830 3587 2874 tantum
3631 2821 3682 2875 in

2102 2910 2251 2964 initio
2277 2897 2626 2979 resplenduit,
2645 2909 2812 2962 multo
2831 2908 2995 2977 magis
3022 2909 3054 2962 ii
3081 2909 3168 2977 qui
3189 2909 3300 2978 jam
3327 2909 3681 2982 crediderunt.

2184 3000 2456 3072 Vigilantia
2497 3016 2647 3067 quam
2690 3001 2992 3074 necessaria.
3025 3031 3095 3040 —
3119 3000 3306 3056 Nullus
3355 3019 3546 3058 rursus
3577 3004 3686 3074 hoc

2101 3093 2339 3163 cogitans
2365 3092 2435 3146 sit
2467 3092 2693 3163 pigeret
2723 3097 2928 3162 segnis,
2961 3102 3019 3147 ttt
3049 3078 3136 3166 qui
3165 3079 3413 3150 didicerit
3441 3096 3582 3166 quod
3615 3095 3684 3150 11-

2100 3198 2216 3239 ccat
2255 3184 2404 3240 brevi
2445 3193 2684 3255 tempore
2707 3175 2872 3240 letum
2900 3169 3087 3255 parare
3122 3202 3134 3240 :
3166 3185 3402 3240 futurum
3431 3189 3570 3242 enim
3603 3201 3690 3243 est

2102 3279 2362 3333 incertum
2391 3294 2406 3344 ;
2435 3262 2493 3333 et
2534 3277 2620 3332 fur
2660 3289 2742 3332 est
2771 3277 2887 3332 dies
2928 3278 3135 3333 Domini
3162 3281 3253 3348 (1.
3293 3279 3466 3345 Thess.
3497 3281 3549 3334 5.
3579 3281 3614 3334 4
3637 3282 3684 3352 ),

2103 3383 2322 3443 repente
2349 3371 2608 3426 invadens
2627 3385 2726 3425 nos
2746 3371 3073 3426 dormientes
3103 3387 3117 3435 ;
3142 3371 3236 3436 sed
3258 3372 3300 3424 si
3327 3387 3433 3426 non
3454 3373 3688 3427 dormia-

2101 3478 2238 3528 mus,
2271 3447 2375 3518 non
2410 3471 2680 3533 tamquam
2715 3461 2802 3516 fur
2831 3477 2930 3516 nos
2972 3462 3208 3528 invadet,
3255 3479 3430 3534 neque
3456 3465 3688 3519 abducet

2101 3542 2410 3626 imparatos.
2459 3553 2590 3608 Nam
2637 3554 2680 3607 si
2722 3543 3034 3623 vigilemus,
3065 3563 3119 3608 ct
3149 3555 3311 3608 sobrii
3341 3555 3508 3610 simus
3533 3595 3547 3617 ,
3573 3570 3685 3610 non

2099 3648 2326 3722 amplius
2357 3657 2624 3718 tamquam
2655 3648 2737 3700 fur
2765 3661 2863 3701 nos
2894 3647 3122 3713 invadet,
3155 3648 3249 3702 sed
3283 3660 3548 3724 tamquam
3571 3649 3686 3704 Be-

2097 3741 2178 3810 gis
2224 3738 2442 3792 nuntius
2483 3755 2579 3792 nos
2608 3727 2804 3792 vocans
2845 3737 2909 3791 ad
2951 3738 3089 3792 bona
3132 3739 3288 3793 nobis
3337 3725 3516 3809 parata
3549 3757 3562 3792 :
3598 3741 3685 3795 sin

2097 3830 2448 3894 dormiamus,
2480 3839 2746 3899 tamquam
2776 3827 2866 3900 fur
2908 3827 3135 3884 accedit.
3169 3829 3354 3891 Nullus
3387 3845 3515 3900 ergo
3549 3831 3682 3886 dor-

2060 3941 2074 3951 -
2099 3908 2248 3992 miat,
2275 3921 2452 3974 nullus
2481 3921 2548 3973 sit
2575 3919 2722 3990 piger
2747 3919 2812 3972 ad
2844 3920 3089 3974 virtutem
3123 3937 3136 3974 :
3169 3921 3268 3974 hoc
3296 3921 3438 3975 enim
3477 3932 3559 3976 est
3589 3937 3683 3976 so-

2097 4008 2274 4068 mnus.
2307 4012 2554 4088 Nescitis,
2574 4013 2787 4082 quando
2816 4012 3134 4080 dormimus,
3167 4003 3325 4083 quam
3358 4023 3537 4068 nostra
3573 4029 3682 4068 non

2095 4107 2203 4184 sint
2221 4107 2269 4160 in
2301 4115 2432 4180 tuto,
2463 4121 2620 4176 quam
2645 4105 2800 4160 facile
2821 4107 2898 4160 eis
2921 4115 3176 4175 parentur
3201 4107 3407 4170 insidiae
3425 4108 3447 4160 ?
3464 4111 3684 4178 quando

2095 4183 2270 4251 autem
2298 4191 2610 4266 vigilamtts,
2645 4183 2750 4251 non
2783 4212 2918 4268 Opus
2946 4208 3030 4252 est
3056 4197 3210 4252 nobis
3241 4207 3383 4254 tanta
3411 4199 3678 4254 custodia.

2095 4275 2316 4356 Quando
2344 4287 2640 4342 dormimus
2667 4329 2682 4354 ,
2716 4285 2876 4342 etiam
2907 4303 3028 4343 cum
3057 4288 3224 4360 multa
3264 4289 3505 4344 custodia
3535 4305 3682 4360 sal-pc

2097 4381 2330 4459 perimus
2370 4397 2382 4433 :
2412 4389 2536 4436 sunt
2568 4389 2619 4434 et
2651 4380 2787 4433 ostia
2813 4389 2865 4456 et
2893 4373 3071 4456 vectes
3099 4389 3154 4434 et
3182 4380 3431 4434 custodes
3453 4389 3513 4442 et
3543 4381 3679 4454 vigi-

2092 4475 2204 4539 les;
2228 4483 2280 4529 et
2303 4484 2477 4548 tamen
2499 4471 2584 4527 fur
2608 4471 2942 4542 ingreditur'.
2960 4472 3067 4525 Cur
3089 4471 3202 4525 ha-c
3226 4465 3390 4525 dico?
3414 4470 3680 4538 Quoniam

2092 4565 2137 4622 si
2168 4566 2446 4644 vigilemus
2470 4606 2485 4630 ,
2521 4579 2624 4632 non
2653 4563 2927 4633 egebimus
2955 4563 3180 4627 aliorum
3209 4563 3406 4628 auxilio
3434 4580 3447 4616 :
3472 4563 3554 4616 sin
3585 4579 3683 4616 au-

2093 4667 2198 4712 tem
2239 4655 2608 4726 dormiamus,
2645 4653 2778 4709 nihil
2817 4653 2971 4708 nobis
3009 4653 3234 4722 prodest
3261 4653 3492 4707 aliorum
3524 4654 3682 4706 auxi-

2090 4730 2263 4813 lium,
2292 4746 2387 4802 sed
2417 4725 2596 4814 etiam
2624 4761 2746 4800 cum
2789 4745 2880 4812 illo
2914 4744 3169 4822 perimus.
3203 4743 3408 4797 Bonum
3449 4754 3536 4798 est
3577 4745 3677 4798 frui

2087 4850 2393 4914 sanctorum
2425 4837 2674 4909 precibus
2695 4879 2711 4903 ,
2740 4837 2833 4893 sed
2873 4852 2994 4904 cum
3024 4837 3126 4907 ipsi
3167 4851 3380 4907 quoque
3409 4836 3679 4892 inermus

2087 4921 2275 5009 intenti
2307 4923 2478 5003 aperi.
2513 4931 2582 4987 Et
2610 4930 2737 5003 quid
2767 4929 2918 4996 mihi,
2950 4929 3143 5000 inquit,
3173 4943 3307 4999 opus
3334 4937 3417 4984 est
3443 4930 3676 4984 aliorqu

2086 5013 2358 5094 precibus,
2391 5039 2512 5079 cum
2546 5023 2698 5077 fuero
2729 5023 2965 5076 intentus
2998 5021 3170 5096 operi,
3202 5035 3299 5075 nec
3328 5035 3414 5074 me
3438 5036 3505 5075 eo
3532 5021 3678 5075 redi-

2084 5095 2226 5184 gam,
2259 5126 2318 5169 ut
2348 5130 2481 5183 optts
2523 5113 2744 5188 habeam
2777 5113 2801 5165 ?
2827 5111 2934 5166 Nec
2961 5095 3061 5182 ego
3105 5111 3316 5181 quidem
3365 5110 3469 5165 hoc
3499 5111 3628 5164 volo
3659 5127 3674 5173 ;

2083 5205 2178 5281 sed
2206 5221 2344 5275 opus
2371 5219 2589 5290 semper
2615 5203 2894 5270 habemus,
2925 5202 2968 5255 si
2990 5189 3291 5271 sapiamus.
3338 5198 3536 5253 Paulus
3565 5216 3677 5254 non

2147 5362 2162 5390 ι
2200 5357 2254 5405 ln
2280 5355 2416 5407 Colb.
2441 5355 2725 5418 legitur"...
2773 5369 2870 5405 non
2890 5368 3010 5418 opus
3027 5361 3098 5405 est
3117 5353 3252 5405 nobis
3269 5361 3401 5418 uasta
3424 5353 3655 5418 custodia

2081 5425 2197 5481 Quot
2219 5425 2265 5468 et
2279 5426 2465 5481 quanta
2477 5415 2695 5478 quidam,
2708 5415 2942 5481 custodite
2965 5429 3128 5481 causa,
3140 5416 3483 5481 excogitatum
3496 5415 3524 5466 2
3552 5425 3672 5466 rer-

2081 5477 2129 5530 ω
2159 5477 2319 5542 gratia
2341 5518 2355 5538 ,
2374 5477 2515 5542 ostia,
2545 5486 2715 5542 vectes,
2738 5480 2959 5542 custodes
2980 5485 3026 5529 et
3052 5477 3218 5542 vigiles
3241 5477 3334 5527 fet
3349 5484 3674 5542 t_amcn,gcum

2079 5538 2212 5609 traria
2233 5540 2452 5609 custodia
2472 5577 2486 5600 ,
2501 5538 2594 5602 ‘fur
2618 5539 2909 5609 btgreditttr.
2941 5538 3227 5609 Qua:_léctio
3249 5539 3454 5603 quadrat
3485 5538 3546 5586 ad
3584 5551 3669 5609 se—

2077 5602 2235 5664 riem;
2259 5603 2347 5652 sed
2373 5611 2535 5664 nostra
2561 5613 2638 5658 est
2661 5602 2905 5656 editorum
2943 5603 3158 5657 ontniunt
3177 5635 3193 5664 ,
3219 5602 3428 5664 eamne
3465 5607 3674 5651 secutus

2083 5671 2157 5714 est
2181 5663 2446 5715 Gentianus
2463 5663 2726 5734 Henetus.
