  <div class='ocr_page' id='page_1' title='image "/cluster/home/n/w/nwhite01/storage/ocr_20150623/62/hvd.32044054086319/401.png"; bbox 0 0 4080 6222; ppageno 0'>
   <div class='ocr_carea' id='block_1_1' title="bbox 478 268 582 327">
    <p class='ocr_par' dir='ltr' id='par_1_1' title="bbox 478 268 582 327">
     <span class='ocr_line' id='line_1_1' title="bbox 478 268 582 327; baseline -0.019 0"><span class='ocrx_word' id='word_1_1' title='bbox 478 268 582 327; x_wconf 75' lang='lat'><em>397</em></span> 
     </span>
    </p>
   </div>
   <div class='ocr_carea' id='block_1_2' title="bbox 2086 149 2115 156">
    <p class='ocr_par' dir='ltr' id='par_1_2' title="bbox 2086 149 2115 156">
     <span class='ocr_line' id='line_1_2' title="bbox 2086 149 2115 156; baseline 0.034 -1"><span class='ocrx_word' id='word_1_2' title='bbox 2086 149 2115 156; x_wconf 67' lang='grc' dir='ltr'><em>ν..</em></span> 
     </span>
    </p>
   </div>
   <div class='ocr_carea' id='block_1_3' title="bbox 1205 222 3036 322">
    <p class='ocr_par' dir='ltr' id='par_1_3' title="bbox 1205 222 3036 322">
     <span class='ocr_line' id='line_1_3' title="bbox 1205 222 3036 322; baseline -0.001 0"><span class='ocrx_word' id='word_1_3' title='bbox 1205 269 1261 322; x_wconf 86' lang='lat' dir='ltr'><em>S.</em></span> <span class='ocrx_word' id='word_1_4' title='bbox 1301 263 1581 321; x_wconf 69' lang='lat' dir='ltr'><em>JOANMS</em></span> <span class='ocrx_word' id='word_1_5' title='bbox 1617 222 2100 318; x_wconf 65' lang='grc' dir='ltr'><em>ειιιιγεοετυδιι</em></span> <span class='ocrx_word' id='word_1_6' title='bbox 2136 257 2454 314; x_wconf 72' lang='lat' dir='ltr'><em>ARCUIEP.</em></span> <span class='ocrx_word' id='word_1_7' title='bbox 2491 260 3036 322; x_wconf 76' lang='lat' dir='ltr'><em>CONSTANTINOP.</em></span> 
     </span>
    </p>
   </div>
   <div class='ocr_carea' id='block_1_4' title="bbox 3601 273 3710 330">
    <p class='ocr_par' dir='ltr' id='par_1_4' title="bbox 3601 273 3710 330">
     <span class='ocr_line' id='line_1_4' title="bbox 3601 273 3710 330; baseline 0.018 -2"><span class='ocrx_word' id='word_1_8' title='bbox 3601 273 3710 330; x_wconf 72' lang='grc' dir='ltr'><em>ωε</em></span> 
     </span>
    </p>
   </div>
   <div class='ocr_carea' id='block_1_5' title="bbox 477 376 3717 454">
    <p class='ocr_par' dir='ltr' id='par_1_5' title="bbox 477 376 3717 454">
     <span class='ocr_line' id='line_1_5' title="bbox 477 376 3717 454; baseline 0.001 -15"><span class='ocrx_word' id='word_1_9' title='bbox 477 386 629 453; x_wconf 74' lang='grc' dir='ltr'><em>ὑπὲρ</em></span> <span class='ocrx_word' id='word_1_10' title='bbox 662 384 849 438; x_wconf 83' lang='grc' dir='ltr'><em>αὐτοῦ</em></span> <span class='ocrx_word' id='word_1_11' title='bbox 875 401 888 414; x_wconf 91' lang='grc'><strong>·</strong></span> <span class='ocrx_word' id='word_1_12' title='bbox 922 383 1019 438; x_wconf 66' lang='grc' dir='ltr'><em>καὶ</em></span> <span class='ocrx_word' id='word_1_13' title='bbox 1049 384 1113 437; x_wconf 74' lang='grc' dir='ltr'><em>σὺ</em></span> <span class='ocrx_word' id='word_1_14' title='bbox 1142 382 1341 452; x_wconf 76' lang='grc' dir='ltr'><em>λέγεις’</em></span> <span class='ocrx_word' id='word_1_15' title='bbox 1371 382 1437 434; x_wconf 88' lang='grc' dir='ltr'><em>Τί</em></span> <span class='ocrx_word' id='word_1_16' title='bbox 1478 398 1567 451; x_wconf 87' lang='grc' dir='ltr'><em>μοι</em></span> <span class='ocrx_word' id='word_1_17' title='bbox 1593 380 1675 433; x_wconf 91' lang='grc' dir='ltr'><em>δεῖ</em></span> <span class='ocrx_word' id='word_1_18' title='bbox 1712 377 1912 448; x_wconf 75' lang='grc' dir='ltr'><em>εὐχῆςς</em></span> <span class='ocrx_word' id='word_1_19' title='bbox 1941 376 2038 428; x_wconf 79' lang='grc' dir='ltr'><em>Διὰ</em></span> <span class='ocrx_word' id='word_1_20' title='bbox 2146 376 2320 443; x_wconf 78' lang='grc' dir='ltr'><em>τέρας</em></span> <span class='ocrx_word' id='word_1_21' title='bbox 2338 395 2351 407; x_wconf 92' lang='grc'><strong>·</strong></span> <span class='ocrx_word' id='word_1_22' title='bbox 2378 378 2585 447; x_wconf 78' lang='grc' dir='ltr'><em>ἐπειδὴ</em></span> <span class='ocrx_word' id='word_1_23' title='bbox 2613 382 3026 451; x_wconf 77' lang='grc' dir='ltr'><em>ὑπερίσχυσεν</em></span> <span class='ocrx_word' id='word_1_24' title='bbox 3072 385 3109 451; x_wconf 76' lang='grc' dir='ltr'><strong><em>ἡ</em></strong></span> <span class='ocrx_word' id='word_1_25' title='bbox 3155 384 3333 438; x_wconf 80' lang='grc' dir='ltr'><em>κακία</em></span> <span class='ocrx_word' id='word_1_26' title='bbox 3360 402 3373 415; x_wconf 73' lang='grc' dir='ltr'>ο</span> <span class='ocrx_word' id='word_1_27' title='bbox 3406 388 3500 440; x_wconf 74' lang='grc' dir='ltr'><em>καὶ</em></span> <span class='ocrx_word' id='word_1_28' title='bbox 3528 388 3717 454; x_wconf 81' lang='grc' dir='ltr'><em>πάλιν,</em></span> 
     </span>
    </p>
   </div>
   <div class='ocr_carea' id='block_1_6' title="bbox 474 467 2044 543">
    <p class='ocr_par' dir='ltr' id='par_1_6' title="bbox 474 467 2044 543">
     <span class='ocr_line' id='line_1_6' title="bbox 474 467 2044 543; baseline -0.004 -18"><span class='ocrx_word' id='word_1_29' title='bbox 474 473 633 527; x_wconf 81' lang='grc' dir='ltr'><em>τοῦτό</em></span> <span class='ocrx_word' id='word_1_30' title='bbox 657 490 739 526; x_wconf 91' lang='grc' dir='ltr'><em>σοι</em></span> <span class='ocrx_word' id='word_1_31' title='bbox 765 474 866 539; x_wconf 86' lang='grc' dir='ltr'><em>δεῖ,</em></span> <span class='ocrx_word' id='word_1_32' title='bbox 889 474 1076 543; x_wconf 85' lang='grc' dir='ltr'><em>ἐπειδὴ</em></span> <span class='ocrx_word' id='word_1_33' title='bbox 1102 474 1342 542; x_wconf 74' lang='grc' dir='ltr'><em>νομίζεις</em></span> <span class='ocrx_word' id='word_1_34' title='bbox 1372 471 1536 541; x_wconf 81' lang='grc' dir='ltr'><em>μηδὲν</em></span> <span class='ocrx_word' id='word_1_35' title='bbox 1566 469 1796 523; x_wconf 87' lang='grc' dir='ltr'><em>δεῖσθαι.</em></span> <span class='ocrx_word' id='word_1_36' title='bbox 1827 467 1943 521; x_wconf 76' lang='grc' dir='ltr'><em>Κᾶν</em></span> <span class='ocrx_word' id='word_1_37' title='bbox 1970 467 2044 530; x_wconf 87' lang='grc' dir='ltr'><em>ὠς</em></span> 
     </span>
    </p>
   </div>
   <div class='ocr_carea' id='block_1_7' title="bbox 476 554 2043 630">
    <p class='ocr_par' dir='ltr' id='par_1_7' title="bbox 476 554 2043 630">
     <span class='ocr_line' id='line_1_7' title="bbox 476 554 2043 630; baseline -0.004 -18"><span class='ocrx_word' id='word_1_38' title='bbox 476 558 687 622; x_wconf 82' lang='grc' dir='ltr'><em>Παῦλος</em></span> <span class='ocrx_word' id='word_1_39' title='bbox 709 558 862 630; x_wconf 76' lang='grc' dir='ltr'><em>γένη,</em></span> <span class='ocrx_word' id='word_1_40' title='bbox 890 560 1077 630; x_wconf 85' lang='grc' dir='ltr'><em>χρείαν</em></span> <span class='ocrx_word' id='word_1_41' title='bbox 1110 559 1254 629; x_wconf 74' lang='grc' dir='ltr'><em>ἔχεις</em></span> <span class='ocrx_word' id='word_1_42' title='bbox 1292 557 1479 626; x_wconf 83' lang='grc' dir='ltr'><em>εὐχῆς.</em></span> <span class='ocrx_word' id='word_1_43' title='bbox 1522 556 1615 626; x_wconf 78' lang='grc' dir='ltr'><em>Μὴ</em></span> <span class='ocrx_word' id='word_1_44' title='bbox 1650 554 1786 624; x_wconf 74' lang='grc' dir='ltr'><em>ὕψου</em></span> <span class='ocrx_word' id='word_1_45' title='bbox 1827 554 2043 618; x_wconf 81' lang='grc' dir='ltr'><em>σαυτὸν,</em></span> 
     </span>
    </p>
   </div>
   <div class='ocr_carea' id='block_1_8' title="bbox 477 642 2045 718">
    <p class='ocr_par' dir='ltr' id='par_1_8' title="bbox 477 642 2045 718">
     <span class='ocr_line' id='line_1_8' title="bbox 477 642 2045 718; baseline -0.003 -21"><span class='ocrx_word' id='word_1_46' title='bbox 477 645 563 698; x_wconf 81' lang='grc' dir='ltr'><em>ἵνα</em></span> <span class='ocrx_word' id='word_1_47' title='bbox 598 645 672 716; x_wconf 80' lang='grc' dir='ltr'><em>μὴ</em></span> <span class='ocrx_word' id='word_1_48' title='bbox 701 646 1063 716; x_wconf 59' lang='grc' dir='ltr'><em>ταπεινωθῆς.</em></span> <span class='ocrx_word' id='word_1_49' title='bbox 1107 644 1246 697; x_wconf 78' lang='grc' dir='ltr'><em>Ἀλλ’</em></span> <span class='ocrx_word' id='word_1_50' title='bbox 1285 645 1421 718; x_wconf 80' lang='grc' dir='ltr'><em>ὅπερ</em></span> <span class='ocrx_word' id='word_1_51' title='bbox 1452 644 1609 712; x_wconf 69' lang='grc' dir='ltr'><em>ἔφην,</em></span> <span class='ocrx_word' id='word_1_52' title='bbox 1654 642 1722 696; x_wconf 82' lang='grc' dir='ltr'><em>ἃν</em></span> <span class='ocrx_word' id='word_1_53' title='bbox 1753 642 1851 712; x_wconf 79' lang='grc' dir='ltr'><em>μὲν</em></span> <span class='ocrx_word' id='word_1_54' title='bbox 1897 643 2045 711; x_wconf 87' lang='grc' dir='ltr'><em>ἐνερ-</em></span> 
     </span>
    </p>
   </div>
   <div class='ocr_carea' id='block_1_9' title="bbox 473 726 2040 803">
    <p class='ocr_par' dir='ltr' id='par_1_9' title="bbox 473 726 2040 803">
     <span class='ocr_line' id='line_1_9' title="bbox 473 726 2040 803; baseline -0.001 -20"><span class='ocrx_word' id='word_1_55' title='bbox 473 733 561 798; x_wconf 82' lang='grc' dir='ltr'><em>γοὶ</em></span> <span class='ocrx_word' id='word_1_56' title='bbox 589 726 738 803; x_wconf 83' lang='grc' dir='ltr'><em>ὦμεν</em></span> <span class='ocrx_word' id='word_1_57' title='bbox 760 734 853 786; x_wconf 75' lang='grc' dir='ltr'><em>καὶ</em></span> <span class='ocrx_word' id='word_1_58' title='bbox 879 733 1053 794; x_wconf 76' lang='grc' dir='ltr'><em>αὐτοὶ,</em></span> <span class='ocrx_word' id='word_1_59' title='bbox 1082 731 1307 784; x_wconf 82' lang='grc' dir='ltr'><em>ἀνύουσι</em></span> <span class='ocrx_word' id='word_1_60' title='bbox 1328 731 1422 784; x_wconf 80' lang='grc' dir='ltr'><em>καὶ</em></span> <span class='ocrx_word' id='word_1_61' title='bbox 1441 732 1497 785; x_wconf 93' lang='grc' dir='ltr'><em>αἰ</em></span> <span class='ocrx_word' id='word_1_62' title='bbox 1523 730 1664 799; x_wconf 78' lang='grc' dir='ltr'><em>ὑπὲρ</em></span> <span class='ocrx_word' id='word_1_63' title='bbox 1689 728 1843 799; x_wconf 81' lang='grc' dir='ltr'><em>ὑμῶν</em></span> <span class='ocrx_word' id='word_1_64' title='bbox 1864 728 2040 797; x_wconf 77' lang='grc' dir='ltr'><em>εὐχαί.</em></span> 
     </span>
    </p>
   </div>
   <div class='ocr_carea' id='block_1_10' title="bbox 452 815 2042 887">
    <p class='ocr_par' dir='ltr' id='par_1_10' title="bbox 452 815 2042 887">
     <span class='ocr_line' id='line_1_10' title="bbox 452 815 2042 887; baseline -0.002 -18"><span class='ocrx_word' id='word_1_65' title='bbox 452 821 674 871; x_wconf 73' lang='grc' dir='ltr'><em>,Ἄκουε</em></span> <span class='ocrx_word' id='word_1_66' title='bbox 729 819 943 872; x_wconf 82' lang='grc' dir='ltr'><em>Παύλου</em></span> <span class='ocrx_word' id='word_1_67' title='bbox 994 819 1280 887; x_wconf 79' lang='grc' dir='ltr'><em>λέγοντοςο</em></span> <span class='ocrx_word' id='word_1_68' title='bbox 1325 815 1472 872; x_wconf 77' lang='grc' dir='ltr'><em>Οἶδα</em></span> <span class='ocrx_word' id='word_1_69' title='bbox 1522 817 1656 886; x_wconf 80' lang='grc' dir='ltr'><em>γὰρ,</em></span> <span class='ocrx_word' id='word_1_70' title='bbox 1709 816 1911 887; x_wconf 76' lang='grc' dir='ltr'><em>φησὶν,</em></span> <span class='ocrx_word' id='word_1_71' title='bbox 1954 816 2042 867; x_wconf 77' lang='grc' dir='ltr'><em>ὅτι</em></span> 
     </span>
    </p>
   </div>
   <div class='ocr_carea' id='block_1_11' title="bbox 470 900 2042 974">
    <p class='ocr_par' dir='ltr' id='par_1_11' title="bbox 470 900 2042 974">
     <span class='ocr_line' id='line_1_11' title="bbox 470 900 2042 974; baseline -0.003 -16"><span class='ocrx_word' id='word_1_72' title='bbox 470 905 650 959; x_wconf 87' lang='grc' dir='ltr'><em>τοῦτό</em></span> <span class='ocrx_word' id='word_1_73' title='bbox 662 922 764 974; x_wconf 86' lang='grc' dir='ltr'><em>μοι</em></span> <span class='ocrx_word' id='word_1_74' title='bbox 791 904 1160 974; x_wconf 81' lang='grc' dir='ltr'><em>ἀποϐήσεται</em></span> <span class='ocrx_word' id='word_1_75' title='bbox 1181 907 1272 972; x_wconf 85' lang='grc' dir='ltr'><em>είς</em></span> <span class='ocrx_word' id='word_1_76' title='bbox 1303 904 1605 973; x_wconf 78' lang='grc' dir='ltr'><em>σωτηρίαν</em></span> <span class='ocrx_word' id='word_1_77' title='bbox 1624 903 1722 956; x_wconf 83' lang='grc' dir='ltr'><em>διὰ</em></span> <span class='ocrx_word' id='word_1_78' title='bbox 1749 901 1860 968; x_wconf 84' lang='grc' dir='ltr'><em>τῆς</em></span> <span class='ocrx_word' id='word_1_79' title='bbox 1878 900 2042 971; x_wconf 86' lang='grc' dir='ltr'><em>ὑμῶν</em></span> 
     </span>
    </p>
   </div>
   <div class='ocr_carea' id='block_1_12' title="bbox 468 990 2040 1062">
    <p class='ocr_par' dir='ltr' id='par_1_12' title="bbox 468 990 2040 1062">
     <span class='ocr_line' id='line_1_12' title="bbox 468 990 2040 1062; baseline 0 -18"><span class='ocrx_word' id='word_1_80' title='bbox 468 991 735 1059; x_wconf 83' lang='grc' dir='ltr'><em>δεήσεως</em></span> <span class='ocrx_word' id='word_1_81' title='bbox 769 992 869 1046; x_wconf 81' lang='grc' dir='ltr'><em>καί</em></span> <span class='ocrx_word' id='word_1_82' title='bbox 909 993 1297 1062; x_wconf 78' lang='grc' dir='ltr'><em>ἐπιχορηγίας</em></span> <span class='ocrx_word' id='word_1_83' title='bbox 1326 992 1431 1045; x_wconf 84' lang='grc' dir='ltr'><em>τοῦ</em></span> <span class='ocrx_word' id='word_1_84' title='bbox 1467 992 1810 1059; x_wconf 85' lang='grc' dir='ltr'><em>Πνεύματος</em></span> <span class='ocrx_word' id='word_1_85' title='bbox 1848 990 2040 1056; x_wconf 80' lang='grc' dir='ltr'>Ἰησοῦ</span> 
     </span>
    </p>
   </div>
   <div class='ocr_carea' id='block_1_13' title="bbox 467 1074 2042 1145">
    <p class='ocr_par' dir='ltr' id='par_1_13' title="bbox 467 1074 2042 1145">
     <span class='ocr_line' id='line_1_13' title="bbox 467 1074 2042 1145; baseline -0.001 -15"><span class='ocrx_word' id='word_1_86' title='bbox 467 1077 754 1145; x_wconf 82' lang='grc' dir='ltr'><em>Χριστοῦ·</em></span> <span class='ocrx_word' id='word_1_87' title='bbox 789 1079 885 1133; x_wconf 81' lang='grc' dir='ltr'><em>καὶ</em></span> <span class='ocrx_word' id='word_1_88' title='bbox 912 1079 1099 1132; x_wconf 85' lang='grc' dir='ltr'><em>πάλιν·</em></span> <span class='ocrx_word' id='word_1_89' title='bbox 1149 1080 1283 1134; x_wconf 83' lang='grc' dir='ltr'><em>Ἵνα</em></span> <span class='ocrx_word' id='word_1_90' title='bbox 1321 1078 1390 1131; x_wconf 84' lang='grc' dir='ltr'><em>ἐκ</em></span> <span class='ocrx_word' id='word_1_91' title='bbox 1431 1075 1677 1131; x_wconf 85' lang='grc' dir='ltr'><em>πολλῶν</em></span> <span class='ocrx_word' id='word_1_92' title='bbox 1706 1074 2042 1143; x_wconf 78' lang='grc' dir='ltr'><em>προσώπων</em></span> 
     </span>
    </p>
   </div>
   <div class='ocr_carea' id='block_1_14' title="bbox 466 1161 2041 1235">
    <p class='ocr_par' dir='ltr' id='par_1_14' title="bbox 466 1161 2041 1235">
     <span class='ocr_line' id='line_1_14' title="bbox 466 1161 2041 1235; baseline 0.004 -25"><span class='ocrx_word' id='word_1_93' title='bbox 466 1166 534 1217; x_wconf 80' lang='grc' dir='ltr'><em>τὸ</em></span> <span class='ocrx_word' id='word_1_94' title='bbox 563 1167 653 1232; x_wconf 77' lang='grc' dir='ltr'><em>εις</em></span> <span class='ocrx_word' id='word_1_95' title='bbox 694 1165 855 1235; x_wconf 70' lang='grc' dir='ltr'><em>ἡμᾶς</em></span> <span class='ocrx_word' id='word_1_96' title='bbox 895 1165 1161 1235; x_wconf 77' lang='grc' dir='ltr'><em>χάρισμα</em></span> <span class='ocrx_word' id='word_1_97' title='bbox 1195 1164 1294 1218; x_wconf 81' lang='grc' dir='ltr'><em>διὰ</em></span> <span class='ocrx_word' id='word_1_98' title='bbox 1341 1161 1590 1217; x_wconf 85' lang='grc' dir='ltr'><em>πολλῶν</em></span> <span class='ocrx_word' id='word_1_99' title='bbox 1633 1161 2041 1230; x_wconf 75' lang='grc' dir='ltr'><em>εὐχαριστηθῇ</em></span> 
     </span>
    </p>
   </div>
   <div class='ocr_carea' id='block_1_15' title="bbox 466 1247 2038 1321">
    <p class='ocr_par' dir='ltr' id='par_1_15' title="bbox 466 1247 2038 1321">
     <span class='ocr_line' id='line_1_15' title="bbox 466 1247 2038 1321; baseline -0.003 -17"><span class='ocrx_word' id='word_1_100' title='bbox 466 1250 621 1319; x_wconf 74' lang='grc' dir='ltr'><em>ὑπὲρ</em></span> <span class='ocrx_word' id='word_1_101' title='bbox 647 1250 838 1321; x_wconf 71' lang='grc' dir='ltr'><em>ἡμῶν.</em></span> <span class='ocrx_word' id='word_1_102' title='bbox 871 1253 981 1305; x_wconf 78' lang='grc' dir='ltr'><em>Καὶ</em></span> <span class='ocrx_word' id='word_1_103' title='bbox 1015 1253 1080 1305; x_wconf 71' lang='grc' dir='ltr'><em>σὺ</em></span> <span class='ocrx_word' id='word_1_104' title='bbox 1118 1251 1317 1319; x_wconf 86' lang='grc' dir='ltr'><em>λέγεις·</em></span> <span class='ocrx_word' id='word_1_105' title='bbox 1358 1250 1422 1302; x_wconf 86' lang='grc' dir='ltr'><em>Τί</em></span> <span class='ocrx_word' id='word_1_106' title='bbox 1460 1265 1551 1319; x_wconf 89' lang='grc' dir='ltr'><em>μοι</em></span> <span class='ocrx_word' id='word_1_107' title='bbox 1589 1248 1670 1301; x_wconf 87' lang='grc' dir='ltr'><em>δεῖ</em></span> <span class='ocrx_word' id='word_1_108' title='bbox 1705 1247 1907 1317; x_wconf 74' lang='grc' dir='ltr'><em>εὐχῆςς</em></span> <span class='ocrx_word' id='word_1_109' title='bbox 1940 1249 2038 1300; x_wconf 74' lang='grc' dir='ltr'><em>Ἂν</em></span> 
     </span>
    </p>
   </div>
   <div class='ocr_carea' id='block_1_16' title="bbox 464 1334 2035 1409">
    <p class='ocr_par' dir='ltr' id='par_1_16' title="bbox 464 1334 2035 1409">
     <span class='ocr_line' id='line_1_16' title="bbox 464 1334 2035 1409; baseline -0.003 -19"><span class='ocrx_word' id='word_1_110' title='bbox 464 1337 522 1390; x_wconf 78' lang='grc' dir='ltr'><em>δὲ</em></span> <span class='ocrx_word' id='word_1_111' title='bbox 551 1338 833 1409; x_wconf 82' lang='grc' dir='ltr'><em>ἀργῶμεν,</em></span> <span class='ocrx_word' id='word_1_112' title='bbox 866 1339 1041 1403; x_wconf 68' lang='grc' dir='ltr'><em>οὐδεὶς</em></span> <span class='ocrx_word' id='word_1_113' title='bbox 1077 1339 1227 1408; x_wconf 77' lang='grc' dir='ltr'><em>ἡμᾶς</em></span> <span class='ocrx_word' id='word_1_114' title='bbox 1249 1336 1543 1407; x_wconf 83' lang='grc' dir='ltr'><em>εὐχόμενος</em></span> <span class='ocrx_word' id='word_1_115' title='bbox 1570 1335 1766 1404; x_wconf 85' lang='grc' dir='ltr'><em>ὀνῆσαι</em></span> <span class='ocrx_word' id='word_1_116' title='bbox 1810 1334 2035 1404; x_wconf 84' lang='grc' dir='ltr'><em>δυνήσε-</em></span> 
     </span>
    </p>
   </div>
   <div class='ocr_carea' id='block_1_17' title="bbox 462 1421 2038 1495">
    <p class='ocr_par' dir='ltr' id='par_1_17' title="bbox 462 1421 2038 1495">
     <span class='ocr_line' id='line_1_17' title="bbox 462 1421 2038 1495; baseline -0.001 -20"><span class='ocrx_word' id='word_1_117' title='bbox 462 1439 575 1479; x_wconf 88' lang='grc' dir='ltr'><em>ται.</em></span> <span class='ocrx_word' id='word_1_118' title='bbox 608 1424 673 1476; x_wconf 84' lang='grc' dir='ltr'><em>Τί</em></span> <span class='ocrx_word' id='word_1_119' title='bbox 721 1423 1004 1492; x_wconf 78' lang='grc' dir='ltr'><em>ὠφέλησεν</em></span> <span class='ocrx_word' id='word_1_120' title='bbox 1060 1423 1336 1495; x_wconf 77' lang='grc' dir='ltr'><em>Ἱερεμίας</em></span> <span class='ocrx_word' id='word_1_121' title='bbox 1388 1424 1516 1486; x_wconf 73' lang='grc' dir='ltr'><em>τοὺς</em></span> <span class='ocrx_word' id='word_1_122' title='bbox 1568 1421 1887 1491; x_wconf 82' lang='grc' dir='ltr'><em>Ἱουδαίους;</em></span> <span class='ocrx_word' id='word_1_123' title='bbox 1919 1421 2038 1491; x_wconf 75' lang='grc' dir='ltr'><em>οὐχὶ</em></span> 
     </span>
    </p>
   </div>
   <div class='ocr_carea' id='block_1_18' title="bbox 462 1508 2034 1582">
    <p class='ocr_par' dir='ltr' id='par_1_18' title="bbox 462 1508 2034 1582">
     <span class='ocr_line' id='line_1_18' title="bbox 462 1508 2034 1582; baseline 0 -21"><span class='ocrx_word' id='word_1_124' title='bbox 462 1510 646 1580; x_wconf 86' lang='grc' dir='ltr'><em>τρίτον</em></span> <span class='ocrx_word' id='word_1_125' title='bbox 680 1510 955 1582; x_wconf 76' lang='grc' dir='ltr'><em>προσῆλθε</em></span> <span class='ocrx_word' id='word_1_126' title='bbox 1001 1510 1082 1581; x_wconf 85' lang='grc' dir='ltr'><em>τῷ</em></span> <span class='ocrx_word' id='word_1_127' title='bbox 1118 1511 1258 1581; x_wconf 81' lang='grc' dir='ltr'><em>Θεῷ,</em></span> <span class='ocrx_word' id='word_1_128' title='bbox 1303 1510 1400 1564; x_wconf 76' lang='grc' dir='ltr'><em>καὶ</em></span> <span class='ocrx_word' id='word_1_129' title='bbox 1449 1508 1631 1578; x_wconf 84' lang='grc' dir='ltr'><em>τρίτον</em></span> <span class='ocrx_word' id='word_1_130' title='bbox 1666 1509 1885 1579; x_wconf 56' lang='grc' dir='ltr'><em>ἢκουσε</em></span> <span class='ocrx_word' id='word_1_131' title='bbox 1936 1508 2034 1576; x_wconf 83' lang='grc' dir='ltr'><em>Μὴ</em></span> 
     </span>
    </p>
   </div>
   <div class='ocr_carea' id='block_1_19' title="bbox 462 1594 2032 1666">
    <p class='ocr_par' dir='ltr' id='par_1_19' title="bbox 462 1594 2032 1666">
     <span class='ocr_line' id='line_1_19' title="bbox 462 1594 2032 1666; baseline -0.001 -17"><span class='ocrx_word' id='word_1_132' title='bbox 462 1598 806 1665; x_wconf 71' lang='grc' dir='ltr'><em>προσεύχου</em></span> <span class='ocrx_word' id='word_1_133' title='bbox 851 1596 1009 1666; x_wconf 80' lang='grc' dir='ltr'><em>μηδέ</em></span> <span class='ocrx_word' id='word_1_134' title='bbox 1046 1597 1221 1661; x_wconf 79' lang='grc' dir='ltr'><em>ἀξίου</em></span> <span class='ocrx_word' id='word_1_135' title='bbox 1268 1595 1420 1665; x_wconf 85' lang='grc' dir='ltr'><em>ὑπὲρ</em></span> <span class='ocrx_word' id='word_1_136' title='bbox 1466 1595 1572 1650; x_wconf 87' lang='grc' dir='ltr'><em>τοῦ</em></span> <span class='ocrx_word' id='word_1_137' title='bbox 1594 1594 1749 1648; x_wconf 88' lang='grc' dir='ltr'><em>λαοῦ</em></span> <span class='ocrx_word' id='word_1_138' title='bbox 1797 1594 2032 1659; x_wconf 82' lang='grc' dir='ltr'><em>τούτου,</em></span> 
     </span>
    </p>
   </div>
   <div class='ocr_carea' id='block_1_20' title="bbox 463 1681 2034 1754">
    <p class='ocr_par' dir='ltr' id='par_1_20' title="bbox 463 1681 2034 1754">
     <span class='ocr_line' id='line_1_20' title="bbox 463 1681 2034 1754; baseline -0.003 -17"><span class='ocrx_word' id='word_1_139' title='bbox 463 1684 553 1737; x_wconf 84' lang='grc' dir='ltr'><em>ὅτι</em></span> <span class='ocrx_word' id='word_1_140' title='bbox 579 1686 691 1738; x_wconf 72' lang='grc' dir='ltr'><em>οὐκ</em></span> <span class='ocrx_word' id='word_1_141' title='bbox 724 1686 1159 1754; x_wconf 79' lang='grc' dir='ltr'><em>εἰσακούσομαί</em></span> <span class='ocrx_word' id='word_1_142' title='bbox 1193 1700 1344 1749; x_wconf 84' lang='grc' dir='ltr'><em>σου;</em></span> <span class='ocrx_word' id='word_1_143' title='bbox 1374 1684 1439 1736; x_wconf 86' lang='grc' dir='ltr'><em>Τί</em></span> <span class='ocrx_word' id='word_1_144' title='bbox 1465 1682 1717 1753; x_wconf 79' lang='grc' dir='ltr'><em>ὠφέλησε</em></span> <span class='ocrx_word' id='word_1_145' title='bbox 1743 1682 1833 1735; x_wconf 84' lang='grc' dir='ltr'><em>τδν</em></span> <span class='ocrx_word' id='word_1_146' title='bbox 1862 1681 2034 1734; x_wconf 74' lang='grc' dir='ltr'><em>Σαοὺλ</em></span> 
     </span>
    </p>
   </div>
   <div class='ocr_carea' id='block_1_21' title="bbox 462 1767 2032 1842">
    <p class='ocr_par' dir='ltr' id='par_1_21' title="bbox 462 1767 2032 1842">
     <span class='ocr_line' id='line_1_21' title="bbox 462 1767 2032 1842; baseline -0.001 -19"><span class='ocrx_word' id='word_1_147' title='bbox 462 1770 491 1823; x_wconf 89' lang='lat'><em>6</em></span> <span class='ocrx_word' id='word_1_148' title='bbox 532 1771 823 1842; x_wconf 78' lang='grc' dir='ltr'><em>Σαμουήλ;</em></span> <span class='ocrx_word' id='word_1_149' title='bbox 866 1771 985 1842; x_wconf 76' lang='grc' dir='ltr'><em>οὐχὶ</em></span> <span class='ocrx_word' id='word_1_150' title='bbox 1035 1772 1227 1842; x_wconf 84' lang='grc' dir='ltr'><em>μέχρις</em></span> <span class='ocrx_word' id='word_1_151' title='bbox 1268 1772 1506 1841; x_wconf 77' lang='grc' dir='ltr'><em>ἐσχάτης</em></span> <span class='ocrx_word' id='word_1_152' title='bbox 1556 1770 1773 1840; x_wconf 75' lang='grc' dir='ltr'><em>ἡμέρας</em></span> <span class='ocrx_word' id='word_1_153' title='bbox 1816 1767 2032 1821; x_wconf 83' lang='grc' dir='ltr'><em>ἐπένθει</em></span> 
     </span>
    </p>
   </div>
   <div class='ocr_carea' id='block_1_22' title="bbox 461 1854 2031 1929">
    <p class='ocr_par' dir='ltr' id='par_1_22' title="bbox 461 1854 2031 1929">
     <span class='ocr_line' id='line_1_22' title="bbox 461 1854 2031 1929; baseline -0.001 -20"><span class='ocrx_word' id='word_1_154' title='bbox 461 1857 593 1927; x_wconf 74' lang='grc' dir='ltr'><em>περὶ</em></span> <span class='ocrx_word' id='word_1_155' title='bbox 630 1858 818 1923; x_wconf 79' lang='grc' dir='ltr'><em>αὑτοῦ,</em></span> <span class='ocrx_word' id='word_1_156' title='bbox 852 1859 952 1929; x_wconf 78' lang='grc' dir='ltr'><em>οὐχ</em></span> <span class='ocrx_word' id='word_1_157' title='bbox 976 1858 1163 1921; x_wconf 79' lang='grc' dir='ltr'><em>ἁπλῶς</em></span> <span class='ocrx_word' id='word_1_158' title='bbox 1202 1856 1398 1928; x_wconf 72' lang='grc' dir='ltr'><em>ηὔχετο</em></span> <span class='ocrx_word' id='word_1_159' title='bbox 1444 1858 1633 1927; x_wconf 88' lang='grc' dir='ltr'><em>μόνον;</em></span> <span class='ocrx_word' id='word_1_160' title='bbox 1679 1855 1745 1907; x_wconf 90' lang='grc' dir='ltr'><em>Τί</em></span> <span class='ocrx_word' id='word_1_161' title='bbox 1783 1854 2031 1925; x_wconf 79' lang='grc' dir='ltr'><em>ὠφέλησε</em></span> 
     </span>
    </p>
   </div>
   <div class='ocr_carea' id='block_1_23' title="bbox 459 1941 2032 2015">
    <p class='ocr_par' dir='ltr' id='par_1_23' title="bbox 459 1941 2032 2015">
     <span class='ocr_line' id='line_1_23' title="bbox 459 1941 2032 2015; baseline 0.001 -20"><span class='ocrx_word' id='word_1_162' title='bbox 459 1942 584 2007; x_wconf 80' lang='grc' dir='ltr'><em>τοὺς</em></span> <span class='ocrx_word' id='word_1_163' title='bbox 647 1942 1013 2015; x_wconf 86' lang='grc' dir='ltr'><em>Ἰσραηλίτας;</em></span> <span class='ocrx_word' id='word_1_164' title='bbox 1061 1945 1197 2013; x_wconf 73' lang='grc' dir='ltr'><em>Οὐχὶ</em></span> <span class='ocrx_word' id='word_1_165' title='bbox 1244 1943 1452 2010; x_wconf 76' lang='grc' dir='ltr'><em>ἐλεγεν⁶</em></span> <span class='ocrx_word' id='word_1_166' title='bbox 1503 1941 1661 2009; x_wconf 79' lang='grc' dir='ltr'><em>Ἐμοὶ</em></span> <span class='ocrx_word' id='word_1_167' title='bbox 1708 1941 1777 1994; x_wconf 73' lang='grc' dir='ltr'><em>δὲ</em></span> <span class='ocrx_word' id='word_1_168' title='bbox 1818 1941 1906 2010; x_wconf 78' lang='grc' dir='ltr'><em>μὴ</em></span> <span class='ocrx_word' id='word_1_169' title='bbox 1941 1941 2032 2011; x_wconf 77' lang='grc' dir='ltr'><em>γέ-</em></span> 
     </span>
    </p>
   </div>
   <div class='ocr_carea' id='block_1_24' title="bbox 456 2027 2029 2100">
    <p class='ocr_par' dir='ltr' id='par_1_24' title="bbox 456 2027 2029 2100">
     <span class='ocr_line' id='line_1_24' title="bbox 456 2027 2029 2100; baseline -0.001 -18"><span class='ocrx_word' id='word_1_170' title='bbox 456 2046 622 2086; x_wconf 82' lang='grc' dir='ltr'><em>νοιτο</em></span> <span class='ocrx_word' id='word_1_171' title='bbox 634 2030 918 2100; x_wconf 80' lang='grc' dir='ltr'><em>ἁμαρτεῖν</em></span> <span class='ocrx_word' id='word_1_172' title='bbox 936 2031 1293 2086; x_wconf 74' lang='grc' dir='ltr'><em>διαλιπόντα</em></span> <span class='ocrx_word' id='word_1_173' title='bbox 1313 2029 1477 2098; x_wconf 70' lang='grc' dir='ltr'><em>εὐχό,</em></span> <span class='ocrx_word' id='word_1_174' title='bbox 1503 2044 1647 2081; x_wconf 84' lang='grc' dir='ltr'><em>ενον</em></span> <span class='ocrx_word' id='word_1_175' title='bbox 1661 2027 1812 2095; x_wconf 80' lang='grc' dir='ltr'><em>ὑπὲρ</em></span> <span class='ocrx_word' id='word_1_176' title='bbox 1832 2028 2029 2097; x_wconf 81' lang='grc' dir='ltr'><em>ὑμῶν;</em></span> 
     </span>
    </p>
   </div>
   <div class='ocr_carea' id='block_1_25' title="bbox 456 2111 2027 2185">
    <p class='ocr_par' dir='ltr' id='par_1_25' title="bbox 456 2111 2027 2185">
     <span class='ocr_line' id='line_1_25' title="bbox 456 2111 2027 2185; baseline -0.001 -17"><span class='ocrx_word' id='word_1_177' title='bbox 456 2116 578 2185; x_wconf 74' lang='grc' dir='ltr'><em>οὐχὶ</em></span> <span class='ocrx_word' id='word_1_178' title='bbox 608 2118 807 2180; x_wconf 80' lang='grc' dir='ltr'><em>πάντες</em></span> <span class='ocrx_word' id='word_1_179' title='bbox 837 2116 1156 2181; x_wconf 82' lang='grc' dir='ltr'><em>ἁπώλοντο;</em></span> <span class='ocrx_word' id='word_1_180' title='bbox 1187 2116 1352 2169; x_wconf 72' lang='grc' dir='ltr'><em>Οὐδὲν</em></span> <span class='ocrx_word' id='word_1_181' title='bbox 1381 2111 1473 2168; x_wconf 81' lang='grc' dir='ltr'><em>οὖν</em></span> <span class='ocrx_word' id='word_1_182' title='bbox 1514 2113 1808 2181; x_wconf 77' lang='grc' dir='ltr'><em>ὠφελοῦσι,</em></span> <span class='ocrx_word' id='word_1_183' title='bbox 1842 2116 2027 2183; x_wconf 76' lang='grc' dir='ltr'><em>φησὶν,</em></span> 
     </span>
    </p>
   </div>
   <div class='ocr_carea' id='block_1_26' title="bbox 457 2200 2029 2272">
    <p class='ocr_par' dir='ltr' id='par_1_26' title="bbox 457 2200 2029 2272">
     <span class='ocr_line' id='line_1_26' title="bbox 457 2200 2029 2272; baseline -0.001 -17"><span class='ocrx_word' id='word_1_184' title='bbox 457 2203 513 2256; x_wconf 87' lang='grc' dir='ltr'><em>αἰ</em></span> <span class='ocrx_word' id='word_1_185' title='bbox 537 2202 727 2272; x_wconf 71' lang='grc' dir='ltr'><em>εὐχαίς</em></span> <span class='ocrx_word' id='word_1_186' title='bbox 769 2201 1049 2272; x_wconf 84' lang='grc' dir='ltr'><em>Ὠφελοῦσι</em></span> <span class='ocrx_word' id='word_1_187' title='bbox 1077 2204 1168 2256; x_wconf 75' lang='grc' dir='ltr'><em>καὶ</em></span> <span class='ocrx_word' id='word_1_188' title='bbox 1192 2200 1422 2271; x_wconf 82' lang='grc' dir='ltr'><em>μεγάλα,</em></span> <span class='ocrx_word' id='word_1_189' title='bbox 1445 2200 1559 2256; x_wconf 83' lang='grc' dir='ltr'><em>ἀλλ’</em></span> <span class='ocrx_word' id='word_1_190' title='bbox 1590 2201 1715 2255; x_wconf 84' lang='grc' dir='ltr'><em>ὅταν</em></span> <span class='ocrx_word' id='word_1_191' title='bbox 1743 2200 1838 2253; x_wconf 80' lang='grc' dir='ltr'><em>καὶ</em></span> <span class='ocrx_word' id='word_1_192' title='bbox 1869 2202 2029 2272; x_wconf 76' lang='grc' dir='ltr'><em>ἡμεῖς</em></span> 
     </span>
    </p>
   </div>
   <div class='ocr_carea' id='block_1_27' title="bbox 458 2287 2028 2361">
    <p class='ocr_par' dir='ltr' id='par_1_27' title="bbox 458 2287 2028 2361">
     <span class='ocr_line' id='line_1_27' title="bbox 458 2287 2028 2361; baseline 0.001 -20"><span class='ocrx_word' id='word_1_193' title='bbox 458 2289 788 2359; x_wconf 67' lang='grc' dir='ltr'><em>πράττωμεν</em></span> <span class='ocrx_word' id='word_1_194' title='bbox 822 2306 876 2342; x_wconf 89' lang='grc' dir='ltr'><em>τι</em></span> <span class='ocrx_word' id='word_1_195' title='bbox 909 2306 922 2320; x_wconf 88' lang='grc'><strong>·</strong></span> <span class='ocrx_word' id='word_1_196' title='bbox 961 2291 1378 2361; x_wconf 75' lang='grc' dir='ltr'><em>συμπράττουσι</em></span> <span class='ocrx_word' id='word_1_197' title='bbox 1412 2290 1509 2359; x_wconf 82' lang='grc' dir='ltr'><em>μὲν</em></span> <span class='ocrx_word' id='word_1_198' title='bbox 1537 2287 1643 2358; x_wconf 80' lang='grc' dir='ltr'><em>γὰρ</em></span> <span class='ocrx_word' id='word_1_199' title='bbox 1667 2288 1723 2341; x_wconf 89' lang='grc' dir='ltr'><em>αἰ</em></span> <span class='ocrx_word' id='word_1_200' title='bbox 1747 2289 1906 2359; x_wconf 75' lang='grc' dir='ltr'><em>εὑχαί</em></span> <span class='ocrx_word' id='word_1_201' title='bbox 1934 2291 2028 2345; x_wconf 73' lang='grc' dir='ltr'><em>καὶ</em></span> 
     </span>
    </p>
   </div>
   <div class='ocr_carea' id='block_1_28' title="bbox 457 2370 2028 2446">
    <p class='ocr_par' dir='ltr' id='par_1_28' title="bbox 457 2370 2028 2446">
     <span class='ocr_line' id='line_1_28' title="bbox 457 2370 2028 2446; baseline 0.001 -19"><span class='ocrx_word' id='word_1_202' title='bbox 457 2370 745 2444; x_wconf 67' lang='grc' dir='ltr'><em>βοηθὸῦσν</em></span> <span class='ocrx_word' id='word_1_203' title='bbox 784 2376 1130 2446; x_wconf 78' lang='grc' dir='ltr'><em>συμπράττει</em></span> <span class='ocrx_word' id='word_1_204' title='bbox 1175 2376 1231 2428; x_wconf 76' lang='grc' dir='ltr'><em>δέ</em></span> <span class='ocrx_word' id='word_1_205' title='bbox 1284 2392 1368 2439; x_wconf 84' lang='grc' dir='ltr'><em>τις</em></span> <span class='ocrx_word' id='word_1_206' title='bbox 1423 2375 1516 2429; x_wconf 82' lang='grc' dir='ltr'><em>καὶ</em></span> <span class='ocrx_word' id='word_1_207' title='bbox 1568 2375 1753 2444; x_wconf 87' lang='grc' dir='ltr'><em>βοηθεῖ</em></span> <span class='ocrx_word' id='word_1_208' title='bbox 1806 2375 1885 2445; x_wconf 82' lang='grc' dir='ltr'><em>τῷ</em></span> <span class='ocrx_word' id='word_1_209' title='bbox 1936 2376 2028 2429; x_wconf 75' lang='grc' dir='ltr'><em>καὶ</em></span> 
     </span>
    </p>
   </div>
   <div class='ocr_carea' id='block_1_29' title="bbox 456 2460 2027 2534">
    <p class='ocr_par' dir='ltr' id='par_1_29' title="bbox 456 2460 2027 2534">
     <span class='ocr_line' id='line_1_29' title="bbox 456 2460 2027 2534; baseline 0.003 -21"><span class='ocrx_word' id='word_1_210' title='bbox 456 2460 605 2531; x_wconf 78' lang='grc' dir='ltr'><em>αὑτῴ</em></span> <span class='ocrx_word' id='word_1_211' title='bbox 631 2461 1018 2533; x_wconf 59' lang='grc' dir='ltr'><em>ἐργαζομένην</em></span> <span class='ocrx_word' id='word_1_212' title='bbox 1050 2463 1114 2517; x_wconf 78' lang='grc' dir='ltr'><em>ἂν</em></span> <span class='ocrx_word' id='word_1_213' title='bbox 1147 2462 1203 2516; x_wconf 77' lang='grc' dir='ltr'><em>δὲ</em></span> <span class='ocrx_word' id='word_1_214' title='bbox 1243 2462 1412 2534; x_wconf 69' lang='grc' dir='ltr'><em>ἀργὸς</em></span> <span class='ocrx_word' id='word_1_215' title='bbox 1454 2461 1642 2531; x_wconf 80' lang='grc' dir='ltr'>μένῃς,</span> <span class='ocrx_word' id='word_1_216' title='bbox 1685 2461 1837 2515; x_wconf 74' lang='grc' dir='ltr'><em>οὐδὲν</em></span> <span class='ocrx_word' id='word_1_217' title='bbox 1884 2464 2027 2533; x_wconf 81' lang='grc' dir='ltr'><em>μέγα</em></span> 
     </span>
    </p>
   </div>
   <div class='ocr_carea' id='block_1_30' title="bbox 453 2547 809 2623">
    <p class='ocr_par' dir='ltr' id='par_1_30' title="bbox 453 2547 809 2623">
     <span class='ocr_line' id='line_1_30' title="bbox 453 2547 809 2623; baseline 0.008 -23"><span class='ocrx_word' id='word_1_218' title='bbox 453 2547 809 2623; x_wconf 79' lang='grc' dir='ltr'><em>ὠφεληθήσῃ.</em></span> 
     </span>
    </p>
   </div>
   <div class='ocr_carea' id='block_1_31' title="bbox 519 2636 2023 2713">
    <p class='ocr_par' dir='ltr' id='par_1_31' title="bbox 519 2636 2023 2713">
     <span class='ocr_line' id='line_1_31' title="bbox 519 2636 2023 2713; baseline 0.003 -24"><span class='ocrx_word' id='word_1_219' title='bbox 519 2636 582 2690; x_wconf 85' lang='grc' dir='ltr'><em>δ’.</em></span> <span class='ocrx_word' id='word_1_220' title='bbox 601 2637 751 2690; x_wconf 78' lang='grc' dir='ltr'><em>Ἐπεὶ</em></span> <span class='ocrx_word' id='word_1_221' title='bbox 774 2639 824 2690; x_wconf 88' lang='grc' dir='ltr'><em>εἰ</em></span> <span class='ocrx_word' id='word_1_222' title='bbox 852 2638 1034 2709; x_wconf 78' lang='grc' dir='ltr'><em>ἴσχυον</em></span> <span class='ocrx_word' id='word_1_223' title='bbox 1058 2638 1114 2692; x_wconf 88' lang='grc' dir='ltr'><em>αἱ</em></span> <span class='ocrx_word' id='word_1_224' title='bbox 1132 2638 1286 2709; x_wconf 77' lang='grc' dir='ltr'><em>εὐχαὶ</em></span> <span class='ocrx_word' id='word_1_225' title='bbox 1304 2640 1603 2711; x_wconf 75' lang='grc' dir='ltr'><em>ἀργοῦντας</em></span> <span class='ocrx_word' id='word_1_226' title='bbox 1633 2641 1778 2713; x_wconf 81' lang='grc' dir='ltr'><em>ἡμᾶς</em></span> <span class='ocrx_word' id='word_1_227' title='bbox 1800 2642 2023 2710; x_wconf 86' lang='grc' dir='ltr'><em>εἰσαγα-</em></span> 
     </span>
    </p>
   </div>
   <div class='ocr_carea' id='block_1_32' title="bbox 452 2724 2024 2799">
    <p class='ocr_par' dir='ltr' id='par_1_32' title="bbox 452 2724 2024 2799">
     <span class='ocr_line' id='line_1_32' title="bbox 452 2724 2024 2799; baseline 0.002 -21"><span class='ocrx_word' id='word_1_228' title='bbox 452 2725 568 2792; x_wconf 80' lang='grc' dir='ltr'><em>γεῖν</em></span> <span class='ocrx_word' id='word_1_229' title='bbox 598 2724 679 2787; x_wconf 87' lang='grc' dir='ltr'><em>εἰς</em></span> <span class='ocrx_word' id='word_1_230' title='bbox 708 2724 808 2794; x_wconf 82' lang='grc' dir='ltr'><em>τὴν</em></span> <span class='ocrx_word' id='word_1_231' title='bbox 855 2725 1156 2795; x_wconf 82' lang='grc' dir='ltr'><em>βασιλείαν,</em></span> <span class='ocrx_word' id='word_1_232' title='bbox 1188 2728 1276 2780; x_wconf 74' lang='grc' dir='ltr'><em>διὰ</em></span> <span class='ocrx_word' id='word_1_233' title='bbox 1320 2729 1373 2780; x_wconf 89' lang='grc' dir='ltr'><em>τί</em></span> <span class='ocrx_word' id='word_1_234' title='bbox 1420 2727 1496 2799; x_wconf 83' lang='grc' dir='ltr'><em>μὴ</em></span> <span class='ocrx_word' id='word_1_235' title='bbox 1538 2730 1738 2793; x_wconf 86' lang='grc' dir='ltr'><em>πάντες</em></span> <span class='ocrx_word' id='word_1_236' title='bbox 1765 2729 2024 2799; x_wconf 86' lang='grc' dir='ltr'><em>’Έλληνες</em></span> 
     </span>
    </p>
   </div>
   <div class='ocr_carea' id='block_1_33' title="bbox 451 2810 2021 2887">
    <p class='ocr_par' dir='ltr' id='par_1_33' title="bbox 451 2810 2021 2887">
     <span class='ocr_line' id='line_1_33' title="bbox 451 2810 2021 2887; baseline 0.004 -25"><span class='ocrx_word' id='word_1_237' title='bbox 451 2810 692 2878; x_wconf 81' lang='grc' dir='ltr'><em>γίνονται</em></span> <span class='ocrx_word' id='word_1_238' title='bbox 728 2813 1085 2881; x_wconf 88' lang='grc' dir='ltr'><em>Χριστιανοί;</em></span> <span class='ocrx_word' id='word_1_239' title='bbox 1132 2816 1254 2885; x_wconf 74' lang='grc' dir='ltr'><em>ουχί</em></span> <span class='ocrx_word' id='word_1_240' title='bbox 1281 2816 1422 2886; x_wconf 83' lang='grc' dir='ltr'><em>ὑπὲρ</em></span> <span class='ocrx_word' id='word_1_241' title='bbox 1449 2816 1651 2880; x_wconf 78' lang='grc' dir='ltr'><em>παντὸς</em></span> <span class='ocrx_word' id='word_1_242' title='bbox 1687 2815 1782 2870; x_wconf 85' lang='grc' dir='ltr'><em>τοῦ</em></span> <span class='ocrx_word' id='word_1_243' title='bbox 1815 2817 2021 2887; x_wconf 82' lang='grc' dir='ltr'><em>κόσμου</em></span> 
     </span>
    </p>
   </div>
   <div class='ocr_carea' id='block_1_34' title="bbox 450 2897 2023 2974">
    <p class='ocr_par' dir='ltr' id='par_1_34' title="bbox 450 2897 2023 2974">
     <span class='ocr_line' id='line_1_34' title="bbox 450 2897 2023 2974; baseline 0.003 -23"><span class='ocrx_word' id='word_1_244' title='bbox 450 2897 758 2968; x_wconf 77' lang='grc' dir='ltr'><em>εὐχόμεθα;</em></span> <span class='ocrx_word' id='word_1_245' title='bbox 799 2900 921 2969; x_wconf 75' lang='grc' dir='ltr'><em>οὐχὶ</em></span> <span class='ocrx_word' id='word_1_246' title='bbox 943 2900 1037 2955; x_wconf 77' lang='grc' dir='ltr'><em>καὶ</em></span> <span class='ocrx_word' id='word_1_247' title='bbox 1063 2899 1274 2964; x_wconf 77' lang='grc' dir='ltr'><em>Παῦλος</em></span> <span class='ocrx_word' id='word_1_248' title='bbox 1300 2902 1461 2954; x_wconf 83' lang='grc' dir='ltr'><em>τοῦτο</em></span> <span class='ocrx_word' id='word_1_249' title='bbox 1492 2903 1693 2968; x_wconf 75' lang='grc' dir='ltr'><em>ἐποίεις</em></span> <span class='ocrx_word' id='word_1_250' title='bbox 1728 2903 1849 2974; x_wconf 71' lang='grc' dir='ltr'><em>οὐχί⁵</em></span> <span class='ocrx_word' id='word_1_251' title='bbox 1887 2905 2023 2956; x_wconf 85' lang='grc' dir='ltr'><em>πάν-</em></span> 
     </span>
    </p>
   </div>
   <div class='ocr_carea' id='block_1_35' title="bbox 450 2983 2015 3059">
    <p class='ocr_par' dir='ltr' id='par_1_35' title="bbox 450 2983 2015 3059">
     <span class='ocr_line' id='line_1_35' title="bbox 450 2983 2015 3059; baseline 0.003 -22"><span class='ocrx_word' id='word_1_252' title='bbox 450 2999 547 3047; x_wconf 92' lang='grc' dir='ltr'><em>τας</em></span> <span class='ocrx_word' id='word_1_253' title='bbox 575 2983 833 3055; x_wconf 76' lang='grc' dir='ltr'><em>ἀξιοῦμεν</em></span> <span class='ocrx_word' id='word_1_254' title='bbox 861 2987 1291 3057; x_wconf 81' lang='grc' dir='ltr'><em>ἐπιστραφῆναι;</em></span> <span class='ocrx_word' id='word_1_255' title='bbox 1324 2988 1459 3041; x_wconf 77' lang='grc' dir='ltr'><em>Είπὲ</em></span> <span class='ocrx_word' id='word_1_256' title='bbox 1488 2988 1617 3059; x_wconf 79' lang='grc' dir='ltr'><em>γὰρ,</em></span> <span class='ocrx_word' id='word_1_257' title='bbox 1643 2989 1731 3042; x_wconf 83' lang='grc' dir='ltr'><em>διὰ</em></span> <span class='ocrx_word' id='word_1_258' title='bbox 1751 2990 1804 3041; x_wconf 91' lang='grc' dir='ltr'><em>τί</em></span> <span class='ocrx_word' id='word_1_259' title='bbox 1835 2991 1883 3042; x_wconf 92' lang='grc' dir='ltr'><em>οἰ</em></span> <span class='ocrx_word' id='word_1_260' title='bbox 1915 3007 2015 3042; x_wconf 87' lang='grc' dir='ltr'><em>πο-</em></span> 
     </span>
    </p>
   </div>
   <div class='ocr_carea' id='block_1_36' title="bbox 450 3071 2021 3146">
    <p class='ocr_par' dir='ltr' id='par_1_36' title="bbox 450 3071 2021 3146">
     <span class='ocr_line' id='line_1_36' title="bbox 450 3071 2021 3146; baseline 0.004 -23"><span class='ocrx_word' id='word_1_261' title='bbox 450 3071 603 3141; x_wconf 73' lang='grc' dir='ltr'><em>νηροὶ</em></span> <span class='ocrx_word' id='word_1_262' title='bbox 637 3072 711 3142; x_wconf 81' lang='grc' dir='ltr'><em>μὴ</em></span> <span class='ocrx_word' id='word_1_263' title='bbox 741 3071 977 3140; x_wconf 88' lang='grc' dir='ltr'><em>γίνονται</em></span> <span class='ocrx_word' id='word_1_264' title='bbox 1010 3073 1269 3144; x_wconf 86' lang='grc' dir='ltr'><em>χρηστοί;</em></span> <span class='ocrx_word' id='word_1_265' title='bbox 1308 3071 1415 3145; x_wconf 81' lang='grc' dir='ltr'><em>ἆρα</em></span> <span class='ocrx_word' id='word_1_266' title='bbox 1457 3075 1577 3146; x_wconf 73' lang='grc' dir='ltr'><em>οὐχὶ</em></span> <span class='ocrx_word' id='word_1_267' title='bbox 1604 3074 1781 3145; x_wconf 83' lang='grc' dir='ltr'><em>δῆλον,</em></span> <span class='ocrx_word' id='word_1_268' title='bbox 1815 3078 1896 3129; x_wconf 73' lang='grc' dir='ltr'><em>ὅτι</em></span> <span class='ocrx_word' id='word_1_269' title='bbox 1932 3076 2021 3130; x_wconf 84' lang='grc' dir='ltr'><em>διὰ</em></span> 
     </span>
    </p>
   </div>
   <div class='ocr_carea' id='block_1_37' title="bbox 450 3159 2016 3234">
    <p class='ocr_par' dir='ltr' id='par_1_37' title="bbox 450 3159 2016 3234">
     <span class='ocr_line' id='line_1_37' title="bbox 450 3159 2016 3234; baseline 0.004 -22"><span class='ocrx_word' id='word_1_270' title='bbox 450 3160 510 3212; x_wconf 80' lang='grc' dir='ltr'><em>τὸ</em></span> <span class='ocrx_word' id='word_1_271' title='bbox 537 3159 614 3231; x_wconf 80' lang='grc' dir='ltr'><em>μὴ</em></span> <span class='ocrx_word' id='word_1_272' title='bbox 642 3160 902 3216; x_wconf 81' lang='grc' dir='ltr'><em>δύνασθαι</em></span> <span class='ocrx_word' id='word_1_273' title='bbox 931 3175 957 3204; x_wconf 73' lang='grc' dir='ltr'>ι</span> <span class='ocrx_word' id='word_1_274' title='bbox 997 3163 1125 3234; x_wconf 79' lang='grc' dir='ltr'><em>παρ’</em></span> <span class='ocrx_word' id='word_1_275' title='bbox 1160 3162 1365 3216; x_wconf 79' lang='grc' dir='ltr'><em>ἑαυτῶν</em></span> <span class='ocrx_word' id='word_1_276' title='bbox 1406 3179 1457 3216; x_wconf 91' lang='grc' dir='ltr'><em>τι</em></span> <span class='ocrx_word' id='word_1_277' title='bbox 1499 3166 1858 3230; x_wconf 83' lang='grc' dir='ltr'><em>εἰσενεγκείν;</em></span> <span class='ocrx_word' id='word_1_278' title='bbox 1902 3167 2016 3219; x_wconf 83' lang='grc' dir='ltr'><em>Με-</em></span> 
     </span>
    </p>
   </div>
   <div class='ocr_carea' id='block_1_38' title="bbox 448 3246 2018 3321">
    <p class='ocr_par' dir='ltr' id='par_1_38' title="bbox 448 3246 2018 3321">
     <span class='ocr_line' id='line_1_38' title="bbox 448 3246 2018 3321; baseline 0.003 -20"><span class='ocrx_word' id='word_1_279' title='bbox 448 3246 591 3314; x_wconf 80' lang='grc' dir='ltr'><em>γάλα</em></span> <span class='ocrx_word' id='word_1_280' title='bbox 615 3247 795 3300; x_wconf 79' lang='grc' dir='ltr'><em>τοίνυν</em></span> <span class='ocrx_word' id='word_1_281' title='bbox 834 3248 1135 3317; x_wconf 76' lang='grc' dir='ltr'><em>ὠφελοῦσιν</em></span> <span class='ocrx_word' id='word_1_282' title='bbox 1175 3251 1230 3303; x_wconf 91' lang='grc' dir='ltr'><em>αἰ</em></span> <span class='ocrx_word' id='word_1_283' title='bbox 1260 3249 1437 3319; x_wconf 73' lang='grc' dir='ltr'><em>εὐχαὶ,</em></span> <span class='ocrx_word' id='word_1_284' title='bbox 1467 3250 1596 3303; x_wconf 80' lang='grc' dir='ltr'><em>ὅταν</em></span> <span class='ocrx_word' id='word_1_285' title='bbox 1628 3250 1721 3303; x_wconf 77' lang='grc' dir='ltr'><em>καὶ</em></span> <span class='ocrx_word' id='word_1_286' title='bbox 1767 3252 1923 3321; x_wconf 81' lang='grc' dir='ltr'>ἡμεῖς</span> <span class='ocrx_word' id='word_1_287' title='bbox 1949 3252 2018 3306; x_wconf 81' lang='grc' dir='ltr'><em>τὰ</em></span> 
     </span>
    </p>
   </div>
   <div class='ocr_carea' id='block_1_39' title="bbox 450 3332 2016 3407">
    <p class='ocr_par' dir='ltr' id='par_1_39' title="bbox 450 3332 2016 3407">
     <span class='ocr_line' id='line_1_39' title="bbox 450 3332 2016 3407; baseline 0.003 -19"><span class='ocrx_word' id='word_1_288' title='bbox 450 3332 580 3403; x_wconf 85' lang='grc' dir='ltr'><em>παρ’</em></span> <span class='ocrx_word' id='word_1_289' title='bbox 617 3332 825 3389; x_wconf 76' lang='grc' dir='ltr'><em>ἑαυτῶν</em></span> <span class='ocrx_word' id='word_1_290' title='bbox 862 3336 1220 3407; x_wconf 78' lang='grc' dir='ltr'><em>εἰσφέρωμεν.</em></span> <span class='ocrx_word' id='word_1_291' title='bbox 1278 3335 1463 3388; x_wconf 78' lang='grc' dir='ltr'><em>Βούλει</em></span> <span class='ocrx_word' id='word_1_292' title='bbox 1512 3337 1701 3406; x_wconf 84' lang='grc' dir='ltr'><em>μαθεῖν</em></span> <span class='ocrx_word' id='word_1_293' title='bbox 1746 3338 1845 3391; x_wconf 81' lang='grc' dir='ltr'><em>ὅσα</em></span> <span class='ocrx_word' id='word_1_294' title='bbox 1872 3339 2016 3407; x_wconf 88' lang='grc' dir='ltr'><em>ὠφέ-</em></span> 
     </span>
    </p>
   </div>
   <div class='ocr_carea' id='block_1_40' title="bbox 448 3419 2011 3494">
    <p class='ocr_par' dir='ltr' id='par_1_40' title="bbox 448 3419 2011 3494">
     <span class='ocr_line' id='line_1_40' title="bbox 448 3419 2011 3494; baseline 0.004 -22"><span class='ocrx_word' id='word_1_295' title='bbox 448 3419 620 3491; x_wconf 86' lang='grc' dir='ltr'><em>λησαν</em></span> <span class='ocrx_word' id='word_1_296' title='bbox 651 3419 803 3491; x_wconf 82' lang='grc' dir='ltr'><em>εὐχαί</em></span> <span class='ocrx_word' id='word_1_297' title='bbox 824 3423 1032 3485; x_wconf 71' lang='grc' dir='ltr'><em>;ἐννόει</em></span> <span class='ocrx_word' id='word_1_298' title='bbox 1065 3439 1153 3492; x_wconf 88' lang='grc' dir='ltr'><em>μοι</em></span> <span class='ocrx_word' id='word_1_299' title='bbox 1169 3423 1257 3475; x_wconf 81' lang='grc' dir='ltr'><em>τὸν</em></span> <span class='ocrx_word' id='word_1_300' title='bbox 1282 3422 1603 3494; x_wconf 80' lang='grc' dir='ltr'><em>Κορνήλιον,</em></span> <span class='ocrx_word' id='word_1_301' title='bbox 1624 3424 1722 3493; x_wconf 77' lang='grc' dir='ltr'><em>τὴν</em></span> <span class='ocrx_word' id='word_1_302' title='bbox 1745 3423 2011 3479; x_wconf 79' lang='grc' dir='ltr'><em>Ταδιθάν’</em></span> 
     </span>
    </p>
   </div>
   <div class='ocr_carea' id='block_1_41' title="bbox 447 3510 2011 3582">
    <p class='ocr_par' dir='ltr' id='par_1_41' title="bbox 447 3510 2011 3582">
     <span class='ocr_line' id='line_1_41' title="bbox 447 3510 2011 3582; baseline 0.001 -17"><span class='ocrx_word' id='word_1_303' title='bbox 447 3510 611 3566; x_wconf 77' lang='grc' dir='ltr'><em>ἄκουε</em></span> <span class='ocrx_word' id='word_1_304' title='bbox 642 3510 699 3563; x_wconf 82' lang='grc' dir='ltr'><em>δὲ</em></span> <span class='ocrx_word' id='word_1_305' title='bbox 734 3511 828 3565; x_wconf 77' lang='grc' dir='ltr'><em>καί</em></span> <span class='ocrx_word' id='word_1_306' title='bbox 868 3511 963 3566; x_wconf 85' lang='grc' dir='ltr'><em>τοῦ</em></span> <span class='ocrx_word' id='word_1_307' title='bbox 1007 3510 1199 3566; x_wconf 79' lang='grc' dir='ltr'><em>Ἰακὼϐ</em></span> <span class='ocrx_word' id='word_1_308' title='bbox 1227 3512 1474 3581; x_wconf 83' lang='grc' dir='ltr'><em>λέγοντος</em></span> <span class='ocrx_word' id='word_1_309' title='bbox 1502 3511 1637 3582; x_wconf 83' lang='grc' dir='ltr'><em>πρὸς</em></span> <span class='ocrx_word' id='word_1_310' title='bbox 1670 3512 1760 3565; x_wconf 80' lang='grc' dir='ltr'><em>τὸν</em></span> <span class='ocrx_word' id='word_1_311' title='bbox 1791 3512 1975 3568; x_wconf 79' lang='grc' dir='ltr'><em>Λάδαν</em></span> <span class='ocrx_word' id='word_1_312' title='bbox 1997 3529 2011 3544; x_wconf 79' lang='grc' dir='ltr'><strong>ο</strong></span> 
     </span>
    </p>
   </div>
   <div class='ocr_carea' id='block_1_42' title="bbox 442 3597 2016 3673">
    <p class='ocr_par' dir='ltr' id='par_1_42' title="bbox 442 3597 2016 3673">
     <span class='ocr_line' id='line_1_42' title="bbox 442 3597 2016 3673; baseline 0.003 -21"><span class='ocrx_word' id='word_1_313' title='bbox 442 3599 511 3652; x_wconf 68' lang='grc' dir='ltr'><em>Εἰ</em></span> <span class='ocrx_word' id='word_1_314' title='bbox 529 3598 617 3668; x_wconf 78' lang='grc' dir='ltr'><em>μὴ</em></span> <span class='ocrx_word' id='word_1_315' title='bbox 643 3602 677 3653; x_wconf 84' lang='grc' dir='ltr'><em>ό</em></span> <span class='ocrx_word' id='word_1_316' title='bbox 696 3602 880 3669; x_wconf 76' lang='grc' dir='ltr'><em>φόϐος</em></span> <span class='ocrx_word' id='word_1_317' title='bbox 907 3600 1012 3655; x_wconf 87' lang='grc' dir='ltr'><em>τοῦ</em></span> <span class='ocrx_word' id='word_1_318' title='bbox 1035 3603 1257 3669; x_wconf 83' lang='grc' dir='ltr'><em>πατρός</em></span> <span class='ocrx_word' id='word_1_319' title='bbox 1283 3620 1395 3670; x_wconf 85' lang='grc' dir='ltr'><em>μου</em></span> <span class='ocrx_word' id='word_1_320' title='bbox 1429 3597 1508 3671; x_wconf 78' lang='grc' dir='ltr'><em>ἦν</em></span> <span class='ocrx_word' id='word_1_321' title='bbox 1530 3619 1653 3671; x_wconf 84' lang='grc' dir='ltr'><em>μοι,</em></span> <span class='ocrx_word' id='word_1_322' title='bbox 1688 3600 1805 3656; x_wconf 77' lang='grc' dir='ltr'><em>νῦν</em></span> <span class='ocrx_word' id='word_1_323' title='bbox 1841 3602 1919 3656; x_wconf 76' lang='grc' dir='ltr'><em>ἄν</em></span> <span class='ocrx_word' id='word_1_324' title='bbox 1938 3620 2016 3673; x_wconf 77' lang='grc' dir='ltr'><em>με</em></span> 
     </span>
    </p>
   </div>
   <div class='ocr_carea' id='block_1_43' title="bbox 448 3685 2014 3754">
    <p class='ocr_par' dir='ltr' id='par_1_43' title="bbox 448 3685 2014 3754">
     <span class='ocr_line' id='line_1_43' title="bbox 448 3685 2014 3754; baseline 0.004 -15"><span class='ocrx_word' id='word_1_325' title='bbox 448 3685 631 3739; x_wconf 78' lang='grc' dir='ltr'><em>κενὸν</em></span> <span class='ocrx_word' id='word_1_326' title='bbox 676 3687 1112 3754; x_wconf 77' lang='grc' dir='ltr'><em>ἐξαπέστειλας</em></span> <span class='ocrx_word' id='word_1_327' title='bbox 1135 3704 1150 3718; x_wconf 78' lang='grc' dir='ltr'><strong>ο</strong></span> <span class='ocrx_word' id='word_1_328' title='bbox 1178 3690 1342 3743; x_wconf 82' lang='grc' dir='ltr'><em>ἄκουε</em></span> <span class='ocrx_word' id='word_1_329' title='bbox 1372 3690 1427 3742; x_wconf 80' lang='grc' dir='ltr'><em>δὲ</em></span> <span class='ocrx_word' id='word_1_330' title='bbox 1453 3692 1546 3743; x_wconf 74' lang='grc' dir='ltr'><em>καὶ</em></span> <span class='ocrx_word' id='word_1_331' title='bbox 1569 3688 1660 3742; x_wconf 88' lang='grc' dir='ltr'><em>τοῦ</em></span> <span class='ocrx_word' id='word_1_332' title='bbox 1691 3689 1825 3743; x_wconf 86' lang='grc' dir='ltr'><em>Θεοῦ</em></span> <span class='ocrx_word' id='word_1_333' title='bbox 1853 3691 2014 3745; x_wconf 63' lang='grc' dir='ltr'><em>πάλιν</em></span> 
     </span>
    </p>
   </div>
   <div class='ocr_carea' id='block_1_44' title="bbox 447 3770 2010 3845">
    <p class='ocr_par' dir='ltr' id='par_1_44' title="bbox 447 3770 2010 3845">
     <span class='ocr_line' id='line_1_44' title="bbox 447 3770 2010 3845; baseline 0.006 -22"><span class='ocrx_word' id='word_1_334' title='bbox 447 3770 692 3839; x_wconf 87' lang='grc' dir='ltr'><em>λέγοντος</em></span> <span class='ocrx_word' id='word_1_335' title='bbox 711 3789 726 3804; x_wconf 81' lang='grc' dir='ltr'><strong>ο</strong></span> <span class='ocrx_word' id='word_1_336' title='bbox 770 3772 1133 3841; x_wconf 82' lang='grc' dir='ltr'><em>Ὺπερασπιῶ</em></span> <span class='ocrx_word' id='word_1_337' title='bbox 1154 3771 1263 3843; x_wconf 78' lang='grc' dir='ltr'><em>τῆς</em></span> <span class='ocrx_word' id='word_1_338' title='bbox 1296 3778 1527 3842; x_wconf 80' lang='grc' dir='ltr'><em>πόλεως</em></span> <span class='ocrx_word' id='word_1_339' title='bbox 1554 3777 1773 3845; x_wconf 80' lang='grc' dir='ltr'><em>ταύτης</em></span> <span class='ocrx_word' id='word_1_340' title='bbox 1790 3779 1864 3831; x_wconf 82' lang='grc' dir='ltr'><em>δι’</em></span> <span class='ocrx_word' id='word_1_341' title='bbox 1885 3778 2010 3845; x_wconf 82' lang='grc' dir='ltr'><em>ἐμὲ,</em></span> 
     </span>
    </p>
   </div>
   <div class='ocr_carea' id='block_1_45' title="bbox 448 3856 2008 3932">
    <p class='ocr_par' dir='ltr' id='par_1_45' title="bbox 448 3856 2008 3932">
     <span class='ocr_line' id='line_1_45' title="bbox 448 3856 2008 3932; baseline 0.004 -21"><span class='ocrx_word' id='word_1_342' title='bbox 448 3856 545 3911; x_wconf 80' lang='grc' dir='ltr'><em>καί</em></span> <span class='ocrx_word' id='word_1_343' title='bbox 575 3856 673 3910; x_wconf 82' lang='grc' dir='ltr'><em>διὰ</em></span> <span class='ocrx_word' id='word_1_344' title='bbox 702 3860 883 3913; x_wconf 79' lang='grc' dir='ltr'><em>Δαυτδ</em></span> <span class='ocrx_word' id='word_1_345' title='bbox 911 3861 1019 3913; x_wconf 85' lang='grc' dir='ltr'><em>τὸν</em></span> <span class='ocrx_word' id='word_1_346' title='bbox 1045 3861 1226 3913; x_wconf 80' lang='grc' dir='ltr'><em>παῖδά</em></span> <span class='ocrx_word' id='word_1_347' title='bbox 1257 3880 1396 3931; x_wconf 87' lang='grc' dir='ltr'><em>μου.</em></span> <span class='ocrx_word' id='word_1_348' title='bbox 1451 3864 1611 3918; x_wconf 83' lang='grc' dir='ltr'><em>Ἀλλὰ</em></span> <span class='ocrx_word' id='word_1_349' title='bbox 1664 3864 1822 3932; x_wconf 83' lang='grc' dir='ltr'><em>πότε;</em></span> <span class='ocrx_word' id='word_1_350' title='bbox 1885 3865 2008 3918; x_wconf 78' lang='grc' dir='ltr'><em>Ἐπὶ</em></span> 
     </span>
    </p>
   </div>
   <div class='ocr_carea' id='block_1_46' title="bbox 460 3944 2012 4022">
    <p class='ocr_par' dir='ltr' id='par_1_46' title="bbox 460 3944 2012 4022">
     <span class='ocr_line' id='line_1_46' title="bbox 460 3944 2012 4022; baseline 0.006 -26"><span class='ocrx_word' id='word_1_351' title='bbox 460 3944 702 4008; x_wconf 74' lang='grc' dir='ltr'><em>Ἐζεκίου</em></span> <span class='ocrx_word' id='word_1_352' title='bbox 731 3946 941 3999; x_wconf 80' lang='grc' dir='ltr'><em>δικαίου</em></span> <span class='ocrx_word' id='word_1_353' title='bbox 974 3945 1145 4009; x_wconf 74' lang='grc' dir='ltr'><em>ὄντος.</em></span> <span class='ocrx_word' id='word_1_354' title='bbox 1190 3948 1341 4001; x_wconf 74' lang='grc' dir='ltr'><em>Ἐπεὶ</em></span> <span class='ocrx_word' id='word_1_355' title='bbox 1373 3948 1427 4002; x_wconf 88' lang='grc' dir='ltr'><em>εί</em></span> <span class='ocrx_word' id='word_1_356' title='bbox 1448 3966 1509 4016; x_wconf 89' lang='grc' dir='ltr'><em>γε</em></span> <span class='ocrx_word' id='word_1_357' title='bbox 1536 3950 1718 4021; x_wconf 71' lang='grc' dir='ltr'><em>ἴσχυον</em></span> <span class='ocrx_word' id='word_1_358' title='bbox 1738 3951 1895 4022; x_wconf 76' lang='grc' dir='ltr'><em>εὐχαὶ</em></span> <span class='ocrx_word' id='word_1_359' title='bbox 1919 3953 2012 4006; x_wconf 75' lang='grc' dir='ltr'><em>καὶ</em></span> 
     </span>
    </p>
   </div>
   <div class='ocr_carea' id='block_1_47' title="bbox 447 4032 2012 4107">
    <p class='ocr_par' dir='ltr' id='par_1_47' title="bbox 447 4032 2012 4107">
     <span class='ocr_line' id='line_1_47' title="bbox 447 4032 2012 4107; baseline 0.007 -24"><span class='ocrx_word' id='word_1_360' title='bbox 447 4032 671 4087; x_wconf 73' lang='grc' dir='ltr'><em>ἐπὶτῶν</em></span> <span class='ocrx_word' id='word_1_361' title='bbox 697 4034 903 4105; x_wconf 86' lang='grc' dir='ltr'><em>σφόδρα</em></span> <span class='ocrx_word' id='word_1_362' title='bbox 935 4034 1205 4106; x_wconf 78' lang='grc' dir='ltr'><em>πονηρῶν,</em></span> <span class='ocrx_word' id='word_1_363' title='bbox 1236 4035 1324 4089; x_wconf 78' lang='grc' dir='ltr'><em>διὰ</em></span> <span class='ocrx_word' id='word_1_364' title='bbox 1359 4035 1412 4089; x_wconf 91' lang='grc' dir='ltr'><em>τί</em></span> <span class='ocrx_word' id='word_1_365' title='bbox 1442 4037 1516 4107; x_wconf 83' lang='grc' dir='ltr'><em>μὴ</em></span> <span class='ocrx_word' id='word_1_366' title='bbox 1549 4038 1662 4103; x_wconf 80' lang='grc' dir='ltr'><em>καὶ,</em></span> <span class='ocrx_word' id='word_1_367' title='bbox 1710 4040 1799 4092; x_wconf 78' lang='grc' dir='ltr'><em>ὅτε</em></span> <span class='ocrx_word' id='word_1_368' title='bbox 1842 4042 1871 4093; x_wconf 91' lang='lat'><em>6</em></span> <span class='ocrx_word' id='word_1_369' title='bbox 1897 4041 2012 4094; x_wconf 88' lang='lat' dir='ltr'><em>Na-</em></span> 
     </span>
    </p>
   </div>
   <div class='ocr_carea' id='block_1_48' title="bbox 446 4118 2009 4194">
    <p class='ocr_par' dir='ltr' id='par_1_48' title="bbox 446 4118 2009 4194">
     <span class='ocr_line' id='line_1_48' title="bbox 446 4118 2009 4194; baseline 0.006 -22"><span class='ocrx_word' id='word_1_370' title='bbox 446 4118 826 4192; x_wconf 79' lang='grc' dir='ltr'><em>σουχοδονόσορ</em></span> <span class='ocrx_word' id='word_1_371' title='bbox 853 4118 1038 4194; x_wconf 78' lang='grc' dir='ltr'><em>ἦλθεν,</em></span> <span class='ocrx_word' id='word_1_372' title='bbox 1072 4118 1192 4177; x_wconf 84' lang='grc' dir='ltr'><em>εῑπε</em></span> <span class='ocrx_word' id='word_1_373' title='bbox 1227 4122 1385 4177; x_wconf 88' lang='grc' dir='ltr'><em>τοῦτο</em></span> <span class='ocrx_word' id='word_1_374' title='bbox 1404 4127 1431 4178; x_wconf 97' lang='lat'><em>6</em></span> <span class='ocrx_word' id='word_1_375' title='bbox 1462 4126 1612 4191; x_wconf 70' lang='grc' dir='ltr'><em>Θεὸς,</em></span> <span class='ocrx_word' id='word_1_376' title='bbox 1637 4127 1751 4180; x_wconf 82' lang='grc' dir='ltr'><em>ἄλλ’</em></span> <span class='ocrx_word' id='word_1_377' title='bbox 1782 4128 2009 4193; x_wconf 77' lang='grc' dir='ltr'><em>ἐξέδωκε</em></span> 
     </span>
    </p>
   </div>
   <div class='ocr_carea' id='block_1_49' title="bbox 442 4206 2010 4286">
    <p class='ocr_par' dir='ltr' id='par_1_49' title="bbox 442 4206 2010 4286">
     <span class='ocr_line' id='line_1_49' title="bbox 442 4206 2010 4286; baseline 0.006 -25"><span class='ocrx_word' id='word_1_378' title='bbox 442 4206 541 4278; x_wconf 78' lang='grc' dir='ltr'><em>τὴν</em></span> <span class='ocrx_word' id='word_1_379' title='bbox 571 4207 761 4275; x_wconf 79' lang='grc' dir='ltr'><em>πόλιν;</em></span> <span class='ocrx_word' id='word_1_380' title='bbox 800 4210 1018 4281; x_wconf 84' lang='grc' dir='ltr'><em>Ἐπειδὴ</em></span> <span class='ocrx_word' id='word_1_381' title='bbox 1054 4210 1239 4282; x_wconf 75' lang='grc' dir='ltr'><em>μεῖζον</em></span> <span class='ocrx_word' id='word_1_382' title='bbox 1288 4213 1505 4284; x_wconf 73' lang='grc' dir='ltr'><em>ἴσχυσεν</em></span> <span class='ocrx_word' id='word_1_383' title='bbox 1549 4216 1582 4285; x_wconf 83' lang='grc' dir='ltr'>ὴ</span> <span class='ocrx_word' id='word_1_384' title='bbox 1613 4215 1864 4286; x_wconf 85' lang='grc' dir='ltr'><em>πονηρία.</em></span> <span class='ocrx_word' id='word_1_385' title='bbox 1898 4217 2010 4270; x_wconf 85' lang='grc' dir='ltr'><em>Πά-</em></span> 
     </span>
    </p>
   </div>
   <div class='ocr_carea' id='block_1_50' title="bbox 442 4290 2008 4375">
    <p class='ocr_par' dir='ltr' id='par_1_50' title="bbox 442 4290 2008 4375">
     <span class='ocr_line' id='line_1_50' title="bbox 442 4290 2008 4375; baseline 0.006 -28"><span class='ocrx_word' id='word_1_386' title='bbox 442 4293 526 4350; x_wconf 86' lang='grc' dir='ltr'><em>λιν</em></span> <span class='ocrx_word' id='word_1_387' title='bbox 549 4296 708 4361; x_wconf 74' lang='grc' dir='ltr'><em>αὑτὸς</em></span> <span class='ocrx_word' id='word_1_388' title='bbox 735 4290 887 4362; x_wconf 78' lang='grc' dir='ltr'><em>οὗτος</em></span> <span class='ocrx_word' id='word_1_389' title='bbox 911 4300 939 4352; x_wconf 89' lang='lat'><em>6</em></span> <span class='ocrx_word' id='word_1_390' title='bbox 977 4299 1229 4371; x_wconf 86' lang='grc' dir='ltr'><em>Σαμουὴλ</em></span> <span class='ocrx_word' id='word_1_391' title='bbox 1260 4298 1463 4371; x_wconf 76' lang='grc' dir='ltr'><em>ηὔξατο</em></span> <span class='ocrx_word' id='word_1_392' title='bbox 1496 4302 1638 4374; x_wconf 83' lang='grc' dir='ltr'><em>ὑπὲρ</em></span> <span class='ocrx_word' id='word_1_393' title='bbox 1655 4302 1763 4356; x_wconf 86' lang='grc' dir='ltr'><em>τῶν</em></span> <span class='ocrx_word' id='word_1_394' title='bbox 1797 4303 2008 4375; x_wconf 89' lang='grc' dir='ltr'><em>Ἰσραη-</em></span> 
     </span>
    </p>
   </div>
   <div class='ocr_carea' id='block_1_51' title="bbox 442 4382 2007 4462">
    <p class='ocr_par' dir='ltr' id='par_1_51' title="bbox 442 4382 2007 4462">
     <span class='ocr_line' id='line_1_51' title="bbox 442 4382 2007 4462; baseline 0.006 -26"><span class='ocrx_word' id='word_1_395' title='bbox 442 4382 622 4451; x_wconf 84' lang='grc' dir='ltr'><em>λιτῶν,</em></span> <span class='ocrx_word' id='word_1_396' title='bbox 650 4385 744 4441; x_wconf 77' lang='grc' dir='ltr'><em>καὶ</em></span> <span class='ocrx_word' id='word_1_397' title='bbox 773 4385 970 4456; x_wconf 82' lang='grc' dir='ltr'><em>ῆνυσεν</em></span> <span class='ocrx_word' id='word_1_398' title='bbox 993 4401 1008 4415; x_wconf 89' lang='grc'><strong>·</strong></span> <span class='ocrx_word' id='word_1_399' title='bbox 1042 4387 1179 4441; x_wconf 80' lang='grc' dir='ltr'><em>ἀλλὰ</em></span> <span class='ocrx_word' id='word_1_400' title='bbox 1215 4389 1345 4441; x_wconf 83' lang='grc' dir='ltr'><em>πότε</em></span> <span class='ocrx_word' id='word_1_401' title='bbox 1368 4407 1382 4455; x_wconf 90' lang='lat'><strong>;</strong></span> <span class='ocrx_word' id='word_1_402' title='bbox 1407 4389 1534 4442; x_wconf 88' lang='grc' dir='ltr'><em>Ὅτε</em></span> <span class='ocrx_word' id='word_1_403' title='bbox 1564 4391 1658 4443; x_wconf 75' lang='grc' dir='ltr'><em>καὶ</em></span> <span class='ocrx_word' id='word_1_404' title='bbox 1694 4390 1849 4445; x_wconf 84' lang='grc' dir='ltr'><em>αὐτοί</em></span> <span class='ocrx_word' id='word_1_405' title='bbox 1877 4393 2007 4462; x_wconf 82' lang='grc' dir='ltr'><em>εὐη-</em></span> 
     </span>
    </p>
   </div>
   <div class='ocr_carea' id='block_1_52' title="bbox 444 4472 2005 4548">
    <p class='ocr_par' dir='ltr' id='par_1_52' title="bbox 444 4472 2005 4548">
     <span class='ocr_line' id='line_1_52' title="bbox 444 4472 2005 4548; baseline 0.006 -23"><span class='ocrx_word' id='word_1_406' title='bbox 444 4472 690 4540; x_wconf 79' lang='grc' dir='ltr'><em>ρέστουν,</em></span> <span class='ocrx_word' id='word_1_407' title='bbox 746 4473 868 4527; x_wconf 85' lang='grc' dir='ltr'><em>τότε</em></span> <span class='ocrx_word' id='word_1_408' title='bbox 914 4474 1258 4544; x_wconf 82' lang='grc' dir='ltr'><em>ἐτροπώσατο</em></span> <span class='ocrx_word' id='word_1_409' title='bbox 1303 4478 1428 4540; x_wconf 81' lang='grc' dir='ltr'><em>τοὺς</em></span> <span class='ocrx_word' id='word_1_410' title='bbox 1476 4477 1723 4548; x_wconf 85' lang='grc' dir='ltr'><em>ἐχθρούς.</em></span> <span class='ocrx_word' id='word_1_411' title='bbox 1760 4481 1868 4533; x_wconf 75' lang='grc' dir='ltr'><em>Καὶ</em></span> <span class='ocrx_word' id='word_1_412' title='bbox 1920 4481 2005 4544; x_wconf 89' lang='grc' dir='ltr'><em>τίς</em></span> 
     </span>
    </p>
   </div>
   <div class='ocr_carea' id='block_1_53' title="bbox 441 4557 2005 4636">
    <p class='ocr_par' dir='ltr' id='par_1_53' title="bbox 441 4557 2005 4636">
     <span class='ocr_line' id='line_1_53' title="bbox 441 4557 2005 4636; baseline 0.006 -26"><span class='ocrx_word' id='word_1_413' title='bbox 441 4557 617 4628; x_wconf 88' lang='grc' dir='ltr'><em>χρεία,</em></span> <span class='ocrx_word' id='word_1_414' title='bbox 646 4561 796 4630; x_wconf 72' lang='grc' dir='ltr'><em>φησὶ,</em></span> <span class='ocrx_word' id='word_1_415' title='bbox 838 4560 985 4634; x_wconf 66' lang='grc'><em>[451]</em></span> <span class='ocrx_word' id='word_1_416' title='bbox 1008 4563 1106 4633; x_wconf 92' lang='grc' dir='ltr'><em>τῆς</em></span> <span class='ocrx_word' id='word_1_417' title='bbox 1140 4565 1269 4635; x_wconf 83' lang='grc' dir='ltr'><em>παρ’</em></span> <span class='ocrx_word' id='word_1_418' title='bbox 1298 4565 1485 4636; x_wconf 82' lang='grc' dir='ltr'><em>ἐτέρου</em></span> <span class='ocrx_word' id='word_1_419' title='bbox 1517 4566 1704 4635; x_wconf 72' lang='grc' dir='ltr'><em>εὐχῆς,</em></span> <span class='ocrx_word' id='word_1_420' title='bbox 1740 4567 1868 4619; x_wconf 83' lang='grc' dir='ltr'><em>ὅταν</em></span> <span class='ocrx_word' id='word_1_421' title='bbox 1893 4567 2005 4636; x_wconf 87' lang='grc' dir='ltr'><em>ἐγὼ</em></span> 
     </span>
    </p>
   </div>
   <div class='ocr_carea' id='block_1_54' title="bbox 441 4645 2000 4723">
    <p class='ocr_par' dir='ltr' id='par_1_54' title="bbox 441 4645 2000 4723">
     <span class='ocr_line' id='line_1_54' title="bbox 441 4645 2000 4723; baseline 0.005 -26"><span class='ocrx_word' id='word_1_422' title='bbox 441 4645 753 4715; x_wconf 73' lang='grc' dir='ltr'><em>εὐαρεστῶς</em></span> <span class='ocrx_word' id='word_1_423' title='bbox 786 4649 1067 4719; x_wconf 82' lang='grc' dir='ltr'><em>Μηδέποτε</em></span> <span class='ocrx_word' id='word_1_424' title='bbox 1097 4649 1252 4704; x_wconf 86' lang='grc' dir='ltr'><em>τοῦτο</em></span> <span class='ocrx_word' id='word_1_425' title='bbox 1275 4651 1455 4723; x_wconf 74' lang='grc' dir='ltr'><em>εἴπῃς,</em></span> <span class='ocrx_word' id='word_1_426' title='bbox 1497 4651 1769 4723; x_wconf 83' lang='grc' dir='ltr'><em>ἄνθρωπε.</em></span> <span class='ocrx_word' id='word_1_427' title='bbox 1808 4655 2000 4723; x_wconf 85' lang='grc' dir='ltr'><em>Χρεία,</em></span> 
     </span>
    </p>
   </div>
   <div class='ocr_carea' id='block_1_55' title="bbox 440 4733 2002 4810">
    <p class='ocr_par' dir='ltr' id='par_1_55' title="bbox 440 4733 2002 4810">
     <span class='ocr_line' id='line_1_55' title="bbox 440 4733 2002 4810; baseline 0.006 -24"><span class='ocrx_word' id='word_1_428' title='bbox 440 4733 533 4786; x_wconf 76' lang='grc' dir='ltr'><em>καὶ</em></span> <span class='ocrx_word' id='word_1_429' title='bbox 563 4733 758 4805; x_wconf 80' lang='grc' dir='ltr'><em>πολλῆς</em></span> <span class='ocrx_word' id='word_1_430' title='bbox 792 4736 951 4805; x_wconf 87' lang='grc' dir='ltr'><em>χρεία</em></span> <span class='ocrx_word' id='word_1_431' title='bbox 986 4738 1183 4807; x_wconf 81' lang='grc' dir='ltr'><em>εὐχῆς·</em></span> <span class='ocrx_word' id='word_1_432' title='bbox 1215 4738 1376 4792; x_wconf 84' lang='grc' dir='ltr'><em>άκουε</em></span> <span class='ocrx_word' id='word_1_433' title='bbox 1404 4740 1512 4809; x_wconf 85' lang='grc' dir='ltr'><em>γὰρ</em></span> <span class='ocrx_word' id='word_1_434' title='bbox 1531 4740 1627 4793; x_wconf 88' lang='grc' dir='ltr'><em>τοῦ</em></span> <span class='ocrx_word' id='word_1_435' title='bbox 1652 4739 1788 4793; x_wconf 87' lang='grc' dir='ltr'><em>Θεοῦ</em></span> <span class='ocrx_word' id='word_1_436' title='bbox 1814 4741 2002 4810; x_wconf 79' lang='grc' dir='ltr'><em>λέγον-</em></span> 
     </span>
    </p>
   </div>
   <div class='ocr_carea' id='block_1_56' title="bbox 436 4821 1998 4892">
    <p class='ocr_par' dir='ltr' id='par_1_56' title="bbox 436 4821 1998 4892">
     <span class='ocr_line' id='line_1_56' title="bbox 436 4821 1998 4892; baseline 0.004 -20"><span class='ocrx_word' id='word_1_437' title='bbox 436 4836 527 4882; x_wconf 90' lang='grc' dir='ltr'><em>τος</em></span> <span class='ocrx_word' id='word_1_438' title='bbox 566 4821 694 4889; x_wconf 74' lang='grc' dir='ltr'><em>περὶ</em></span> <span class='ocrx_word' id='word_1_439' title='bbox 725 4821 833 4876; x_wconf 87' lang='grc' dir='ltr'><em>τῶν</em></span> <span class='ocrx_word' id='word_1_440' title='bbox 881 4822 1049 4891; x_wconf 89' lang='grc' dir='ltr'><em>φίλων</em></span> <span class='ocrx_word' id='word_1_441' title='bbox 1085 4822 1178 4876; x_wconf 85' lang='grc' dir='ltr'><em>τοῦ</em></span> <span class='ocrx_word' id='word_1_442' title='bbox 1242 4823 1390 4876; x_wconf 77' lang='grc' dir='ltr'><em>Ἰώδο</em></span> <span class='ocrx_word' id='word_1_443' title='bbox 1442 4824 1552 4878; x_wconf 77' lang='grc' dir='ltr'><em>Καὶ</em></span> <span class='ocrx_word' id='word_1_444' title='bbox 1582 4827 1998 4892; x_wconf 81' lang='grc' dir='ltr'><em>προσεύξεται,</em></span> 
     </span>
    </p>
   </div>
   <div class='ocr_carea' id='block_1_57' title="bbox 436 4907 1996 4982">
    <p class='ocr_par' dir='ltr' id='par_1_57' title="bbox 436 4907 1996 4982">
     <span class='ocr_line' id='line_1_57' title="bbox 436 4907 1996 4982; baseline 0.006 -24"><span class='ocrx_word' id='word_1_445' title='bbox 436 4907 590 4974; x_wconf 76' lang='grc' dir='ltr'><em>φησὶ,</em></span> <span class='ocrx_word' id='word_1_446' title='bbox 612 4910 745 4975; x_wconf 74' lang='grc' dir='ltr'><em>περὶ</em></span> <span class='ocrx_word' id='word_1_447' title='bbox 767 4908 955 4977; x_wconf 81' lang='grc' dir='ltr'><em>ὑμῶν,</em></span> <span class='ocrx_word' id='word_1_448' title='bbox 978 4909 1077 4963; x_wconf 81' lang='grc' dir='ltr'><em>καί</em></span> <span class='ocrx_word' id='word_1_449' title='bbox 1103 4910 1468 4980; x_wconf 66' lang='grc' dir='ltr'><em>ἀφεθήσεται</em></span> <span class='ocrx_word' id='word_1_450' title='bbox 1495 4911 1638 4981; x_wconf 81' lang='grc' dir='ltr'><em>ὑμῖν</em></span> <span class='ocrx_word' id='word_1_451' title='bbox 1657 4914 1696 4979; x_wconf 83' lang='grc' dir='ltr'><strong><em>ή</em></strong></span> <span class='ocrx_word' id='word_1_452' title='bbox 1724 4914 1996 4982; x_wconf 78' lang='grc' dir='ltr'><em>ἀμαρτίαο</em></span> 
     </span>
    </p>
   </div>
   <div class='ocr_carea' id='block_1_58' title="bbox 435 4993 1994 5072">
    <p class='ocr_par' dir='ltr' id='par_1_58' title="bbox 435 4993 1994 5072">
     <span class='ocr_line' id='line_1_58' title="bbox 435 4993 1994 5072; baseline 0.007 -27"><span class='ocrx_word' id='word_1_453' title='bbox 435 4993 621 5065; x_wconf 79' lang='grc' dir='ltr'><em>ἐπειδὴ</em></span> <span class='ocrx_word' id='word_1_454' title='bbox 674 4994 922 5066; x_wconf 78' lang='grc' dir='ltr'><em>ἥμαρτον</em></span> <span class='ocrx_word' id='word_1_455' title='bbox 972 4996 1091 5066; x_wconf 81' lang='grc' dir='ltr'><em>μὲν,</em></span> <span class='ocrx_word' id='word_1_456' title='bbox 1142 4999 1239 5067; x_wconf 81' lang='grc' dir='ltr'><em>οὐχ</em></span> <span class='ocrx_word' id='word_1_457' title='bbox 1295 5000 1571 5071; x_wconf 85' lang='grc' dir='ltr'><em>ἁμαρτίαν</em></span> <span class='ocrx_word' id='word_1_458' title='bbox 1623 5000 1679 5054; x_wconf 86' lang='grc' dir='ltr'><em>δὲ</em></span> <span class='ocrx_word' id='word_1_459' title='bbox 1733 5002 1994 5072; x_wconf 81' lang='grc' dir='ltr'><em>μεγάλην.</em></span> 
     </span>
    </p>
   </div>
   <div class='ocr_carea' id='block_1_59' title="bbox 456 5077 1997 5158">
    <p class='ocr_par' dir='ltr' id='par_1_59' title="bbox 456 5077 1997 5158">
     <span class='ocr_line' id='line_1_59' title="bbox 456 5077 1997 5158; baseline 0.008 -28"><span class='ocrx_word' id='word_1_460' title='bbox 456 5080 585 5133; x_wconf 81' lang='grc' dir='ltr'><em>Ἀλλ’</em></span> <span class='ocrx_word' id='word_1_461' title='bbox 635 5083 797 5146; x_wconf 78' lang='grc' dir='ltr'><em>αὐτὸς</em></span> <span class='ocrx_word' id='word_1_462' title='bbox 846 5077 1000 5145; x_wconf 73' lang='grc' dir='ltr'><em>οὗτος</em></span> <span class='ocrx_word' id='word_1_463' title='bbox 1038 5086 1066 5136; x_wconf 83' lang='lat'><em>6</em></span> <span class='ocrx_word' id='word_1_464' title='bbox 1102 5084 1308 5149; x_wconf 86' lang='grc' dir='ltr'><em>δίκαιος</em></span> <span class='ocrx_word' id='word_1_465' title='bbox 1352 5088 1380 5139; x_wconf 91' lang='lat'><em>6</em></span> <span class='ocrx_word' id='word_1_466' title='bbox 1423 5084 1602 5150; x_wconf 82' lang='grc' dir='ltr'><em>σώσας</em></span> <span class='ocrx_word' id='word_1_467' title='bbox 1637 5088 1763 5151; x_wconf 77' lang='grc' dir='ltr'><em>τοὺς</em></span> <span class='ocrx_word' id='word_1_468' title='bbox 1810 5089 1997 5158; x_wconf 87' lang='grc' dir='ltr'><em>φίλους</em></span> 
     </span>
    </p>
   </div>
   <div class='ocr_carea' id='block_1_60' title="bbox 432 5167 1997 5248">
    <p class='ocr_par' dir='ltr' id='par_1_60' title="bbox 432 5167 1997 5248">
     <span class='ocr_line' id='line_1_60' title="bbox 432 5167 1997 5248; baseline 0.008 -29"><span class='ocrx_word' id='word_1_469' title='bbox 432 5167 595 5221; x_wconf 85' lang='grc' dir='ltr'><em>αὑτοῦ</em></span> <span class='ocrx_word' id='word_1_470' title='bbox 644 5170 763 5225; x_wconf 86' lang='grc' dir='ltr'><em>τότε</em></span> <span class='ocrx_word' id='word_1_471' title='bbox 812 5170 919 5227; x_wconf 81' lang='grc' dir='ltr'><em>ἀπὸ</em></span> <span class='ocrx_word' id='word_1_472' title='bbox 946 5171 1129 5241; x_wconf 79' lang='grc' dir='ltr'><em>εὐχῆς,</em></span> <span class='ocrx_word' id='word_1_473' title='bbox 1178 5174 1236 5226; x_wconf 88' lang='grc' dir='ltr'><em>ἐν</em></span> <span class='ocrx_word' id='word_1_474' title='bbox 1267 5172 1345 5243; x_wconf 81' lang='grc' dir='ltr'><em>τῷ</em></span> <span class='ocrx_word' id='word_1_475' title='bbox 1393 5175 1571 5245; x_wconf 88' lang='grc' dir='ltr'><em>καιρῷ</em></span> <span class='ocrx_word' id='word_1_476' title='bbox 1613 5175 1692 5245; x_wconf 85' lang='grc' dir='ltr'><em>τῷ</em></span> <span class='ocrx_word' id='word_1_477' title='bbox 1720 5175 1997 5248; x_wconf 85' lang='grc' dir='ltr'><em>Ἰουδαῖκῴ</em></span> 
     </span>
    </p>
   </div>
   <div class='ocr_carea' id='block_1_61' title="bbox 429 5255 1991 5333">
    <p class='ocr_par' dir='ltr' id='par_1_61' title="bbox 429 5255 1991 5333">
     <span class='ocr_line' id='line_1_61' title="bbox 429 5255 1991 5333; baseline 0.006 -24"><span class='ocrx_word' id='word_1_478' title='bbox 429 5255 530 5309; x_wconf 80' lang='grc' dir='ltr'><em>οὐκ</em></span> <span class='ocrx_word' id='word_1_479' title='bbox 556 5255 793 5326; x_wconf 72' lang='grc' dir='ltr'><em>ἠδυνήθη</em></span> <span class='ocrx_word' id='word_1_480' title='bbox 841 5257 1011 5315; x_wconf 90' lang='grc' dir='ltr'><em>σῶσαι</em></span> <span class='ocrx_word' id='word_1_481' title='bbox 1058 5260 1187 5323; x_wconf 75' lang='grc' dir='ltr'><em>τοὺς</em></span> <span class='ocrx_word' id='word_1_482' title='bbox 1240 5258 1522 5324; x_wconf 81' lang='grc' dir='ltr'><em>Ἰουδαίους</em></span> <span class='ocrx_word' id='word_1_483' title='bbox 1565 5262 1991 5333; x_wconf 76' lang='grc' dir='ltr'><em>ἀπολλυμένους.</em></span> 
     </span>
    </p>
   </div>
   <div class='ocr_carea' id='block_1_62' title="bbox 2160 464 3721 547">
    <p class='ocr_par' dir='ltr' id='par_1_62' title="bbox 2160 464 3721 547">
     <span class='ocr_line' id='line_1_62' title="bbox 2160 464 3721 547; baseline 0.01 -31"><span class='ocrx_word' id='word_1_484' title='bbox 2160 464 2301 517; x_wconf 80' lang='grc' dir='ltr'><em>Ἐὰν</em></span> <span class='ocrx_word' id='word_1_485' title='bbox 2336 466 2458 534; x_wconf 77' lang='grc' dir='ltr'><em>στῇ</em></span> <span class='ocrx_word' id='word_1_486' title='bbox 2498 469 2783 538; x_wconf 79' lang='grc' dir='ltr'><em>Μωῦσῆς,</em></span> <span class='ocrx_word' id='word_1_487' title='bbox 2813 474 2909 526; x_wconf 85' lang='grc' dir='ltr'><em>καί</em></span> <span class='ocrx_word' id='word_1_488' title='bbox 2955 473 3260 541; x_wconf 69' lang='grc' dir='ltr'><em>Σαμουὴλ.</em></span> <span class='ocrx_word' id='word_1_489' title='bbox 3297 475 3408 528; x_wconf 77' lang='grc' dir='ltr'><em>Καὶ</em></span> <span class='ocrx_word' id='word_1_490' title='bbox 3450 476 3551 547; x_wconf 76' lang='lat'><em>691</em></span> <span class='ocrx_word' id='word_1_491' title='bbox 3597 478 3721 545; x_wconf 86' lang='grc' dir='ltr'><em>πῶς</em></span> 
     </span>
    </p>
   </div>
   <div class='ocr_carea' id='block_1_63' title="bbox 2146 551 3722 635">
    <p class='ocr_par' dir='ltr' id='par_1_63' title="bbox 2146 551 3722 635">
     <span class='ocr_line' id='line_1_63' title="bbox 2146 551 3722 635; baseline 0.011 -33"><span class='ocrx_word' id='word_1_492' title='bbox 2146 551 2281 621; x_wconf 79' lang='grc' dir='ltr'><em>πρὸς</em></span> <span class='ocrx_word' id='word_1_493' title='bbox 2301 554 2426 617; x_wconf 82' lang='grc' dir='ltr'><em>τοὺς</em></span> <span class='ocrx_word' id='word_1_494' title='bbox 2452 554 2547 609; x_wconf 83' lang='grc' dir='ltr'><em>δύο</em></span> <span class='ocrx_word' id='word_1_495' title='bbox 2572 559 2855 627; x_wconf 84' lang='grc' dir='ltr'><em>προφήτας</em></span> <span class='ocrx_word' id='word_1_496' title='bbox 2878 561 3035 614; x_wconf 86' lang='grc' dir='ltr'><em>τοῦτο</em></span> <span class='ocrx_word' id='word_1_497' title='bbox 3062 561 3300 629; x_wconf 85' lang='grc' dir='ltr'><em>λέγεται,</em></span> <span class='ocrx_word' id='word_1_498' title='bbox 3323 563 3510 634; x_wconf 85' lang='grc' dir='ltr'><em>ἐπειδὴ</em></span> <span class='ocrx_word' id='word_1_499' title='bbox 3539 565 3722 635; x_wconf 79' lang='grc' dir='ltr'><em>ἀμφό-</em></span> 
     </span>
    </p>
   </div>
   <div class='ocr_carea' id='block_1_64' title="bbox 2142 640 3721 719">
    <p class='ocr_par' dir='ltr' id='par_1_64' title="bbox 2142 640 3721 719">
     <span class='ocr_line' id='line_1_64' title="bbox 2142 640 3721 719; baseline 0.009 -30"><span class='ocrx_word' id='word_1_500' title='bbox 2142 654 2289 707; x_wconf 90' lang='grc' dir='ltr'><em>τεροι</em></span> <span class='ocrx_word' id='word_1_501' title='bbox 2323 640 2563 709; x_wconf 69' lang='grc' dir='ltr'><em>ἠξίωσαν</em></span> <span class='ocrx_word' id='word_1_502' title='bbox 2592 643 2731 714; x_wconf 79' lang='grc' dir='ltr'><em>ὑπὲρ</em></span> <span class='ocrx_word' id='word_1_503' title='bbox 2772 646 2971 711; x_wconf 77' lang='grc' dir='ltr'><em>αὐτῶν,</em></span> <span class='ocrx_word' id='word_1_504' title='bbox 3008 647 3101 700; x_wconf 79' lang='grc' dir='ltr'><em>καὶ</em></span> <span class='ocrx_word' id='word_1_505' title='bbox 3131 649 3230 701; x_wconf 80' lang='grc' dir='ltr'><em>οὐκ</em></span> <span class='ocrx_word' id='word_1_506' title='bbox 3274 650 3557 719; x_wconf 80' lang='grc' dir='ltr'><em>ἐπέτυχον.</em></span> <span class='ocrx_word' id='word_1_507' title='bbox 3605 651 3721 704; x_wconf 75' lang='grc' dir='ltr'><em>Καὶ</em></span> 
     </span>
    </p>
   </div>
   <div class='ocr_carea' id='block_1_65' title="bbox 2142 722 3714 804">
    <p class='ocr_par' dir='ltr' id='par_1_65' title="bbox 2142 722 3714 804">
     <span class='ocr_line' id='line_1_65' title="bbox 2142 722 3714 804; baseline 0.01 -28"><span class='ocrx_word' id='word_1_508' title='bbox 2142 722 2249 793; x_wconf 81' lang='grc' dir='ltr'><em>γὰρ</em></span> <span class='ocrx_word' id='word_1_509' title='bbox 2276 727 2304 778; x_wconf 91' lang='lat'><em>6</em></span> <span class='ocrx_word' id='word_1_510' title='bbox 2342 727 2601 799; x_wconf 76' lang='grc' dir='ltr'><em>Ἰεζεκιὴλ</em></span> <span class='ocrx_word' id='word_1_511' title='bbox 2628 731 2815 802; x_wconf 80' lang='grc' dir='ltr'><em>ἐπειδὴ</em></span> <span class='ocrx_word' id='word_1_512' title='bbox 2844 732 3050 792; x_wconf 79' lang='grc' dir='ltr'><em>ἔλεγεν·</em></span> <span class='ocrx_word' id='word_1_513' title='bbox 3101 734 3290 802; x_wconf 66' lang='grc' dir='ltr'><em>(λιμοι,</em></span> <span class='ocrx_word' id='word_1_514' title='bbox 3330 738 3507 804; x_wconf 72' lang='grc' dir='ltr'><em>Κύριε</em></span> <span class='ocrx_word' id='word_1_515' title='bbox 3527 737 3549 790; x_wconf 86' lang='lat'><em>.&#39;</em></span> <span class='ocrx_word' id='word_1_516' title='bbox 3572 736 3714 801; x_wconf 75' lang='grc' dir='ltr'><em>ἐξα-</em></span> 
     </span>
    </p>
   </div>
   <div class='ocr_carea' id='block_1_66' title="bbox 2137 811 3713 888">
    <p class='ocr_par' dir='ltr' id='par_1_66' title="bbox 2137 811 3713 888">
     <span class='ocr_line' id='line_1_66' title="bbox 2137 811 3713 888; baseline 0.01 -27"><span class='ocrx_word' id='word_1_517' title='bbox 2137 811 2369 877; x_wconf 65' lang='grc' dir='ltr'><em>λείφεις</em></span> <span class='ocrx_word' id='word_1_518' title='bbox 2397 813 2478 867; x_wconf 84' lang='grc' dir='ltr'><em>σὺ</em></span> <span class='ocrx_word' id='word_1_519' title='bbox 2496 815 2560 867; x_wconf 85' lang='grc' dir='ltr'><em>τὸ</em></span> <span class='ocrx_word' id='word_1_520' title='bbox 2589 816 2959 871; x_wconf 81' lang='grc' dir='ltr'><em>κατάλοιπον</em></span> <span class='ocrx_word' id='word_1_521' title='bbox 2988 819 3097 872; x_wconf 88' lang='grc' dir='ltr'><em>τοῦ</em></span> <span class='ocrx_word' id='word_1_522' title='bbox 3140 820 3462 887; x_wconf 70' lang='grc' dir='ltr'><em>Ἰσραήλδο</em></span> <span class='ocrx_word' id='word_1_523' title='bbox 3499 825 3528 875; x_wconf 91' lang='lat'><em>6</em></span> <span class='ocrx_word' id='word_1_524' title='bbox 3556 824 3713 888; x_wconf 77' lang='grc' dir='ltr'><em>Θεὸς,</em></span> 
     </span>
    </p>
   </div>
   <div class='ocr_carea' id='block_1_67' title="bbox 2137 893 3716 972">
    <p class='ocr_par' dir='ltr' id='par_1_67' title="bbox 2137 893 3716 972">
     <span class='ocr_line' id='line_1_67' title="bbox 2137 893 3716 972; baseline 0.01 -25"><span class='ocrx_word' id='word_1_525' title='bbox 2137 893 2311 963; x_wconf 80' lang='grc' dir='ltr'><em>δηλῶν</em></span> <span class='ocrx_word' id='word_1_526' title='bbox 2330 898 2411 950; x_wconf 84' lang='grc' dir='ltr'><em>ὅτι</em></span> <span class='ocrx_word' id='word_1_527' title='bbox 2436 898 2654 964; x_wconf 87' lang='grc' dir='ltr'><em>δικαίως</em></span> <span class='ocrx_word' id='word_1_528' title='bbox 2678 902 2837 956; x_wconf 87' lang='grc' dir='ltr'><em>τοῦτο</em></span> <span class='ocrx_word' id='word_1_529' title='bbox 2866 907 3027 972; x_wconf 87' lang='grc' dir='ltr'><em>ποιεῖ,</em></span> <span class='ocrx_word' id='word_1_530' title='bbox 3064 905 3160 959; x_wconf 77' lang='grc' dir='ltr'><em>καὶ</em></span> <span class='ocrx_word' id='word_1_531' title='bbox 3191 907 3292 960; x_wconf 84' lang='grc' dir='ltr'><em>οὐκ</em></span> <span class='ocrx_word' id='word_1_532' title='bbox 3336 907 3500 960; x_wconf 75' lang='grc' dir='ltr'><em>αὑτοῦ</em></span> <span class='ocrx_word' id='word_1_533' title='bbox 3542 926 3716 963; x_wconf 82' lang='grc' dir='ltr'><em>κατα-</em></span> 
     </span>
    </p>
   </div>
   <div class='ocr_carea' id='block_1_68' title="bbox 2139 982 3712 1059">
    <p class='ocr_par' dir='ltr' id='par_1_68' title="bbox 2139 982 3712 1059">
     <span class='ocr_line' id='line_1_68' title="bbox 2139 982 3712 1059; baseline 0.011 -27"><span class='ocrx_word' id='word_1_534' title='bbox 2139 982 2352 1050; x_wconf 77' lang='grc' dir='ltr'><em>φρονῶν</em></span> <span class='ocrx_word' id='word_1_535' title='bbox 2383 985 2443 1037; x_wconf 82' lang='grc' dir='ltr'><em>οὐ</em></span> <span class='ocrx_word' id='word_1_536' title='bbox 2473 985 2688 1055; x_wconf 84' lang='grc' dir='ltr'><em>δέχεται</em></span> <span class='ocrx_word' id='word_1_537' title='bbox 2722 987 2818 1058; x_wconf 80' lang='grc' dir='ltr'><em>τὴν</em></span> <span class='ocrx_word' id='word_1_538' title='bbox 2846 990 2985 1059; x_wconf 84' lang='grc' dir='ltr'><em>ὑπὲρ</em></span> <span class='ocrx_word' id='word_1_539' title='bbox 3013 991 3193 1045; x_wconf 84' lang='grc' dir='ltr'><em>αὐτῶν</em></span> <span class='ocrx_word' id='word_1_540' title='bbox 3232 994 3463 1057; x_wconf 75' lang='grc' dir='ltr'><em>ἱκεσίαν,</em></span> <span class='ocrx_word' id='word_1_541' title='bbox 3493 995 3712 1049; x_wconf 76' lang='grc' dir='ltr'><em>δείκνυ-</em></span> 
     </span>
    </p>
   </div>
   <div class='ocr_carea' id='block_1_69' title="bbox 2139 1069 3710 1151">
    <p class='ocr_par' dir='ltr' id='par_1_69' title="bbox 2139 1069 3710 1151">
     <span class='ocr_line' id='line_1_69' title="bbox 2139 1069 3710 1151; baseline 0.011 -31"><span class='ocrx_word' id='word_1_542' title='bbox 2139 1084 2223 1122; x_wconf 87' lang='grc' dir='ltr'><em>σιν</em></span> <span class='ocrx_word' id='word_1_543' title='bbox 2244 1069 2392 1141; x_wconf 81' lang='grc' dir='ltr'><em>αὺτῷ</em></span> <span class='ocrx_word' id='word_1_544' title='bbox 2418 1070 2488 1124; x_wconf 79' lang='grc' dir='ltr'><em>τὰ</em></span> <span class='ocrx_word' id='word_1_545' title='bbox 2520 1073 2893 1146; x_wconf 78' lang='grc' dir='ltr'><em>ἁμαρτήματα</em></span> <span class='ocrx_word' id='word_1_546' title='bbox 2929 1077 3130 1143; x_wconf 73' lang='grc' dir='ltr'><em>αὐτῶν,</em></span> <span class='ocrx_word' id='word_1_547' title='bbox 3165 1082 3450 1150; x_wconf 80' lang='grc' dir='ltr'><em>μονονουχὶ</em></span> <span class='ocrx_word' id='word_1_548' title='bbox 3495 1082 3667 1151; x_wconf 87' lang='grc' dir='ltr'><em>λέγων</em></span> <span class='ocrx_word' id='word_1_549' title='bbox 3692 1099 3710 1116; x_wconf 89' lang='grc'><strong>·</strong></span> 
     </span>
    </p>
   </div>
   <div class='ocr_carea' id='block_1_70' title="bbox 2148 1154 3710 1239">
    <p class='ocr_par' dir='ltr' id='par_1_70' title="bbox 2148 1154 3710 1239">
     <span class='ocr_line' id='line_1_70' title="bbox 2148 1154 3710 1239; baseline 0.011 -33"><span class='ocrx_word' id='word_1_550' title='bbox 2148 1156 2331 1209; x_wconf 82' lang='grc' dir='ltr'><em>Ἱκανὰ</em></span> <span class='ocrx_word' id='word_1_551' title='bbox 2353 1156 2453 1225; x_wconf 87' lang='grc' dir='ltr'><em>μὲν</em></span> <span class='ocrx_word' id='word_1_552' title='bbox 2478 1154 2573 1213; x_wconf 80' lang='grc' dir='ltr'><em>οὖν</em></span> <span class='ocrx_word' id='word_1_553' title='bbox 2599 1161 2691 1213; x_wconf 78' lang='grc' dir='ltr'><em>καὶ</em></span> <span class='ocrx_word' id='word_1_554' title='bbox 2720 1160 2892 1216; x_wconf 86' lang='grc' dir='ltr'><em>ταῦτά</em></span> <span class='ocrx_word' id='word_1_555' title='bbox 2924 1179 2984 1216; x_wconf 88' lang='grc' dir='ltr'><em>σε</em></span> <span class='ocrx_word' id='word_1_556' title='bbox 3004 1166 3187 1219; x_wconf 85' lang='grc' dir='ltr'><em>πεῖσαι</em></span> <span class='ocrx_word' id='word_1_557' title='bbox 3220 1167 3302 1219; x_wconf 88' lang='grc' dir='ltr'><em>ὅτι</em></span> <span class='ocrx_word' id='word_1_558' title='bbox 3334 1168 3395 1219; x_wconf 78' lang='grc' dir='ltr'><em>οὐ</em></span> <span class='ocrx_word' id='word_1_559' title='bbox 3431 1184 3710 1239; x_wconf 79' lang='grc' dir='ltr'><em>καταφρο-</em></span> 
     </span>
    </p>
   </div>
   <div class='ocr_carea' id='block_1_71' title="bbox 2136 1240 3707 1320">
    <p class='ocr_par' dir='ltr' id='par_1_71' title="bbox 2136 1240 3707 1320">
     <span class='ocr_line' id='line_1_71' title="bbox 2136 1240 3707 1320; baseline 0.01 -27"><span class='ocrx_word' id='word_1_560' title='bbox 2136 1240 2241 1294; x_wconf 86' lang='grc' dir='ltr'><em>νῶν</em></span> <span class='ocrx_word' id='word_1_561' title='bbox 2270 1257 2383 1305; x_wconf 85' lang='grc' dir='ltr'><em>σου,</em></span> <span class='ocrx_word' id='word_1_562' title='bbox 2419 1244 2558 1297; x_wconf 81' lang='grc' dir='ltr'><em>ἀλλὰ</em></span> <span class='ocrx_word' id='word_1_563' title='bbox 2601 1246 2689 1299; x_wconf 73' lang='grc' dir='ltr'><em>διὰ</em></span> <span class='ocrx_word' id='word_1_564' title='bbox 2720 1247 2818 1310; x_wconf 84' lang='grc' dir='ltr'><em>τὰς</em></span> <span class='ocrx_word' id='word_1_565' title='bbox 2857 1248 3129 1320; x_wconf 86' lang='grc' dir='ltr'><em>ἁμαρτίας</em></span> <span class='ocrx_word' id='word_1_566' title='bbox 3167 1252 3345 1306; x_wconf 80' lang='grc' dir='ltr'><em>αὐτῶν</em></span> <span class='ocrx_word' id='word_1_567' title='bbox 3370 1255 3468 1317; x_wconf 71' lang='grc' dir='ltr'><em>τὰς</em></span> <span class='ocrx_word' id='word_1_568' title='bbox 3506 1255 3707 1320; x_wconf 83' lang='grc' dir='ltr'><em>πολλὰς</em></span> 
     </span>
    </p>
   </div>
   <div class='ocr_carea' id='block_1_72' title="bbox 2135 1327 3706 1408">
    <p class='ocr_par' dir='ltr' id='par_1_72' title="bbox 2135 1327 3706 1408">
     <span class='ocr_line' id='line_1_72' title="bbox 2135 1327 3706 1408; baseline 0.011 -30"><span class='ocrx_word' id='word_1_569' title='bbox 2135 1327 2196 1380; x_wconf 80' lang='grc' dir='ltr'><em>οῦ</em></span> <span class='ocrx_word' id='word_1_570' title='bbox 2240 1327 2470 1399; x_wconf 83' lang='grc' dir='ltr'><em>δέχομαι</em></span> <span class='ocrx_word' id='word_1_571' title='bbox 2516 1332 2617 1401; x_wconf 82' lang='grc' dir='ltr'><em>τὴν</em></span> <span class='ocrx_word' id='word_1_572' title='bbox 2666 1333 2980 1404; x_wconf 60' lang='grc' dir='ltr'><em>ἱκετηρίαν</em></span> <span class='ocrx_word' id='word_1_573' title='bbox 3014 1335 3130 1388; x_wconf 79' lang='grc' dir='ltr'><em>ἀλλ’</em></span> <span class='ocrx_word' id='word_1_574' title='bbox 3179 1338 3326 1408; x_wconf 81' lang='grc' dir='ltr'><em>ὅμως</em></span> <span class='ocrx_word' id='word_1_575' title='bbox 3368 1339 3565 1408; x_wconf 78' lang='grc' dir='ltr'><em>ἐπάγει</em></span> <span class='ocrx_word' id='word_1_576' title='bbox 3609 1346 3706 1396; x_wconf 79' lang='grc' dir='ltr'><em>καὶ</em></span> 
     </span>
    </p>
   </div>
   <div class='ocr_carea' id='block_1_73' title="bbox 2133 1414 3705 1493">
    <p class='ocr_par' dir='ltr' id='par_1_73' title="bbox 2133 1414 3705 1493">
     <span class='ocr_line' id='line_1_73' title="bbox 2133 1414 3705 1493; baseline 0.01 -27"><span class='ocrx_word' id='word_1_577' title='bbox 2133 1414 2311 1479; x_wconf 85' lang='grc' dir='ltr'><em>τοῦτο,</em></span> <span class='ocrx_word' id='word_1_578' title='bbox 2358 1416 2501 1470; x_wconf 81' lang='grc' dir='ltr'><em>Ἐὰν</em></span> <span class='ocrx_word' id='word_1_579' title='bbox 2529 1417 2649 1486; x_wconf 79' lang='grc' dir='ltr'><em>στῇ</em></span> <span class='ocrx_word' id='word_1_580' title='bbox 2702 1418 2852 1485; x_wconf 77' lang='grc' dir='ltr'><em>Νῶε,</em></span> <span class='ocrx_word' id='word_1_581' title='bbox 2874 1422 2972 1475; x_wconf 80' lang='grc' dir='ltr'><em>καὶ</em></span> <span class='ocrx_word' id='word_1_582' title='bbox 3009 1422 3154 1487; x_wconf 88' lang='grc' dir='ltr'><em>Ἰὼϐ,</em></span> <span class='ocrx_word' id='word_1_583' title='bbox 3183 1424 3280 1477; x_wconf 83' lang='grc' dir='ltr'><em>καί</em></span> <span class='ocrx_word' id='word_1_584' title='bbox 3317 1427 3560 1493; x_wconf 68' lang='grc' dir='ltr'><em>Δανιὴλ.</em></span> <span class='ocrx_word' id='word_1_585' title='bbox 3594 1430 3705 1482; x_wconf 74' lang='grc' dir='ltr'><em>Καὶ</em></span> 
     </span>
    </p>
   </div>
   <div class='ocr_carea' id='block_1_74' title="bbox 2133 1500 3705 1583">
    <p class='ocr_par' dir='ltr' id='par_1_74' title="bbox 2133 1500 3705 1583">
     <span class='ocr_line' id='line_1_74' title="bbox 2133 1500 3705 1583; baseline 0.01 -30"><span class='ocrx_word' id='word_1_586' title='bbox 2133 1500 2361 1565; x_wconf 78' lang='grc' dir='ltr'><em>εἰκότως</em></span> <span class='ocrx_word' id='word_1_587' title='bbox 2390 1504 2584 1574; x_wconf 84' lang='grc' dir='ltr'><em>ἐκείνῳ</em></span> <span class='ocrx_word' id='word_1_588' title='bbox 2614 1505 2817 1575; x_wconf 80' lang='grc' dir='ltr'><em>μᾶλλον</em></span> <span class='ocrx_word' id='word_1_589' title='bbox 2843 1507 3016 1561; x_wconf 86' lang='grc' dir='ltr'><em>ταῦτα</em></span> <span class='ocrx_word' id='word_1_590' title='bbox 3045 1508 3212 1579; x_wconf 85' lang='grc' dir='ltr'><em>λέγει,</em></span> <span class='ocrx_word' id='word_1_591' title='bbox 3253 1512 3440 1583; x_wconf 83' lang='grc' dir='ltr'><em>ἐπειδὴ</em></span> <span class='ocrx_word' id='word_1_592' title='bbox 3476 1517 3504 1566; x_wconf 91' lang='lat'><em>6</em></span> <span class='ocrx_word' id='word_1_593' title='bbox 3534 1515 3705 1570; x_wconf 75' lang='grc' dir='ltr'><em>πολλὰ</em></span> 
     </span>
    </p>
   </div>
   <div class='ocr_carea' id='block_1_75' title="bbox 2134 1588 3701 1670">
    <p class='ocr_par' dir='ltr' id='par_1_75' title="bbox 2134 1588 3701 1670">
     <span class='ocr_line' id='line_1_75' title="bbox 2134 1588 3701 1670; baseline 0.011 -30"><span class='ocrx_word' id='word_1_594' title='bbox 2134 1588 2321 1643; x_wconf 88' lang='grc' dir='ltr'><em>παθὼν</em></span> <span class='ocrx_word' id='word_1_595' title='bbox 2348 1590 2512 1653; x_wconf 84' lang='grc' dir='ltr'><em>αὑτός</em></span> <span class='ocrx_word' id='word_1_596' title='bbox 2543 1594 2693 1646; x_wconf 85' lang='grc' dir='ltr'><em>ἐστιν</em></span> <span class='ocrx_word' id='word_1_597' title='bbox 2719 1614 2737 1645; x_wconf 93' lang='grc'><em>.·</em></span> <span class='ocrx_word' id='word_1_598' title='bbox 2761 1589 2928 1658; x_wconf 80' lang='grc' dir='ltr'><em>Εἰπές</em></span> <span class='ocrx_word' id='word_1_599' title='bbox 2955 1612 3070 1665; x_wconf 92' lang='grc' dir='ltr'><em>μοι,</em></span> <span class='ocrx_word' id='word_1_600' title='bbox 3098 1597 3284 1667; x_wconf 76' lang='grc' dir='ltr'><em>φησὶν,</em></span> <span class='ocrx_word' id='word_1_601' title='bbox 3310 1600 3402 1651; x_wconf 74' lang='grc' dir='ltr'><em>ἐπὶ</em></span> <span class='ocrx_word' id='word_1_602' title='bbox 3442 1600 3701 1670; x_wconf 80' lang='grc' dir='ltr'><em>βολδίτων</em></span> 
     </span>
    </p>
   </div>
   <div class='ocr_carea' id='block_1_76' title="bbox 2132 1677 3701 1757">
    <p class='ocr_par' dir='ltr' id='par_1_76' title="bbox 2132 1677 3701 1757">
     <span class='ocr_line' id='line_1_76' title="bbox 2132 1677 3701 1757; baseline 0.008 -30"><span class='ocrx_word' id='word_1_603' title='bbox 2132 1678 2349 1743; x_wconf 83' lang='grc' dir='ltr'><em>φαγεῖν,</em></span> <span class='ocrx_word' id='word_1_604' title='bbox 2376 1678 2471 1730; x_wconf 70' lang='grc' dir='ltr'><em>καὶ</em></span> <span class='ocrx_word' id='word_1_605' title='bbox 2496 1677 2698 1747; x_wconf 76' lang='grc' dir='ltr'><em>ἔφαγον</em></span> <span class='ocrx_word' id='word_1_606' title='bbox 2719 1697 2730 1709; x_wconf 79' lang='grc'><em>’</em></span> <span class='ocrx_word' id='word_1_607' title='bbox 2761 1677 2913 1743; x_wconf 73' lang='grc' dir='ltr'><em>εἶπές</em></span> <span class='ocrx_word' id='word_1_608' title='bbox 2937 1698 3052 1750; x_wconf 86' lang='grc' dir='ltr'><em>μοι,</em></span> <span class='ocrx_word' id='word_1_609' title='bbox 3088 1684 3182 1737; x_wconf 76' lang='grc' dir='ltr'><em>καὶ</em></span> <span class='ocrx_word' id='word_1_610' title='bbox 3212 1683 3522 1757; x_wconf 74' lang='grc' dir='ltr'><em>ἐξυράμηνο</em></span> <span class='ocrx_word' id='word_1_611' title='bbox 3550 1685 3701 1751; x_wconf 83' lang='grc' dir='ltr'><em>εἰπές</em></span> 
     </span>
    </p>
   </div>
   <div class='ocr_carea' id='block_1_77' title="bbox 2133 1765 3702 1842">
    <p class='ocr_par' dir='ltr' id='par_1_77' title="bbox 2133 1765 3702 1842">
     <span class='ocr_line' id='line_1_77' title="bbox 2133 1765 3702 1842; baseline 0.01 -30"><span class='ocrx_word' id='word_1_612' title='bbox 2133 1778 2246 1831; x_wconf 79' lang='grc' dir='ltr'><em>μοι,</em></span> <span class='ocrx_word' id='word_1_613' title='bbox 2288 1765 2384 1817; x_wconf 77' lang='grc' dir='ltr'><em>καὶ</em></span> <span class='ocrx_word' id='word_1_614' title='bbox 2429 1765 2522 1818; x_wconf 79' lang='grc' dir='ltr'><em>ἐπὶ</em></span> <span class='ocrx_word' id='word_1_615' title='bbox 2557 1765 2649 1818; x_wconf 80' lang='grc' dir='ltr'><em>τοῦ</em></span> <span class='ocrx_word' id='word_1_616' title='bbox 2706 1765 2825 1829; x_wconf 79' lang='grc' dir='ltr'><em>ἐνὸς</em></span> <span class='ocrx_word' id='word_1_617' title='bbox 2879 1767 3115 1838; x_wconf 86' lang='grc' dir='ltr'><em>πλευροῦ</em></span> <span class='ocrx_word' id='word_1_618' title='bbox 3169 1772 3503 1842; x_wconf 83' lang='grc' dir='ltr'><em>ἐκοιμήθην·</em></span> <span class='ocrx_word' id='word_1_619' title='bbox 3548 1768 3702 1838; x_wconf 84' lang='grc' dir='ltr'><em>εἶπές</em></span> 
     </span>
    </p>
   </div>
   <div class='ocr_carea' id='block_1_78' title="bbox 2133 1849 3695 1929">
    <p class='ocr_par' dir='ltr' id='par_1_78' title="bbox 2133 1849 3695 1929">
     <span class='ocr_line' id='line_1_78' title="bbox 2133 1849 3695 1929; baseline 0.01 -29"><span class='ocrx_word' id='word_1_620' title='bbox 2133 1863 2224 1916; x_wconf 86' lang='grc' dir='ltr'><em>μοι</em></span> <span class='ocrx_word' id='word_1_621' title='bbox 2270 1849 2335 1902; x_wconf 83' lang='grc' dir='ltr'><em>δι’</em></span> <span class='ocrx_word' id='word_1_622' title='bbox 2372 1850 2510 1922; x_wconf 84' lang='grc' dir='ltr'><em>ὀπῆς</em></span> <span class='ocrx_word' id='word_1_623' title='bbox 2540 1852 2773 1919; x_wconf 76' lang='grc' dir='ltr'><em>ἐξελθεῖν</em></span> <span class='ocrx_word' id='word_1_624' title='bbox 2814 1852 3238 1925; x_wconf 75' lang='grc' dir='ltr'><em>βασταζόμενον,</em></span> <span class='ocrx_word' id='word_1_625' title='bbox 3294 1858 3387 1911; x_wconf 69' lang='grc' dir='ltr'><em>καὶ</em></span> <span class='ocrx_word' id='word_1_626' title='bbox 3434 1859 3655 1929; x_wconf 80' lang='grc' dir='ltr'><em>ἐξῆλθον</em></span> <span class='ocrx_word' id='word_1_627' title='bbox 3680 1877 3695 1892; x_wconf 71' lang='grc'><strong><em>⁵</em></strong></span> 
     </span>
    </p>
   </div>
   <div class='ocr_carea' id='block_1_79' title="bbox 2130 1931 3697 2016">
    <p class='ocr_par' dir='ltr' id='par_1_79' title="bbox 2130 1931 3697 2016">
     <span class='ocr_line' id='line_1_79' title="bbox 2130 1931 3697 2016; baseline 0.01 -31"><span class='ocrx_word' id='word_1_628' title='bbox 2130 1931 2318 1997; x_wconf 74' lang='grc' dir='ltr'><em>ἔλαϐές</em></span> <span class='ocrx_word' id='word_1_629' title='bbox 2350 1953 2452 2004; x_wconf 92' lang='grc' dir='ltr'><em>μου</em></span> <span class='ocrx_word' id='word_1_630' title='bbox 2482 1938 2580 2007; x_wconf 79' lang='grc' dir='ltr'><em>τὴν</em></span> <span class='ocrx_word' id='word_1_631' title='bbox 2609 1941 2864 2007; x_wconf 87' lang='grc' dir='ltr'><em>γυναῖκα,</em></span> <span class='ocrx_word' id='word_1_632' title='bbox 2895 1941 2985 1992; x_wconf 84' lang='grc' dir='ltr'><em>καί</em></span> <span class='ocrx_word' id='word_1_633' title='bbox 3012 1937 3167 2004; x_wconf 75' lang='grc' dir='ltr'><em>εἶπές</em></span> <span class='ocrx_word' id='word_1_634' title='bbox 3197 1960 3287 2012; x_wconf 89' lang='grc' dir='ltr'><em>μοι</em></span> <span class='ocrx_word' id='word_1_635' title='bbox 3313 1945 3387 2015; x_wconf 83' lang='grc' dir='ltr'><em>μὴ</em></span> <span class='ocrx_word' id='word_1_636' title='bbox 3412 1946 3697 2016; x_wconf 75' lang='grc' dir='ltr'><em>πενθῆσαι,</em></span> 
     </span>
    </p>
   </div>
   <div class='ocr_carea' id='block_1_80' title="bbox 2128 2107 3697 2193">
    <p class='ocr_par' dir='ltr' id='par_1_80' title="bbox 2128 2107 3697 2193">
     <span class='ocr_line' id='line_1_80' title="bbox 2128 2107 3697 2193; baseline 0.01 -35"><span class='ocrx_word' id='word_1_637' title='bbox 2128 2107 2289 2179; x_wconf 79' lang='grc' dir='ltr'><em>ἕτερα</em></span> <span class='ocrx_word' id='word_1_638' title='bbox 2312 2112 2655 2183; x_wconf 87' lang='grc' dir='ltr'><em>εἰργασάμην</em></span> <span class='ocrx_word' id='word_1_639' title='bbox 2680 2114 2747 2167; x_wconf 78' lang='grc' dir='ltr'><em>δι’</em></span> <span class='ocrx_word' id='word_1_640' title='bbox 2775 2115 2974 2178; x_wconf 81' lang='grc' dir='ltr'><em>αὐτούς</em></span> <span class='ocrx_word' id='word_1_641' title='bbox 2997 2132 3011 2146; x_wconf 87' lang='grc'><strong>·</strong></span> <span class='ocrx_word' id='word_1_642' title='bbox 3050 2116 3141 2169; x_wconf 79' lang='grc' dir='ltr'><em>καί</em></span> <span class='ocrx_word' id='word_1_643' title='bbox 3168 2116 3278 2185; x_wconf 90' lang='grc' dir='ltr'><em>ἐγώ</em></span> <span class='ocrx_word' id='word_1_644' title='bbox 3309 2135 3365 2171; x_wconf 89' lang='grc' dir='ltr'><em>σε</em></span> <span class='ocrx_word' id='word_1_645' title='bbox 3393 2119 3529 2183; x_wconf 77' lang='grc' dir='ltr'><em>ἀξιῶ</em></span> <span class='ocrx_word' id='word_1_646' title='bbox 3554 2122 3697 2193; x_wconf 84' lang='grc' dir='ltr'><em>ὑπὲρ</em></span> 
     </span>
    </p>
   </div>
   <div class='ocr_carea' id='block_1_81' title="bbox 2126 2195 3693 2271">
    <p class='ocr_par' dir='ltr' id='par_1_81' title="bbox 2126 2195 3693 2271">
     <span class='ocr_line' id='line_1_81' title="bbox 2126 2195 3693 2271; baseline 0.008 -24"><span class='ocrx_word' id='word_1_647' title='bbox 2126 2195 2323 2262; x_wconf 68' lang='grc' dir='ltr'><em>αὐτῶν,</em></span> <span class='ocrx_word' id='word_1_648' title='bbox 2357 2199 2451 2250; x_wconf 79' lang='grc' dir='ltr'><em>καὶ</em></span> <span class='ocrx_word' id='word_1_649' title='bbox 2483 2200 2542 2251; x_wconf 80' lang='grc' dir='ltr'><em>οὐ</em></span> <span class='ocrx_word' id='word_1_650' title='bbox 2576 2200 2734 2271; x_wconf 80' lang='grc' dir='ltr'><em>πείθῃ</em></span> <span class='ocrx_word' id='word_1_651' title='bbox 2760 2219 2774 2268; x_wconf 87' lang='grc'>;</span> <span class='ocrx_word' id='word_1_652' title='bbox 2812 2203 3035 2264; x_wconf 76' lang='grc' dir='ltr'><em>Δεικνὺς</em></span> <span class='ocrx_word' id='word_1_653' title='bbox 3062 2203 3243 2257; x_wconf 85' lang='grc' dir='ltr'><em>τοίνυν</em></span> <span class='ocrx_word' id='word_1_654' title='bbox 3272 2206 3301 2256; x_wconf 94' lang='lat'><em>6</em></span> <span class='ocrx_word' id='word_1_655' title='bbox 3339 2205 3490 2271; x_wconf 85' lang='grc' dir='ltr'><em>Θεὸς,</em></span> <span class='ocrx_word' id='word_1_656' title='bbox 3514 2207 3594 2260; x_wconf 83' lang='grc' dir='ltr'><em>ὅτι</em></span> <span class='ocrx_word' id='word_1_657' title='bbox 3631 2210 3693 2261; x_wconf 84' lang='grc' dir='ltr'><em>οὐ</em></span> 
     </span>
    </p>
   </div>
   <div class='ocr_carea' id='block_1_82' title="bbox 2126 2284 3692 2361">
    <p class='ocr_par' dir='ltr' id='par_1_82' title="bbox 2126 2284 3692 2361">
     <span class='ocr_line' id='line_1_82' title="bbox 2126 2284 3692 2361; baseline 0.008 -26"><span class='ocrx_word' id='word_1_658' title='bbox 2126 2284 2483 2353; x_wconf 84' lang='grc' dir='ltr'><em>καταφρονῶν</em></span> <span class='ocrx_word' id='word_1_659' title='bbox 2539 2286 2702 2339; x_wconf 74' lang='grc' dir='ltr'><em>αὑτοῦ</em></span> <span class='ocrx_word' id='word_1_660' title='bbox 2736 2287 2896 2340; x_wconf 83' lang='grc' dir='ltr'><em>τοῦτο</em></span> <span class='ocrx_word' id='word_1_661' title='bbox 2948 2290 3111 2352; x_wconf 88' lang='grc' dir='ltr'><em>ποιεῖ,</em></span> <span class='ocrx_word' id='word_1_662' title='bbox 3164 2288 3311 2359; x_wconf 83' lang='grc' dir='ltr'><em>λέγει</em></span> <span class='ocrx_word' id='word_1_663' title='bbox 3338 2307 3351 2319; x_wconf 87' lang='grc'><strong>·</strong></span> <span class='ocrx_word' id='word_1_664' title='bbox 3386 2292 3515 2346; x_wconf 83' lang='grc' dir='ltr'><em>Κᾶν</em></span> <span class='ocrx_word' id='word_1_665' title='bbox 3544 2292 3692 2361; x_wconf 77' lang='grc' dir='ltr'><em>Νῶε,</em></span> 
     </span>
    </p>
   </div>
   <div class='ocr_carea' id='block_1_83' title="bbox 2122 2367 3693 2444">
    <p class='ocr_par' dir='ltr' id='par_1_83' title="bbox 2122 2367 3693 2444">
     <span class='ocr_line' id='line_1_83' title="bbox 2122 2367 3693 2444; baseline 0.009 -23"><span class='ocrx_word' id='word_1_666' title='bbox 2122 2367 2239 2421; x_wconf 84' lang='grc' dir='ltr'><em>κᾶν</em></span> <span class='ocrx_word' id='word_1_667' title='bbox 2272 2368 2408 2435; x_wconf 82' lang='grc' dir='ltr'><em>Ἰὼϐ,</em></span> <span class='ocrx_word' id='word_1_668' title='bbox 2440 2370 2559 2425; x_wconf 83' lang='grc' dir='ltr'><em>κᾶν</em></span> <span class='ocrx_word' id='word_1_669' title='bbox 2592 2372 2817 2441; x_wconf 78' lang='grc' dir='ltr'><em>Δανιὴλ</em></span> <span class='ocrx_word' id='word_1_670' title='bbox 2836 2368 2898 2444; x_wconf 79' lang='grc' dir='ltr'><em>ᾖ,</em></span> <span class='ocrx_word' id='word_1_671' title='bbox 2931 2374 3029 2427; x_wconf 82' lang='grc' dir='ltr'><em>καί</em></span> <span class='ocrx_word' id='word_1_672' title='bbox 3052 2375 3202 2443; x_wconf 83' lang='grc' dir='ltr'><em>ὑπὲρ</em></span> <span class='ocrx_word' id='word_1_673' title='bbox 3224 2378 3372 2431; x_wconf 77' lang='grc' dir='ltr'><em>υἱῶν</em></span> <span class='ocrx_word' id='word_1_674' title='bbox 3392 2378 3693 2443; x_wconf 79' lang='grc' dir='ltr'><em>ἀξιώσωσι</em></span> 
     </span>
    </p>
   </div>
   <div class='ocr_carea' id='block_1_84' title="bbox 2121 2454 3693 2538">
    <p class='ocr_par' dir='ltr' id='par_1_84' title="bbox 2121 2454 3693 2538">
     <span class='ocr_line' id='line_1_84' title="bbox 2121 2454 3693 2538; baseline 0.008 -31"><span class='ocrx_word' id='word_1_675' title='bbox 2121 2454 2221 2508; x_wconf 82' lang='grc' dir='ltr'><em>καί</em></span> <span class='ocrx_word' id='word_1_676' title='bbox 2275 2457 2633 2527; x_wconf 82' lang='grc' dir='ltr'><em>θυγατέρων,</em></span> <span class='ocrx_word' id='word_1_677' title='bbox 2694 2461 2765 2513; x_wconf 80' lang='grc' dir='ltr'><em>οὐ</em></span> <span class='ocrx_word' id='word_1_678' title='bbox 2812 2460 3107 2529; x_wconf 80' lang='grc' dir='ltr'><em>πείθομαι.</em></span> <span class='ocrx_word' id='word_1_679' title='bbox 3157 2463 3266 2515; x_wconf 80' lang='grc' dir='ltr'><em>Καὶ</em></span> <span class='ocrx_word' id='word_1_680' title='bbox 3314 2463 3391 2534; x_wconf 83' lang='grc' dir='ltr'><em>τῷ</em></span> <span class='ocrx_word' id='word_1_681' title='bbox 3457 2465 3693 2538; x_wconf 80' lang='grc' dir='ltr'><em>Ἱερεμίᾳ</em></span> 
     </span>
    </p>
   </div>
   <div class='ocr_carea' id='block_1_85' title="bbox 2123 2544 3690 2619">
    <p class='ocr_par' dir='ltr' id='par_1_85' title="bbox 2123 2544 3690 2619">
     <span class='ocr_line' id='line_1_85' title="bbox 2123 2544 3690 2619; baseline 0.006 -22"><span class='ocrx_word' id='word_1_682' title='bbox 2123 2544 2284 2598; x_wconf 84' lang='grc' dir='ltr'><em>πάλιν</em></span> <span class='ocrx_word' id='word_1_683' title='bbox 2337 2546 2597 2602; x_wconf 82' lang='grc' dir='ltr'><em>ἐλάττονα</em></span> <span class='ocrx_word' id='word_1_684' title='bbox 2658 2549 2756 2618; x_wconf 79' lang='grc' dir='ltr'><em>μὲν</em></span> <span class='ocrx_word' id='word_1_685' title='bbox 2808 2550 3074 2619; x_wconf 83' lang='grc' dir='ltr'><em>πάσχοντι</em></span> <span class='ocrx_word' id='word_1_686' title='bbox 3137 2552 3246 2604; x_wconf 84' lang='grc' dir='ltr'><em>ἀπὸ</em></span> <span class='ocrx_word' id='word_1_687' title='bbox 3282 2553 3393 2605; x_wconf 86' lang='grc' dir='ltr'><em>τῶν</em></span> <span class='ocrx_word' id='word_1_688' title='bbox 3428 2553 3522 2606; x_wconf 85' lang='grc' dir='ltr'><em>τοῦ</em></span> <span class='ocrx_word' id='word_1_689' title='bbox 3556 2556 3690 2607; x_wconf 85' lang='grc' dir='ltr'><em>Θεοῦ</em></span> 
     </span>
    </p>
   </div>
   <div class='ocr_carea' id='block_1_86' title="bbox 2122 2634 3685 2710">
    <p class='ocr_par' dir='ltr' id='par_1_86' title="bbox 2122 2634 3685 2710">
     <span class='ocr_line' id='line_1_86' title="bbox 2122 2634 3685 2710; baseline 0.004 -24"><span class='ocrx_word' id='word_1_690' title='bbox 2122 2634 2580 2706; x_wconf 86' lang='grc' dir='ltr'><em>προσταγμάτων,</em></span> <span class='ocrx_word' id='word_1_691' title='bbox 2616 2634 2837 2690; x_wconf 90' lang='grc' dir='ltr'><em>πλείονα</em></span> <span class='ocrx_word' id='word_1_692' title='bbox 2863 2637 2919 2690; x_wconf 81' lang='grc' dir='ltr'><em>δέ</em></span> <span class='ocrx_word' id='word_1_693' title='bbox 2946 2636 3052 2691; x_wconf 75' lang='grc' dir='ltr'><em>ἀπὸ</em></span> <span class='ocrx_word' id='word_1_694' title='bbox 3074 2637 3173 2707; x_wconf 89' lang='grc' dir='ltr'><em>τῆς</em></span> <span class='ocrx_word' id='word_1_695' title='bbox 3201 2639 3379 2691; x_wconf 83' lang='grc' dir='ltr'><em>αὐτῶν</em></span> <span class='ocrx_word' id='word_1_696' title='bbox 3405 2641 3685 2710; x_wconf 86' lang='grc' dir='ltr'><em>πονηρίας,</em></span> 
     </span>
    </p>
   </div>
   <div class='ocr_carea' id='block_1_87' title="bbox 2118 2722 3679 2795">
    <p class='ocr_par' dir='ltr' id='par_1_87' title="bbox 2118 2722 3679 2795">
     <span class='ocr_line' id='line_1_87' title="bbox 2118 2722 3679 2795; baseline 0.005 -21"><span class='ocrx_word' id='word_1_697' title='bbox 2118 2722 2171 2775; x_wconf 90' lang='grc' dir='ltr'><em>τί</em></span> <span class='ocrx_word' id='word_1_698' title='bbox 2206 2740 2413 2793; x_wconf 87' lang='grc' dir='ltr'><em>φησιν;</em></span> <span class='ocrx_word' id='word_1_699' title='bbox 2469 2726 2539 2781; x_wconf 82' lang='grc' dir='ltr'><strong>Ἦ</strong></span> <span class='ocrx_word' id='word_1_700' title='bbox 2577 2728 2689 2795; x_wconf 81' lang='grc' dir='ltr'><em>οὐχ</em></span> <span class='ocrx_word' id='word_1_701' title='bbox 2730 2724 2875 2793; x_wconf 81' lang='grc' dir='ltr'><em>ὁρᾷς</em></span> <span class='ocrx_word' id='word_1_702' title='bbox 2916 2727 2972 2779; x_wconf 87' lang='grc' dir='ltr'><em>τί</em></span> <span class='ocrx_word' id='word_1_703' title='bbox 3015 2723 3180 2782; x_wconf 86' lang='grc' dir='ltr'><em>οὗτοι</em></span> <span class='ocrx_word' id='word_1_704' title='bbox 3232 2726 3473 2781; x_wconf 81' lang='grc' dir='ltr'><em>ποιοῦσι</em></span> <span class='ocrx_word' id='word_1_705' title='bbox 3487 2745 3509 2793; x_wconf 83' lang='grc'><strong><em>;</em></strong></span> <span class='ocrx_word' id='word_1_706' title='bbox 3548 2729 3679 2792; x_wconf 74' lang='grc' dir='ltr'><em>Ναὶ,</em></span> 
     </span>
    </p>
   </div>
   <div class='ocr_carea' id='block_1_88' title="bbox 2119 2810 3683 2886">
    <p class='ocr_par' dir='ltr' id='par_1_88' title="bbox 2119 2810 3683 2886">
     <span class='ocr_line' id='line_1_88' title="bbox 2119 2810 3683 2886; baseline 0.004 -23"><span class='ocrx_word' id='word_1_707' title='bbox 2119 2812 2272 2879; x_wconf 65' lang='grc' dir='ltr'><em>φησὶ,</em></span> <span class='ocrx_word' id='word_1_708' title='bbox 2303 2810 2547 2865; x_wconf 88' lang='grc' dir='ltr'><em>ποιοῦσιν</em></span> <span class='ocrx_word' id='word_1_709' title='bbox 2566 2829 2581 2842; x_wconf 74' lang='grc' dir='ltr'><em>ι</em></span> <span class='ocrx_word' id='word_1_710' title='bbox 2615 2812 2752 2868; x_wconf 79' lang='grc' dir='ltr'><em>ἀλλὰ</em></span> <span class='ocrx_word' id='word_1_711' title='bbox 2772 2813 2838 2866; x_wconf 85' lang='grc' dir='ltr'><em>δι’</em></span> <span class='ocrx_word' id='word_1_712' title='bbox 2860 2814 2960 2884; x_wconf 84' lang='grc' dir='ltr'><em>ἐμὲ</em></span> <span class='ocrx_word' id='word_1_713' title='bbox 2984 2815 3219 2884; x_wconf 87' lang='grc' dir='ltr'><em>ποίησον.</em></span> <span class='ocrx_word' id='word_1_714' title='bbox 3252 2814 3350 2867; x_wconf 73' lang='grc' dir='ltr'><em>Διὰ</em></span> <span class='ocrx_word' id='word_1_715' title='bbox 3368 2814 3523 2869; x_wconf 85' lang='grc' dir='ltr'><em>τοῦτό</em></span> <span class='ocrx_word' id='word_1_716' title='bbox 3548 2833 3683 2886; x_wconf 86' lang='grc' dir='ltr'><em>φησι</em></span> 
     </span>
    </p>
   </div>
   <div class='ocr_carea' id='block_1_89' title="bbox 2118 2897 3679 2970">
    <p class='ocr_par' dir='ltr' id='par_1_89' title="bbox 2118 2897 3679 2970">
     <span class='ocr_line' id='line_1_89' title="bbox 2118 2897 3679 2970; baseline 0.004 -20"><span class='ocrx_word' id='word_1_717' title='bbox 2118 2897 2255 2966; x_wconf 78' lang='grc' dir='ltr'><em>πρὸς</em></span> <span class='ocrx_word' id='word_1_718' title='bbox 2289 2898 2452 2951; x_wconf 79' lang='grc' dir='ltr'><em>αὐτόν</em></span> <span class='ocrx_word' id='word_1_719' title='bbox 2479 2915 2493 2929; x_wconf 90' lang='grc'><strong>·</strong></span> <span class='ocrx_word' id='word_1_720' title='bbox 2567 2897 2709 2953; x_wconf 83' lang='grc' dir='ltr'><em>Ἐὰν</em></span> <span class='ocrx_word' id='word_1_721' title='bbox 2752 2899 2873 2967; x_wconf 79' lang='grc' dir='ltr'><em>στῇ</em></span> <span class='ocrx_word' id='word_1_722' title='bbox 2919 2900 3182 2967; x_wconf 80' lang='grc' dir='ltr'><em>Μωϋσῆς</em></span> <span class='ocrx_word' id='word_1_723' title='bbox 3232 2899 3327 2953; x_wconf 83' lang='grc' dir='ltr'><em>καί</em></span> <span class='ocrx_word' id='word_1_724' title='bbox 3364 2901 3679 2970; x_wconf 69' lang='grc' dir='ltr'><em>Σαμουὴλ·</em></span> 
     </span>
    </p>
   </div>
   <div class='ocr_carea' id='block_1_90' title="bbox 2115 2985 3684 3057">
    <p class='ocr_par' dir='ltr' id='par_1_90' title="bbox 2115 2985 3684 3057">
     <span class='ocr_line' id='line_1_90' title="bbox 2115 2985 3684 3057; baseline 0.004 -20"><span class='ocrx_word' id='word_1_725' title='bbox 2115 2985 2356 3056; x_wconf 80' lang='grc' dir='ltr'><em>Μωῦσῆς</em></span> <span class='ocrx_word' id='word_1_726' title='bbox 2384 2985 2412 3036; x_wconf 92' lang='lat'><em>6</em></span> <span class='ocrx_word' id='word_1_727' title='bbox 2448 2985 2661 3056; x_wconf 85' lang='grc' dir='ltr'><em>πρῶτος</em></span> <span class='ocrx_word' id='word_1_728' title='bbox 2693 2988 3009 3057; x_wconf 84' lang='grc' dir='ltr'><em>νομοθέτης,</em></span> <span class='ocrx_word' id='word_1_729' title='bbox 3042 2989 3069 3040; x_wconf 83' lang='lat'><em>6</em></span> <span class='ocrx_word' id='word_1_730' title='bbox 3097 2986 3357 3052; x_wconf 76' lang='grc' dir='ltr'><em>πολλάκις</em></span> <span class='ocrx_word' id='word_1_731' title='bbox 3375 2990 3571 3053; x_wconf 69' lang='grc' dir='ltr'><em>αὐτοὺς</em></span> <span class='ocrx_word' id='word_1_732' title='bbox 3599 2991 3684 3056; x_wconf 77' lang='grc' dir='ltr'><em>ἐξ-</em></span> 
     </span>
    </p>
   </div>
   <div class='ocr_carea' id='block_1_91' title="bbox 2115 3071 3686 3144">
    <p class='ocr_par' dir='ltr' id='par_1_91' title="bbox 2115 3071 3686 3144">
     <span class='ocr_line' id='line_1_91' title="bbox 2115 3071 3686 3144; baseline 0.003 -19"><span class='ocrx_word' id='word_1_733' title='bbox 2115 3071 2365 3144; x_wconf 77' lang='grc' dir='ltr'><em>ελόμενος</em></span> <span class='ocrx_word' id='word_1_734' title='bbox 2411 3073 2697 3140; x_wconf 89' lang='grc' dir='ltr'><em>κινδύνων,</em></span> <span class='ocrx_word' id='word_1_735' title='bbox 2730 3076 2759 3127; x_wconf 88' lang='lat'><em>6</em></span> <span class='ocrx_word' id='word_1_736' title='bbox 2791 3073 2982 3128; x_wconf 74' lang='grc' dir='ltr'><em>εἰπὼν⁸</em></span> <span class='ocrx_word' id='word_1_737' title='bbox 3013 3077 3083 3131; x_wconf 82' lang='grc' dir='ltr'><em>Εἰ</em></span> <span class='ocrx_word' id='word_1_738' title='bbox 3124 3075 3242 3144; x_wconf 80' lang='grc' dir='ltr'><em>μὲν</em></span> <span class='ocrx_word' id='word_1_739' title='bbox 3277 3074 3441 3144; x_wconf 69' lang='grc' dir='ltr'><em>ἀφῇς</em></span> <span class='ocrx_word' id='word_1_740' title='bbox 3482 3077 3686 3142; x_wconf 84' lang='grc' dir='ltr'><em>αὐτοῖς</em></span> 
     </span>
    </p>
   </div>
   <div class='ocr_carea' id='block_1_92' title="bbox 2113 3158 3682 3232">
    <p class='ocr_par' dir='ltr' id='par_1_92' title="bbox 2113 3158 3682 3232">
     <span class='ocr_line' id='line_1_92' title="bbox 2113 3158 3682 3232; baseline 0.006 -20"><span class='ocrx_word' id='word_1_741' title='bbox 2113 3158 2229 3227; x_wconf 78' lang='grc' dir='ltr'><em>τὴν</em></span> <span class='ocrx_word' id='word_1_742' title='bbox 2259 3161 2569 3229; x_wconf 77' lang='grc' dir='ltr'><em>ἁμαρτίαν,</em></span> <span class='ocrx_word' id='word_1_743' title='bbox 2602 3161 2780 3230; x_wconf 56' lang='grc' dir='ltr'><em>ἀφειγ</em></span> <span class='ocrx_word' id='word_1_744' title='bbox 2819 3164 2874 3216; x_wconf 86' lang='grc' dir='ltr'><em>εἰ</em></span> <span class='ocrx_word' id='word_1_745' title='bbox 2903 3160 2972 3214; x_wconf 79' lang='grc' dir='ltr'><em>δὲ</em></span> <span class='ocrx_word' id='word_1_746' title='bbox 2995 3161 3108 3231; x_wconf 82' lang='grc' dir='ltr'><em>μὴ,</em></span> <span class='ocrx_word' id='word_1_747' title='bbox 3145 3162 3299 3231; x_wconf 70' lang='grc' dir='ltr'><em>κάμὲ</em></span> <span class='ocrx_word' id='word_1_748' title='bbox 3334 3162 3682 3232; x_wconf 70' lang='grc' dir='ltr'><em>ὲξὰλειψον.</em></span> 
     </span>
    </p>
   </div>
   <div class='ocr_carea' id='block_1_93' title="bbox 2113 3242 3682 3319">
    <p class='ocr_par' dir='ltr' id='par_1_93' title="bbox 2113 3242 3682 3319">
     <span class='ocr_line' id='line_1_93' title="bbox 2113 3242 3682 3319; baseline 0.004 -21"><span class='ocrx_word' id='word_1_749' title='bbox 2113 3246 2178 3298; x_wconf 86' lang='grc' dir='ltr'><strong>Εἰ</strong></span> <span class='ocrx_word' id='word_1_750' title='bbox 2210 3246 2389 3300; x_wconf 86' lang='grc' dir='ltr'><em>τοίνυν</em></span> <span class='ocrx_word' id='word_1_751' title='bbox 2432 3242 2587 3311; x_wconf 75' lang='grc' dir='ltr'><em>οὗτος</em></span> <span class='ocrx_word' id='word_1_752' title='bbox 2621 3244 2689 3319; x_wconf 83' lang='grc' dir='ltr'><em>ἦν</em></span> <span class='ocrx_word' id='word_1_753' title='bbox 2738 3249 2851 3311; x_wconf 87' lang='grc' dir='ltr'><em>νῦν,</em></span> <span class='ocrx_word' id='word_1_754' title='bbox 2903 3250 2996 3303; x_wconf 74' lang='grc' dir='ltr'><em>καὶ</em></span> <span class='ocrx_word' id='word_1_755' title='bbox 3029 3250 3201 3303; x_wconf 84' lang='grc' dir='ltr'><em>ταῦτα</em></span> <span class='ocrx_word' id='word_1_756' title='bbox 3234 3250 3442 3318; x_wconf 75' lang='grc' dir='ltr'><em>ἔλεγεν,</em></span> <span class='ocrx_word' id='word_1_757' title='bbox 3474 3251 3573 3304; x_wconf 76' lang='grc' dir='ltr'><em>οὐκ</em></span> <span class='ocrx_word' id='word_1_758' title='bbox 3617 3251 3682 3305; x_wconf 83' lang='grc' dir='ltr'><em>ἂν</em></span> 
     </span>
    </p>
   </div>
   <div class='ocr_carea' id='block_1_94' title="bbox 2112 3332 3677 3407">
    <p class='ocr_par' dir='ltr' id='par_1_94' title="bbox 2112 3332 3677 3407">
     <span class='ocr_line' id='line_1_94' title="bbox 2112 3332 3677 3407; baseline 0.004 -22"><span class='ocrx_word' id='word_1_759' title='bbox 2112 3332 2346 3405; x_wconf 81' lang='grc' dir='ltr'><em>ἐπέτυχε</em></span> <span class='ocrx_word' id='word_1_760' title='bbox 2366 3351 2380 3365; x_wconf 91' lang='grc'><strong>·</strong></span> <span class='ocrx_word' id='word_1_761' title='bbox 2411 3336 2504 3389; x_wconf 79' lang='grc' dir='ltr'><em>καί</em></span> <span class='ocrx_word' id='word_1_762' title='bbox 2536 3338 2585 3389; x_wconf 88' lang='grc' dir='ltr'><em>εἰ</em></span> <span class='ocrx_word' id='word_1_763' title='bbox 2622 3335 2873 3407; x_wconf 77' lang='grc' dir='ltr'><em>Σαμουὴλ</em></span> <span class='ocrx_word' id='word_1_764' title='bbox 2900 3336 3079 3402; x_wconf 87' lang='grc' dir='ltr'><em>πάλιν,</em></span> <span class='ocrx_word' id='word_1_765' title='bbox 3114 3339 3141 3389; x_wconf 90' lang='lat'><em>6</em></span> <span class='ocrx_word' id='word_1_766' title='bbox 3173 3337 3266 3390; x_wconf 80' lang='grc' dir='ltr'><em>καὶ</em></span> <span class='ocrx_word' id='word_1_767' title='bbox 3308 3339 3470 3402; x_wconf 84' lang='grc' dir='ltr'><em>αὐτὸς</em></span> <span class='ocrx_word' id='word_1_768' title='bbox 3502 3340 3677 3403; x_wconf 76' lang='grc' dir='ltr'><em>ἐξελό-</em></span> 
     </span>
    </p>
   </div>
   <div class='ocr_carea' id='block_1_95' title="bbox 2116 3422 3681 3497">
    <p class='ocr_par' dir='ltr' id='par_1_95' title="bbox 2116 3422 3681 3497">
     <span class='ocr_line' id='line_1_95' title="bbox 2116 3422 3681 3497; baseline 0.003 -23"><span class='ocrx_word' id='word_1_769' title='bbox 2116 3438 2274 3491; x_wconf 90' lang='grc' dir='ltr'><em>μενος</em></span> <span class='ocrx_word' id='word_1_770' title='bbox 2291 3422 2507 3489; x_wconf 77' lang='grc' dir='ltr'><em>αὑτοὺς,</em></span> <span class='ocrx_word' id='word_1_771' title='bbox 2535 3425 2564 3477; x_wconf 90' lang='lat'><em>6</em></span> <span class='ocrx_word' id='word_1_772' title='bbox 2587 3424 2649 3476; x_wconf 86' lang='grc' dir='ltr'><em>ἐκ</em></span> <span class='ocrx_word' id='word_1_773' title='bbox 2673 3422 2895 3495; x_wconf 84' lang='grc' dir='ltr'><em>πρώτης</em></span> <span class='ocrx_word' id='word_1_774' title='bbox 2917 3423 3131 3494; x_wconf 75' lang='grc' dir='ltr'><em>ἡλικίας</em></span> <span class='ocrx_word' id='word_1_775' title='bbox 3155 3424 3508 3495; x_wconf 89' lang='grc' dir='ltr'><em>θαυμασθείς.</em></span> <span class='ocrx_word' id='word_1_776' title='bbox 3539 3428 3681 3497; x_wconf 82' lang='grc' dir='ltr'><em>Πρὸς</em></span> 
     </span>
    </p>
   </div>
   <div class='ocr_carea' id='block_1_96' title="bbox 2115 3509 3674 3586">
    <p class='ocr_par' dir='ltr' id='par_1_96' title="bbox 2115 3509 3674 3586">
     <span class='ocr_line' id='line_1_96' title="bbox 2115 3509 3674 3586; baseline 0.002 -23"><span class='ocrx_word' id='word_1_777' title='bbox 2115 3510 2213 3580; x_wconf 83' lang='grc' dir='ltr'><em>μὲν</em></span> <span class='ocrx_word' id='word_1_778' title='bbox 2243 3511 2352 3581; x_wconf 71' lang='grc' dir='ltr'><em>γὰρ</em></span> <span class='ocrx_word' id='word_1_779' title='bbox 2380 3511 2585 3565; x_wconf 86' lang='grc' dir='ltr'><em>ἐκεῖνον</em></span> <span class='ocrx_word' id='word_1_780' title='bbox 2613 3509 2784 3577; x_wconf 77' lang='grc' dir='ltr'><em>εἷπον,</em></span> <span class='ocrx_word' id='word_1_781' title='bbox 2816 3514 2899 3565; x_wconf 86' lang='lat'><em>6::</em></span> <span class='ocrx_word' id='word_1_782' title='bbox 2927 3514 3127 3568; x_wconf 88' lang='grc' dir='ltr'><em>ὠσανεί</em></span> <span class='ocrx_word' id='word_1_783' title='bbox 3153 3514 3305 3582; x_wconf 87' lang='grc' dir='ltr'><em>φίλος</em></span> <span class='ocrx_word' id='word_1_784' title='bbox 3338 3515 3472 3586; x_wconf 83' lang='grc' dir='ltr'><em>πρὸς</em></span> <span class='ocrx_word' id='word_1_785' title='bbox 3503 3516 3674 3584; x_wconf 79' lang='grc' dir='ltr'><em>φίλον,</em></span> 
     </span>
    </p>
   </div>
   <div class='ocr_carea' id='block_1_97' title="bbox 2116 3597 3678 3671">
    <p class='ocr_par' dir='ltr' id='par_1_97' title="bbox 2116 3597 3678 3671">
     <span class='ocr_line' id='line_1_97' title="bbox 2116 3597 3678 3671; baseline 0.003 -21"><span class='ocrx_word' id='word_1_786' title='bbox 2116 3597 2259 3651; x_wconf 83' lang='grc' dir='ltr'><em>οῦτω</em></span> <span class='ocrx_word' id='word_1_787' title='bbox 2295 3598 2615 3669; x_wconf 81' lang='grc' dir='ltr'><em>διειλέχθην,</em></span> <span class='ocrx_word' id='word_1_788' title='bbox 2639 3599 2732 3653; x_wconf 78' lang='grc' dir='ltr'><em>καὶ</em></span> <span class='ocrx_word' id='word_1_789' title='bbox 2752 3601 2811 3653; x_wconf 82' lang='grc' dir='ltr'><em>οὐ</em></span> <span class='ocrx_word' id='word_1_790' title='bbox 2837 3601 2902 3654; x_wconf 80' lang='grc' dir='ltr'><em>δι’</em></span> <span class='ocrx_word' id='word_1_791' title='bbox 2928 3602 3263 3671; x_wconf 89' lang='grc' dir='ltr'><em>αἰνιγμάτων</em></span> <span class='ocrx_word' id='word_1_792' title='bbox 3282 3618 3296 3632; x_wconf 76' lang='grc' dir='ltr'><strong><em>ο</em></strong></span> <span class='ocrx_word' id='word_1_793' title='bbox 3328 3602 3460 3670; x_wconf 79' lang='grc' dir='ltr'><em>πρὸς</em></span> <span class='ocrx_word' id='word_1_794' title='bbox 3487 3603 3542 3656; x_wconf 74' lang='grc' dir='ltr'><em>δὲ</em></span> <span class='ocrx_word' id='word_1_795' title='bbox 3556 3601 3678 3655; x_wconf 80' lang='grc' dir='ltr'><em>τοῦ·</em></span> 
     </span>
    </p>
   </div>
   <div class='ocr_carea' id='block_1_98' title="bbox 2111 3681 3679 3759">
    <p class='ocr_par' dir='ltr' id='par_1_98' title="bbox 2111 3681 3679 3759">
     <span class='ocr_line' id='line_1_98' title="bbox 2111 3681 3679 3759; baseline 0.001 -18"><span class='ocrx_word' id='word_1_796' title='bbox 2111 3703 2203 3741; x_wconf 87' lang='grc' dir='ltr'><em>τον</em></span> <span class='ocrx_word' id='word_1_797' title='bbox 2228 3681 2403 3755; x_wconf 78' lang='grc' dir='ltr'><em>εἷπον,</em></span> <span class='ocrx_word' id='word_1_798' title='bbox 2431 3689 2515 3740; x_wconf 83' lang='grc' dir='ltr'><em>ὅτι</em></span> <span class='ocrx_word' id='word_1_799' title='bbox 2542 3690 2599 3740; x_wconf 80' lang='grc' dir='ltr'><em>ἐν</em></span> <span class='ocrx_word' id='word_1_800' title='bbox 2630 3690 2824 3759; x_wconf 78' lang='grc' dir='ltr'><em>πρώτῃ</em></span> <span class='ocrx_word' id='word_1_801' title='bbox 2845 3688 3034 3758; x_wconf 72' lang='grc' dir='ltr'><em>ἡλικίᾳ</em></span> <span class='ocrx_word' id='word_1_802' title='bbox 3059 3688 3246 3759; x_wconf 79' lang='grc' dir='ltr'><em>ὤφθην</em></span> <span class='ocrx_word' id='word_1_803' title='bbox 3276 3689 3443 3759; x_wconf 79' lang='grc' dir='ltr'><em>αὐτῷ,</em></span> <span class='ocrx_word' id='word_1_804' title='bbox 3469 3691 3562 3743; x_wconf 80' lang='grc' dir='ltr'><em>καὶ</em></span> <span class='ocrx_word' id='word_1_805' title='bbox 3590 3690 3679 3744; x_wconf 71' lang='grc' dir='ltr'><em>διὰ</em></span> 
     </span>
    </p>
   </div>
   <div class='ocr_carea' id='block_1_99' title="bbox 2111 3774 3677 3847">
    <p class='ocr_par' dir='ltr' id='par_1_99' title="bbox 2111 3774 3677 3847">
     <span class='ocr_line' id='line_1_99' title="bbox 2111 3774 3677 3847; baseline 0.002 -20"><span class='ocrx_word' id='word_1_806' title='bbox 2111 3775 2299 3828; x_wconf 85' lang='grc' dir='ltr'><em>τοῦτον</em></span> <span class='ocrx_word' id='word_1_807' title='bbox 2345 3774 2685 3846; x_wconf 77' lang='grc' dir='ltr'><em>δυσωπηθεὶς</em></span> <span class='ocrx_word' id='word_1_808' title='bbox 2724 3774 3170 3829; x_wconf 83' lang='grc' dir='ltr'><em>ὰποκλεισθεῐσαν</em></span> <span class='ocrx_word' id='word_1_809' title='bbox 3198 3776 3295 3846; x_wconf 83' lang='grc' dir='ltr'><em>τὴν</em></span> <span class='ocrx_word' id='word_1_810' title='bbox 3342 3778 3677 3847; x_wconf 84' lang='grc' dir='ltr'><em>προφητείαν</em></span> 
     </span>
    </p>
   </div>
   <div class='ocr_carea' id='block_1_100' title="bbox 2112 3859 3676 3933">
    <p class='ocr_par' dir='ltr' id='par_1_100' title="bbox 2112 3859 3676 3933">
     <span class='ocr_line' id='line_1_100' title="bbox 2112 3859 3676 3933; baseline 0 -17"><span class='ocrx_word' id='word_1_811' title='bbox 2112 3862 2343 3933; x_wconf 76' lang='grc' dir='ltr'><em>ἀνέῳξα.</em></span> <span class='ocrx_word' id='word_1_812' title='bbox 2363 3863 2599 3933; x_wconf 74' lang='grc' dir='ltr'><em>Καίγὰρ</em></span> <span class='ocrx_word' id='word_1_813' title='bbox 2619 3859 2716 3932; x_wconf 82' lang='grc' dir='ltr'><em>ἦν,</em></span> <span class='ocrx_word' id='word_1_814' title='bbox 2741 3864 2892 3933; x_wconf 78' lang='grc' dir='ltr'><em>φησί,</em></span> <span class='ocrx_word' id='word_1_815' title='bbox 2914 3860 3081 3931; x_wconf 74' lang='grc' dir='ltr'><em>ῥῆμα</em></span> <span class='ocrx_word' id='word_1_816' title='bbox 3101 3862 3313 3932; x_wconf 78' lang='grc' dir='ltr'><em>τίμιον,</em></span> <span class='ocrx_word' id='word_1_817' title='bbox 3339 3863 3433 3916; x_wconf 82' lang='grc' dir='ltr'><em>καί</em></span> <span class='ocrx_word' id='word_1_818' title='bbox 3459 3865 3569 3918; x_wconf 83' lang='grc' dir='ltr'><em>οὐκ</em></span> <span class='ocrx_word' id='word_1_819' title='bbox 3598 3860 3676 3932; x_wconf 74' lang='grc' dir='ltr'><em>ἦν</em></span> 
     </span>
    </p>
   </div>
   <div class='ocr_carea' id='block_1_101' title="bbox 2112 3945 3672 4017">
    <p class='ocr_par' dir='ltr' id='par_1_101' title="bbox 2112 3945 3672 4017">
     <span class='ocr_line' id='line_1_101' title="bbox 2112 3945 3672 4017; baseline 0 -15"><span class='ocrx_word' id='word_1_820' title='bbox 2112 3948 2322 4017; x_wconf 61' lang='grc' dir='ltr'><em>ὅρασις</em></span> <span class='ocrx_word' id='word_1_821' title='bbox 2348 3951 2814 4005; x_wconf 80' lang='grc' dir='ltr'><em>διαστέλλουσα.</em></span> <span class='ocrx_word' id='word_1_822' title='bbox 2873 3950 2995 4003; x_wconf 84' lang='grc' dir='ltr'><em>Ἐὰν</em></span> <span class='ocrx_word' id='word_1_823' title='bbox 3039 3945 3183 4004; x_wconf 75' lang='grc' dir='ltr'><em>οὗτοι</em></span> <span class='ocrx_word' id='word_1_824' title='bbox 3220 3950 3396 4003; x_wconf 87' lang='grc' dir='ltr'><em>τοίνυν</em></span> <span class='ocrx_word' id='word_1_825' title='bbox 3454 3952 3672 4017; x_wconf 89' lang='grc' dir='ltr'><em>στῶσιν,</em></span> 
     </span>
    </p>
   </div>
   <div class='ocr_carea' id='block_1_102' title="bbox 2109 4036 3673 4107">
    <p class='ocr_par' dir='ltr' id='par_1_102' title="bbox 2109 4036 3673 4107">
     <span class='ocr_line' id='line_1_102' title="bbox 2109 4036 3673 4107; baseline 0.001 -17"><span class='ocrx_word' id='word_1_826' title='bbox 2109 4037 2263 4090; x_wconf 72' lang='grc' dir='ltr'><em>οὐδὲν</em></span> <span class='ocrx_word' id='word_1_827' title='bbox 2291 4038 2566 4107; x_wconf 79' lang='grc' dir='ltr'><em>ὀνήσουσι.</em></span> <span class='ocrx_word' id='word_1_828' title='bbox 2598 4039 2708 4091; x_wconf 79' lang='grc' dir='ltr'><em>Καὶ</em></span> <span class='ocrx_word' id='word_1_829' title='bbox 2727 4039 2854 4107; x_wconf 80' lang='grc' dir='ltr'><em>περί</em></span> <span class='ocrx_word' id='word_1_830' title='bbox 2874 4036 2966 4090; x_wconf 82' lang='grc' dir='ltr'><em>τοῦ</em></span> <span class='ocrx_word' id='word_1_831' title='bbox 2997 4038 3119 4090; x_wconf 84' lang='grc' dir='ltr'><em>Νῶε</em></span> <span class='ocrx_word' id='word_1_832' title='bbox 3144 4037 3200 4090; x_wconf 77' lang='grc' dir='ltr'><em>δὲ</em></span> <span class='ocrx_word' id='word_1_833' title='bbox 3219 4036 3386 4105; x_wconf 81' lang='grc' dir='ltr'><em>λέγει,</em></span> <span class='ocrx_word' id='word_1_834' title='bbox 3415 4039 3673 4103; x_wconf 79' lang='grc' dir='ltr'><em>Δίκαιος,</em></span> 
     </span>
    </p>
   </div>
   <div class='ocr_carea' id='block_1_103' title="bbox 2109 4121 3672 4196">
    <p class='ocr_par' dir='ltr' id='par_1_103' title="bbox 2109 4121 3672 4196">
     <span class='ocr_line' id='line_1_103' title="bbox 2109 4121 3672 4196; baseline -0.002 -16"><span class='ocrx_word' id='word_1_835' title='bbox 2109 4127 2336 4191; x_wconf 79' lang='grc' dir='ltr'><em>τέλειος</em></span> <span class='ocrx_word' id='word_1_836' title='bbox 2366 4125 2435 4179; x_wconf 82' lang='grc' dir='ltr'><em>ἐν</em></span> <span class='ocrx_word' id='word_1_837' title='bbox 2476 4125 2548 4193; x_wconf 72' lang='grc' dir='ltr'><em>τῇ</em></span> <span class='ocrx_word' id='word_1_838' title='bbox 2579 4123 2753 4194; x_wconf 76' lang='grc' dir='ltr'><em>γενεᾷ</em></span> <span class='ocrx_word' id='word_1_839' title='bbox 2784 4125 2969 4180; x_wconf 85' lang='grc' dir='ltr'><em>αὐτοῦ</em></span> <span class='ocrx_word' id='word_1_840' title='bbox 3012 4121 3091 4194; x_wconf 76' lang='grc' dir='ltr'><em>ἦν</em></span> <span class='ocrx_word' id='word_1_841' title='bbox 3111 4123 3267 4178; x_wconf 73' lang='grc' dir='ltr'><em>Νῶε·</em></span> <span class='ocrx_word' id='word_1_842' title='bbox 3309 4126 3400 4178; x_wconf 76' lang='grc' dir='ltr'><em>καὶ</em></span> <span class='ocrx_word' id='word_1_843' title='bbox 3427 4127 3553 4196; x_wconf 81' lang='grc' dir='ltr'><em>περὶ</em></span> <span class='ocrx_word' id='word_1_844' title='bbox 3580 4125 3672 4178; x_wconf 82' lang='grc' dir='ltr'><em>τοῦ</em></span> 
     </span>
    </p>
   </div>
   <div class='ocr_carea' id='block_1_104' title="bbox 2120 4201 3671 4285">
    <p class='ocr_par' dir='ltr' id='par_1_104' title="bbox 2120 4201 3671 4285">
     <span class='ocr_line' id='line_1_104' title="bbox 2120 4201 3671 4285; baseline 0 -18"><span class='ocrx_word' id='word_1_845' title='bbox 2120 4214 2261 4276; x_wconf 82' lang='grc' dir='ltr'><em>Ἰὼῦ,</em></span> <span class='ocrx_word' id='word_1_846' title='bbox 2288 4201 2637 4284; x_wconf 79' lang='grc' dir='ltr'><em>Ἀμεμπτος,</em></span> <span class='ocrx_word' id='word_1_847' title='bbox 2673 4213 2823 4285; x_wconf 73' lang='grc'>[452]</span> <span class='ocrx_word' id='word_1_848' title='bbox 2844 4213 3095 4279; x_wconf 81' lang='grc' dir='ltr'><em>δίκαιος,</em></span> <span class='ocrx_word' id='word_1_849' title='bbox 3126 4212 3432 4279; x_wconf 76' lang='grc' dir='ltr'><em>ἀληθινὸς,</em></span> <span class='ocrx_word' id='word_1_850' title='bbox 3460 4217 3671 4267; x_wconf 84' lang='grc' dir='ltr'><em>Θεσσε-</em></span> 
     </span>
    </p>
   </div>
   <div class='ocr_carea' id='block_1_105' title="bbox 2111 4296 3671 4371">
    <p class='ocr_par' dir='ltr' id='par_1_105' title="bbox 2111 4296 3671 4371">
     <span class='ocr_line' id='line_1_105' title="bbox 2111 4296 3671 4371; baseline -0.003 -15"><span class='ocrx_word' id='word_1_851' title='bbox 2111 4301 2244 4368; x_wconf 80' lang='grc' dir='ltr'><em>ϐἡς.</em></span> <span class='ocrx_word' id='word_1_852' title='bbox 2276 4301 2511 4365; x_wconf 84' lang='grc' dir='ltr'><em>Τούτους</em></span> <span class='ocrx_word' id='word_1_853' title='bbox 2539 4296 2633 4354; x_wconf 84' lang='grc' dir='ltr'><em>οῦν</em></span> <span class='ocrx_word' id='word_1_854' title='bbox 2664 4300 2916 4364; x_wconf 79' lang='grc' dir='ltr'><em>στάντας,</em></span> <span class='ocrx_word' id='word_1_855' title='bbox 2949 4300 3041 4353; x_wconf 74' lang='grc' dir='ltr'><em>καὶ</em></span> <span class='ocrx_word' id='word_1_856' title='bbox 3072 4299 3295 4371; x_wconf 72' lang='grc' dir='ltr'><em>Δανιὴλ,</em></span> <span class='ocrx_word' id='word_1_857' title='bbox 3330 4300 3388 4353; x_wconf 81' lang='grc' dir='ltr'><em>ὃν</em></span> <span class='ocrx_word' id='word_1_858' title='bbox 3418 4301 3514 4352; x_wconf 82' lang='grc' dir='ltr'><em>καὶ</em></span> <span class='ocrx_word' id='word_1_859' title='bbox 3539 4300 3671 4353; x_wconf 83' lang='grc' dir='ltr'><em>Θεὸν</em></span> 
     </span>
    </p>
   </div>
   <div class='ocr_carea' id='block_1_106' title="bbox 2108 4384 3669 4459">
    <p class='ocr_par' dir='ltr' id='par_1_106' title="bbox 2108 4384 3669 4459">
     <span class='ocr_line' id='line_1_106' title="bbox 2108 4384 3669 4459; baseline -0.003 -16"><span class='ocrx_word' id='word_1_860' title='bbox 2108 4388 2367 4459; x_wconf 76' lang='grc' dir='ltr'><em>ἐνόμισαν</em></span> <span class='ocrx_word' id='word_1_861' title='bbox 2398 4390 2447 4441; x_wconf 89' lang='grc' dir='ltr'><em>οἰ</em></span> <span class='ocrx_word' id='word_1_862' title='bbox 2500 4387 2777 4451; x_wconf 85' lang='grc' dir='ltr'><em>Χαλδαῖοι,</em></span> <span class='ocrx_word' id='word_1_863' title='bbox 2836 4386 2934 4440; x_wconf 81' lang='grc' dir='ltr'><em>οὐκ</em></span> <span class='ocrx_word' id='word_1_864' title='bbox 2997 4385 3198 4450; x_wconf 76' lang='grc' dir='ltr'><em>ἐξελεῖν</em></span> <span class='ocrx_word' id='word_1_865' title='bbox 3249 4384 3461 4455; x_wconf 87' lang='grc' dir='ltr'><em>ἰσχῦσαί</em></span> <span class='ocrx_word' id='word_1_866' title='bbox 3506 4403 3669 4457; x_wconf 90' lang='grc' dir='ltr'><em>φησιν</em></span> 
     </span>
    </p>
   </div>
   <div class='ocr_carea' id='block_1_107' title="bbox 2106 4473 3665 4545">
    <p class='ocr_par' dir='ltr' id='par_1_107' title="bbox 2106 4473 3665 4545">
     <span class='ocr_line' id='line_1_107' title="bbox 2106 4473 3665 4545; baseline -0.001 -17"><span class='ocrx_word' id='word_1_867' title='bbox 2106 4476 2255 4540; x_wconf 76' lang='grc' dir='ltr'><em>υἱοὺς</em></span> <span class='ocrx_word' id='word_1_868' title='bbox 2293 4475 2473 4529; x_wconf 83' lang='grc' dir='ltr'><em>αὐτῶν</em></span> <span class='ocrx_word' id='word_1_869' title='bbox 2505 4477 2601 4530; x_wconf 73' lang='grc' dir='ltr'><em>καὶ</em></span> <span class='ocrx_word' id='word_1_870' title='bbox 2645 4474 2968 4545; x_wconf 86' lang='grc' dir='ltr'><em>θυγατέρας.</em></span> <span class='ocrx_word' id='word_1_871' title='bbox 3002 4473 3185 4526; x_wconf 81' lang='grc' dir='ltr'><em>Ταῦτα</em></span> <span class='ocrx_word' id='word_1_872' title='bbox 3229 4474 3404 4525; x_wconf 84' lang='grc' dir='ltr'><em>τοίνυν</em></span> <span class='ocrx_word' id='word_1_873' title='bbox 3449 4473 3665 4538; x_wconf 75' lang='grc' dir='ltr'><em>εἰδότες,</em></span> 
     </span>
    </p>
   </div>
   <div class='ocr_carea' id='block_1_108' title="bbox 2107 4561 3669 4635">
    <p class='ocr_par' dir='ltr' id='par_1_108' title="bbox 2107 4561 3669 4635">
     <span class='ocr_line' id='line_1_108' title="bbox 2107 4561 3669 4635; baseline -0.001 -18"><span class='ocrx_word' id='word_1_874' title='bbox 2107 4565 2242 4634; x_wconf 90' lang='grc' dir='ltr'><em>μήτε</em></span> <span class='ocrx_word' id='word_1_875' title='bbox 2299 4564 2730 4635; x_wconf 88' lang='grc' dir='ltr'><em>καταφρονῶμεν</em></span> <span class='ocrx_word' id='word_1_876' title='bbox 2783 4562 2891 4615; x_wconf 90' lang='grc' dir='ltr'><em>τῶν</em></span> <span class='ocrx_word' id='word_1_877' title='bbox 2946 4561 3120 4631; x_wconf 77' lang='grc' dir='ltr'><em>εὐχῶν</em></span> <span class='ocrx_word' id='word_1_878' title='bbox 3157 4561 3263 4615; x_wconf 90' lang='grc' dir='ltr'><em>τῶν</em></span> <span class='ocrx_word' id='word_1_879' title='bbox 3297 4562 3487 4629; x_wconf 78' lang='grc' dir='ltr'><em>ἁγίων,</em></span> <span class='ocrx_word' id='word_1_880' title='bbox 3530 4565 3669 4633; x_wconf 79' lang='grc' dir='ltr'><em>μήτε</em></span> 
     </span>
    </p>
   </div>
   <div class='ocr_carea' id='block_1_109' title="bbox 2102 4647 3670 4721">
    <p class='ocr_par' dir='ltr' id='par_1_109' title="bbox 2102 4647 3670 4721">
     <span class='ocr_line' id='line_1_109' title="bbox 2102 4647 3670 4721; baseline -0.002 -17"><span class='ocrx_word' id='word_1_881' title='bbox 2102 4651 2165 4705; x_wconf 84' lang='grc' dir='ltr'><em>τὸ</em></span> <span class='ocrx_word' id='word_1_882' title='bbox 2214 4654 2323 4705; x_wconf 79' lang='grc' dir='ltr'><em>πᾶν</em></span> <span class='ocrx_word' id='word_1_883' title='bbox 2377 4652 2568 4715; x_wconf 84' lang='grc' dir='ltr'><em>αὑταῖς</em></span> <span class='ocrx_word' id='word_1_884' title='bbox 2626 4650 3060 4721; x_wconf 76' lang='grc' dir='ltr'><em>ἐπιρῤίπτωμεν,</em></span> <span class='ocrx_word' id='word_1_885' title='bbox 3113 4647 3271 4701; x_wconf 74' lang='grc' dir='ltr'><em>τοῦτο</em></span> <span class='ocrx_word' id='word_1_886' title='bbox 3307 4650 3426 4718; x_wconf 79' lang='grc' dir='ltr'><em>μὲν,</em></span> <span class='ocrx_word' id='word_1_887' title='bbox 3478 4649 3566 4703; x_wconf 87' lang='grc' dir='ltr'><em>ῖνα</em></span> <span class='ocrx_word' id='word_1_888' title='bbox 3594 4648 3670 4718; x_wconf 68' lang='grc' dir='ltr'><em>μὴ</em></span> 
     </span>
    </p>
   </div>
   <div class='ocr_carea' id='block_1_110' title="bbox 2104 4734 3670 4808">
    <p class='ocr_par' dir='ltr' id='par_1_110' title="bbox 2104 4734 3670 4808">
     <span class='ocr_line' id='line_1_110' title="bbox 2104 4734 3670 4808; baseline -0.001 -19"><span class='ocrx_word' id='word_1_889' title='bbox 2104 4736 2442 4808; x_wconf 73' lang='grc' dir='ltr'><em>ῥαθυμῶμεν</em></span> <span class='ocrx_word' id='word_1_890' title='bbox 2475 4736 2568 4791; x_wconf 82' lang='grc' dir='ltr'><em>καὶ</em></span> <span class='ocrx_word' id='word_1_891' title='bbox 2598 4737 2721 4806; x_wconf 78' lang='grc' dir='ltr'><em>εἰκῇ</em></span> <span class='ocrx_word' id='word_1_892' title='bbox 2749 4736 2951 4804; x_wconf 78' lang='grc' dir='ltr'><em>ζῶμεν,</em></span> <span class='ocrx_word' id='word_1_893' title='bbox 2985 4736 3160 4789; x_wconf 80' lang='grc' dir='ltr'><em>ἐκεῖνο</em></span> <span class='ocrx_word' id='word_1_894' title='bbox 3192 4734 3269 4799; x_wconf 85' lang='grc' dir='ltr'><em>δὲ,</em></span> <span class='ocrx_word' id='word_1_895' title='bbox 3309 4735 3395 4787; x_wconf 78' lang='grc' dir='ltr'><em>ἵνα</em></span> <span class='ocrx_word' id='word_1_896' title='bbox 3436 4736 3511 4805; x_wconf 81' lang='grc' dir='ltr'><em>μὴ</em></span> <span class='ocrx_word' id='word_1_897' title='bbox 3540 4734 3670 4788; x_wconf 67' lang='grc' dir='ltr'><em>πολι</em></span> 
     </span>
    </p>
   </div>
   <div class='ocr_carea' id='block_1_111' title="bbox 2101 4819 3669 4894">
    <p class='ocr_par' dir='ltr' id='par_1_111' title="bbox 2101 4819 3669 4894">
     <span class='ocr_line' id='line_1_111' title="bbox 2101 4819 3669 4894; baseline -0.002 -19"><span class='ocrx_word' id='word_1_898' title='bbox 2101 4822 2196 4876; x_wconf 89' lang='grc' dir='ltr'><em>λοῦ</em></span> <span class='ocrx_word' id='word_1_899' title='bbox 2247 4823 2470 4894; x_wconf 77' lang='grc' dir='ltr'><em>κέρδους</em></span> <span class='ocrx_word' id='word_1_900' title='bbox 2529 4822 2882 4892; x_wconf 84' lang='grc' dir='ltr'><em>ἐκπέσωμεν·</em></span> <span class='ocrx_word' id='word_1_901' title='bbox 2933 4820 3069 4874; x_wconf 68' lang='grc' dir='ltr'><em>ἀλλὰ</em></span> <span class='ocrx_word' id='word_1_902' title='bbox 3125 4820 3219 4873; x_wconf 76' lang='grc' dir='ltr'><em>καὶ</em></span> <span class='ocrx_word' id='word_1_903' title='bbox 3268 4819 3669 4890; x_wconf 85' lang='grc' dir='ltr'><em>παρακαλῶμεν</em></span> 
     </span>
    </p>
   </div>
   <div class='ocr_carea' id='block_1_112' title="bbox 2101 4908 3671 4983">
    <p class='ocr_par' dir='ltr' id='par_1_112' title="bbox 2101 4908 3671 4983">
     <span class='ocr_line' id='line_1_112' title="bbox 2101 4908 3671 4983; baseline -0.001 -22"><span class='ocrx_word' id='word_1_904' title='bbox 2101 4909 2359 4981; x_wconf 78' lang='grc' dir='ltr'><em>εὔχεσθαι</em></span> <span class='ocrx_word' id='word_1_905' title='bbox 2396 4912 2536 4983; x_wconf 78' lang='grc' dir='ltr'><em>ὑπὲρ</em></span> <span class='ocrx_word' id='word_1_906' title='bbox 2556 4912 2713 4983; x_wconf 76' lang='grc' dir='ltr'><em>ἡμῶν</em></span> <span class='ocrx_word' id='word_1_907' title='bbox 2754 4909 2849 4963; x_wconf 69' lang='grc' dir='ltr'><em>καὶ</em></span> <span class='ocrx_word' id='word_1_908' title='bbox 2885 4912 3073 4979; x_wconf 90' lang='grc' dir='ltr'><em>χεῖρας</em></span> <span class='ocrx_word' id='word_1_909' title='bbox 3107 4908 3345 4978; x_wconf 78' lang='grc' dir='ltr'><em>ὀρέγειν,</em></span> <span class='ocrx_word' id='word_1_910' title='bbox 3388 4910 3481 4961; x_wconf 83' lang='grc' dir='ltr'><em>καὶ</em></span> <span class='ocrx_word' id='word_1_911' title='bbox 3512 4908 3671 4960; x_wconf 64' lang='grc' dir='ltr'><em>αὐτοὶ</em></span> 
     </span>
    </p>
   </div>
   <div class='ocr_carea' id='block_1_113' title="bbox 2100 4994 3670 5071">
    <p class='ocr_par' dir='ltr' id='par_1_113' title="bbox 2100 4994 3670 5071">
     <span class='ocr_line' id='line_1_113' title="bbox 2100 4994 3670 5071; baseline -0.002 -21"><span class='ocrx_word' id='word_1_912' title='bbox 2100 4998 2355 5069; x_wconf 83' lang='grc' dir='ltr'><em>ἐχώμεθα</em></span> <span class='ocrx_word' id='word_1_913' title='bbox 2388 5000 2487 5071; x_wconf 89' lang='grc' dir='ltr'><em>τῆς</em></span> <span class='ocrx_word' id='word_1_914' title='bbox 2506 5000 2707 5069; x_wconf 85' lang='grc' dir='ltr'><em>ἀρετῆς</em></span> <span class='ocrx_word' id='word_1_915' title='bbox 2728 5014 2741 5027; x_wconf 89' lang='grc'><strong>·</strong></span> <span class='ocrx_word' id='word_1_916' title='bbox 2778 4999 2863 5052; x_wconf 88' lang='grc' dir='ltr'><em>ίνα</em></span> <span class='ocrx_word' id='word_1_917' title='bbox 2897 4996 3211 5067; x_wconf 90' lang='grc' dir='ltr'><em>δυνηθῶμεν</em></span> <span class='ocrx_word' id='word_1_918' title='bbox 3254 4996 3524 5063; x_wconf 77' lang='grc' dir='ltr'><em>ἐπιτυχεῖν</em></span> <span class='ocrx_word' id='word_1_919' title='bbox 3556 4994 3670 5047; x_wconf 88' lang='grc' dir='ltr'><em>τῶν</em></span> 
     </span>
    </p>
   </div>
   <div class='ocr_carea' id='block_1_114' title="bbox 2108 5081 3669 5156">
    <p class='ocr_par' dir='ltr' id='par_1_114' title="bbox 2108 5081 3669 5156">
     <span class='ocr_line' id='line_1_114' title="bbox 2108 5081 3669 5156; baseline -0.003 -17"><span class='ocrx_word' id='word_1_920' title='bbox 2108 5086 2539 5156; x_wconf 79' lang='grc' dir='ltr'><em>ἐπηγγελμένων</em></span> <span class='ocrx_word' id='word_1_921' title='bbox 2570 5085 2791 5155; x_wconf 83' lang='grc' dir='ltr'><em>ἀγαθῶν</em></span> <span class='ocrx_word' id='word_1_922' title='bbox 2824 5089 2936 5147; x_wconf 88' lang='grc' dir='ltr'><em>τοῖς</em></span> <span class='ocrx_word' id='word_1_923' title='bbox 2964 5082 3248 5152; x_wconf 85' lang='grc' dir='ltr'><em>ἀγαπῶσιν</em></span> <span class='ocrx_word' id='word_1_924' title='bbox 3280 5083 3460 5145; x_wconf 78' lang='grc' dir='ltr'><em>αὐτὸν,</em></span> <span class='ocrx_word' id='word_1_925' title='bbox 3483 5081 3669 5151; x_wconf 81' lang='grc' dir='ltr'><em>χάριτι</em></span> 
     </span>
    </p>
   </div>
   <div class='ocr_carea' id='block_1_115' title="bbox 2100 5167 3666 5245">
    <p class='ocr_par' dir='ltr' id='par_1_115' title="bbox 2100 5167 3666 5245">
     <span class='ocr_line' id='line_1_115' title="bbox 2100 5167 3666 5245; baseline -0.005 -18"><span class='ocrx_word' id='word_1_926' title='bbox 2100 5174 2193 5227; x_wconf 70' lang='grc' dir='ltr'><em>καὶ</em></span> <span class='ocrx_word' id='word_1_927' title='bbox 2226 5172 2604 5245; x_wconf 75' lang='grc' dir='ltr'><em>φιλανθρωπίᾳ</em></span> <span class='ocrx_word' id='word_1_928' title='bbox 2644 5173 2739 5226; x_wconf 83' lang='grc' dir='ltr'><em>τοῦ</em></span> <span class='ocrx_word' id='word_1_929' title='bbox 2772 5171 2974 5243; x_wconf 76' lang='grc' dir='ltr'><em>Κυρίου</em></span> <span class='ocrx_word' id='word_1_930' title='bbox 3004 5170 3159 5242; x_wconf 76' lang='grc' dir='ltr'><em>ἡμῶν</em></span> <span class='ocrx_word' id='word_1_931' title='bbox 3205 5168 3377 5239; x_wconf 84' lang='grc' dir='ltr'><em>Ἰησοῦ</em></span> <span class='ocrx_word' id='word_1_932' title='bbox 3400 5167 3666 5238; x_wconf 83' lang='grc' dir='ltr'><em>Χριστοῦ,</em></span> 
     </span>
    </p>
   </div>
   <div class='ocr_carea' id='block_1_116' title="bbox 2103 5255 3668 5333">
    <p class='ocr_par' dir='ltr' id='par_1_116' title="bbox 2103 5255 3668 5333">
     <span class='ocr_line' id='line_1_116' title="bbox 2103 5255 3668 5333; baseline -0.003 -19"><span class='ocrx_word' id='word_1_933' title='bbox 2103 5262 2221 5333; x_wconf 81' lang='grc' dir='ltr'><em>μεθ’</em></span> <span class='ocrx_word' id='word_1_934' title='bbox 2247 5255 2308 5315; x_wconf 78' lang='grc' dir='ltr'><em>οὖ</em></span> <span class='ocrx_word' id='word_1_935' title='bbox 2338 5260 2412 5330; x_wconf 85' lang='grc' dir='ltr'><em>τῷ</em></span> <span class='ocrx_word' id='word_1_936' title='bbox 2449 5262 2620 5330; x_wconf 79' lang='grc' dir='ltr'><em>Πατρὶ</em></span> <span class='ocrx_word' id='word_1_937' title='bbox 2640 5260 2755 5332; x_wconf 79' lang='grc' dir='ltr'><em>ἅμα</em></span> <span class='ocrx_word' id='word_1_938' title='bbox 2776 5259 2853 5330; x_wconf 81' lang='grc' dir='ltr'><em>τῷ</em></span> <span class='ocrx_word' id='word_1_939' title='bbox 2880 5260 3021 5330; x_wconf 84' lang='grc' dir='ltr'><em>ἁγίῳ</em></span> <span class='ocrx_word' id='word_1_940' title='bbox 3046 5257 3323 5328; x_wconf 74' lang='grc' dir='ltr'><em>Πνεύματι</em></span> <span class='ocrx_word' id='word_1_941' title='bbox 3356 5256 3502 5324; x_wconf 80' lang='grc' dir='ltr'><em>δόξα,</em></span> <span class='ocrx_word' id='word_1_942' title='bbox 3533 5256 3668 5331; x_wconf 79' lang='grc' dir='ltr'><em>κρα-</em></span> 
     </span>
    </p>
   </div>
   <div class='ocr_carea' id='block_1_117' title="bbox 431 5342 3667 5419">
    <p class='ocr_par' dir='ltr' id='par_1_117' title="bbox 431 5342 3667 5419">
     <span class='ocr_line' id='line_1_117' title="bbox 431 5342 3667 5419; baseline 0.001 -25"><span class='ocrx_word' id='word_1_943' title='bbox 431 5342 541 5397; x_wconf 74' lang='grc' dir='ltr'><em>Καὶ</em></span> <span class='ocrx_word' id='word_1_944' title='bbox 572 5342 660 5398; x_wconf 82' lang='grc' dir='ltr'><em>ῐνα</em></span> <span class='ocrx_word' id='word_1_945' title='bbox 707 5345 905 5417; x_wconf 78' lang='grc' dir='ltr'><em>μάθῃς,</em></span> <span class='ocrx_word' id='word_1_946' title='bbox 935 5347 1097 5401; x_wconf 75' lang='grc' dir='ltr'><em>ἄκουε</em></span> <span class='ocrx_word' id='word_1_947' title='bbox 1140 5347 1235 5401; x_wconf 88' lang='grc' dir='ltr'><em>τοῦ</em></span> <span class='ocrx_word' id='word_1_948' title='bbox 1282 5348 1415 5401; x_wconf 84' lang='grc' dir='ltr'><em>Θεοῦ</em></span> <span class='ocrx_word' id='word_1_949' title='bbox 1460 5348 1708 5417; x_wconf 86' lang='grc' dir='ltr'><em>λέγοντος</em></span> <span class='ocrx_word' id='word_1_950' title='bbox 1764 5349 1849 5404; x_wconf 80' lang='grc' dir='ltr'><em>διὰ</em></span> <span class='ocrx_word' id='word_1_951' title='bbox 1897 5351 1990 5405; x_wconf 86' lang='grc' dir='ltr'><em>τοῦ</em></span> <span class='ocrx_word' id='word_1_952' title='bbox 2094 5366 2208 5411; x_wconf 85' lang='grc' dir='ltr'><em>τος,</em></span> <span class='ocrx_word' id='word_1_953' title='bbox 2244 5348 2400 5419; x_wconf 82' lang='grc' dir='ltr'><em>τιμὴ,</em></span> <span class='ocrx_word' id='word_1_954' title='bbox 2437 5348 2533 5403; x_wconf 86' lang='grc' dir='ltr'><em>νῦν</em></span> <span class='ocrx_word' id='word_1_955' title='bbox 2573 5350 2665 5403; x_wconf 80' lang='grc' dir='ltr'><em>καὶ</em></span> <span class='ocrx_word' id='word_1_956' title='bbox 2729 5348 2839 5415; x_wconf 79' lang='grc' dir='ltr'><em>ἀεὶ,</em></span> <span class='ocrx_word' id='word_1_957' title='bbox 2883 5349 2975 5402; x_wconf 79' lang='grc' dir='ltr'><em>καὶ</em></span> <span class='ocrx_word' id='word_1_958' title='bbox 3018 5350 3097 5411; x_wconf 90' lang='grc' dir='ltr'><em>εἰς</em></span> <span class='ocrx_word' id='word_1_959' title='bbox 3148 5347 3273 5409; x_wconf 79' lang='grc' dir='ltr'><em>τοὺς</em></span> <span class='ocrx_word' id='word_1_960' title='bbox 3319 5347 3519 5411; x_wconf 87' lang='grc' dir='ltr'><em>αἰῶνας</em></span> <span class='ocrx_word' id='word_1_961' title='bbox 3557 5344 3667 5399; x_wconf 78' lang='grc' dir='ltr'><em>τῶν</em></span> 
     </span>
    </p>
   </div>
   <div class='ocr_carea' id='block_1_118' title="bbox 430 5430 1990 5505">
    <p class='ocr_par' dir='ltr' id='par_1_118' title="bbox 430 5430 1990 5505">
     <span class='ocr_line' id='line_1_118' title="bbox 430 5430 1990 5505; baseline 0.007 -24"><span class='ocrx_word' id='word_1_962' title='bbox 430 5430 709 5500; x_wconf 82' lang='grc' dir='ltr'><em>προφήτου</em></span> <span class='ocrx_word' id='word_1_963' title='bbox 738 5447 751 5461; x_wconf 77' lang='grc'><em>’</em></span> <span class='ocrx_word' id='word_1_964' title='bbox 791 5432 891 5488; x_wconf 77' lang='grc' dir='ltr'><em>Ἂν</em></span> <span class='ocrx_word' id='word_1_965' title='bbox 921 5432 1040 5500; x_wconf 77' lang='grc' dir='ltr'><em>στῇ</em></span> <span class='ocrx_word' id='word_1_966' title='bbox 1086 5432 1239 5498; x_wconf 84' lang='grc' dir='ltr'><em>Νῶε,</em></span> <span class='ocrx_word' id='word_1_967' title='bbox 1279 5434 1378 5488; x_wconf 85' lang='grc' dir='ltr'><em>καί</em></span> <span class='ocrx_word' id='word_1_968' title='bbox 1436 5436 1581 5502; x_wconf 83' lang='grc' dir='ltr'><em>Ἰὼϐ,</em></span> <span class='ocrx_word' id='word_1_969' title='bbox 1615 5438 1711 5492; x_wconf 83' lang='grc' dir='ltr'><em>καί</em></span> <span class='ocrx_word' id='word_1_970' title='bbox 1746 5438 1990 5505; x_wconf 74' lang='grc' dir='ltr'><em>Δανιὴλ,</em></span> 
     </span>
    </p>
   </div>
   <div class='ocr_carea' id='block_1_119' title="bbox 429 5516 1991 5594">
    <p class='ocr_par' dir='ltr' id='par_1_119' title="bbox 429 5516 1991 5594">
     <span class='ocr_line' id='line_1_119' title="bbox 429 5516 1991 5594; baseline 0.007 -25"><span class='ocrx_word' id='word_1_971' title='bbox 429 5518 540 5570; x_wconf 76' lang='grc' dir='ltr'><em>οὐκ</em></span> <span class='ocrx_word' id='word_1_972' title='bbox 572 5516 923 5580; x_wconf 76' lang='grc' dir='ltr'><em>ἐξελοῦνται</em></span> <span class='ocrx_word' id='word_1_973' title='bbox 954 5520 1092 5587; x_wconf 80' lang='grc' dir='ltr'><em>τοὺς</em></span> <span class='ocrx_word' id='word_1_974' title='bbox 1124 5522 1291 5588; x_wconf 80' lang='grc' dir='ltr'><em>υἱοὺς</em></span> <span class='ocrx_word' id='word_1_975' title='bbox 1327 5521 1524 5577; x_wconf 76' lang='grc' dir='ltr'><em>αὐτῶν</em></span> <span class='ocrx_word' id='word_1_976' title='bbox 1556 5525 1651 5577; x_wconf 74' lang='grc' dir='ltr'><em>καὶ</em></span> <span class='ocrx_word' id='word_1_977' title='bbox 1685 5523 1780 5590; x_wconf 75' lang='grc' dir='ltr'><em>τὰς</em></span> <span class='ocrx_word' id='word_1_978' title='bbox 1816 5528 1991 5594; x_wconf 61' lang='grc' dir='ltr'><em>θυγα-</em></span> 
     </span>
    </p>
   </div>
   <div class='ocr_carea' id='block_1_120' title="bbox 489 5693 1907 5771">
    <p class='ocr_par' dir='ltr' id='par_1_120' title="bbox 489 5693 1907 5771">
     <span class='ocr_line' id='line_1_120' title="bbox 489 5693 1907 5771; baseline 0.007 -22"><span class='ocrx_word' id='word_1_979' title='bbox 489 5693 814 5769; x_wconf 70' lang='lat' dir='ltr'><em>&#39;Legcn:&#39;.um</em></span> <span class='ocrx_word' id='word_1_980' title='bbox 836 5704 1042 5765; x_wconf 69' lang='lat' dir='ltr'><em>videtur,</em></span> <span class='ocrx_word' id='word_1_981' title='bbox 1079 5718 1139 5755; x_wconf 78' lang='lat' dir='ltr'><em>cx</em></span> <span class='ocrx_word' id='word_1_982' title='bbox 1179 5720 1274 5756; x_wconf 80' lang='lat' dir='ltr'><em>uno</em></span> <span class='ocrx_word' id='word_1_983' title='bbox 1309 5706 1421 5759; x_wconf 64' lang='lat' dir='ltr'><em>C0212</em></span> <span class='ocrx_word' id='word_1_984' title='bbox 1448 5744 1461 5768; x_wconf 87' lang='lat'><em>,</em></span> <span class='ocrx_word' id='word_1_985' title='bbox 1487 5709 1731 5771; x_wconf 65' lang='grc' dir='ltr'><em>βούλεσθαι</em></span> <span class='ocrx_word' id='word_1_986' title='bbox 1776 5708 1907 5761; x_wconf 65' lang='lat' dir='ltr'><em>lim.</em></span> 
     </span>
    </p>
   </div>
   <div class='ocr_carea' id='block_1_121' title="bbox 2100 5434 2572 5506">
    <p class='ocr_par' dir='ltr' id='par_1_121' title="bbox 2100 5434 2572 5506">
     <span class='ocr_line' id='line_1_121' title="bbox 2100 5434 2572 5506; baseline 0.002 -18"><span class='ocrx_word' id='word_1_987' title='bbox 2100 5434 2330 5489; x_wconf 84' lang='grc' dir='ltr'><em>αἰώνων.</em></span> <span class='ocrx_word' id='word_1_988' title='bbox 2380 5435 2572 5506; x_wconf 76' lang='grc' dir='ltr'><em>Ἀμην.</em></span> 
     </span>
    </p>
   </div>
   <div class='ocr_carea' id='block_1_122' title="bbox 2156 5642 3660 5708">
    <p class='ocr_par' dir='ltr' id='par_1_122' title="bbox 2156 5642 3660 5708">
     <span class='ocr_line' id='line_1_122' title="bbox 2156 5642 3660 5708; baseline -0.001 -13"><span class='ocrx_word' id='word_1_989' title='bbox 2156 5642 2184 5683; x_wconf 67' lang='grc' dir='ltr'>δ</span> <span class='ocrx_word' id='word_1_990' title='bbox 2209 5646 2297 5695; x_wconf 81' lang='lat' dir='ltr'><em>Hic</em></span> <span class='ocrx_word' id='word_1_991' title='bbox 2318 5647 2417 5695; x_wconf 84' lang='lat' dir='ltr'><em>alio</em></span> <span class='ocrx_word' id='word_1_992' title='bbox 2437 5648 2580 5708; x_wconf 75' lang='lat' dir='ltr'><strong>modo</strong></span> <span class='ocrx_word' id='word_1_993' title='bbox 2597 5647 2778 5706; x_wconf 67' lang='lat' dir='ltr'><em>legisse</em></span> <span class='ocrx_word' id='word_1_994' title='bbox 2803 5642 2994 5693; x_wconf 71' lang='lat' dir='ltr'><em>:idetur</em></span> <span class='ocrx_word' id='word_1_995' title='bbox 3027 5648 3273 5708; x_wconf 73' lang='lat' dir='ltr'><em>interpres</em></span> <span class='ocrx_word' id='word_1_996' title='bbox 3313 5644 3511 5695; x_wconf 70' lang='lat' dir='ltr'><em>Latinus</em></span> <span class='ocrx_word' id='word_1_997' title='bbox 3533 5644 3660 5697; x_wconf 76' lang='lat' dir='ltr'><em>Ber-</em></span> 
     </span>
    </p>
   </div>
   <div class='ocr_carea' id='block_1_123' title="bbox 2097 5707 3038 5771">
    <p class='ocr_par' dir='ltr' id='par_1_123' title="bbox 2097 5707 3038 5771">
     <span class='ocr_line' id='line_1_123' title="bbox 2097 5707 3038 5771; baseline 0.001 -14"><span class='ocrx_word' id='word_1_998' title='bbox 2097 5717 2257 5769; x_wconf 75' lang='lat' dir='ltr'><em>\c:us,</em></span> <span class='ocrx_word' id='word_1_999' title='bbox 2280 5710 2364 5771; x_wconf 81' lang='lat' dir='ltr'><em>qui</em></span> <span class='ocrx_word' id='word_1_1000' title='bbox 2391 5708 2492 5757; x_wconf 58' lang='lat' dir='ltr'><em>ba:</em></span> <span class='ocrx_word' id='word_1_1001' title='bbox 2515 5707 2709 5757; x_wconf 68' lang='lat' dir='ltr'><em>diverse</em></span> <span class='ocrx_word' id='word_1_1002' title='bbox 2738 5707 3038 5758; x_wconf 73' lang='lat' dir='ltr'><em>enuntiabal.</em></span> 
     </span>
    </p>
   </div>
  </div>
