4064 6210
356 268 458 325 337

356 378 587 441 dicebat,
616 367 755 440 Quid
786 365 914 422 mihi
956 376 1090 434 opus
1133 371 1210 416 est
1250 359 1547 429 precibus?
1587 358 1795 413 etiamsi
1842 356 1929 426 qui

360 465 715 540 precabantur
741 473 846 514 non
875 461 1058 511 essent
1084 451 1178 506 illo
1205 450 1371 519 digni,
1398 449 1503 503 imo
1535 462 1661 502 vero
1691 462 1756 501 ne
1778 461 1935 516 pares

357 537 570 630 quidem
602 570 616 607 :
646 560 703 606 et
729 558 786 604 tu
824 546 981 609 dicis,
1012 542 1149 612 Quid
1181 541 1309 595 mihi
1350 555 1482 609 opus
1525 547 1610 594 est
1635 538 1884 630 precibus
1915 537 1938 590 ?

362 629 548 707 Petrus
570 658 678 699 non
694 640 847 705 dixit,
872 636 1012 704 Quid
1034 635 1162 690 mihi
1187 648 1321 704 opus
1338 642 1420 687 est
1442 630 1720 702 precibus?
1746 629 1929 683 Oratio

359 741 524 802 enim,
556 734 750 804 inquit,
783 731 938 801 ﬁebat
981 729 1089 782 sine
1114 726 1480 780 intermissione
1509 723 1570 777 ab
1602 722 1829 776 Ecclesia
1872 722 1939 774 ad

365 832 526 886 Deum
560 843 653 898 pro
680 842 743 879 eo
775 824 792 893 (
818 824 929 876 Aet.
965 820 1052 875 12.
1084 820 1118 874 5
1145 819 1163 888 )
1197 835 1209 871 :
1251 827 1306 872 et
1347 824 1404 871 tu
1441 816 1575 871 dicis
1597 858 1615 885 ,
1646 814 1780 883 Quid
1812 812 1939 868 mihi

363 935 500 993 opus
528 928 611 974 est
643 915 888 987 precibus
917 912 940 965 ?
965 911 1250 979 Propterea
1284 908 1375 963 tibi
1401 921 1535 975 opus
1562 915 1663 970 est,
1691 905 1942 975 quoniam

364 1010 643 1066 existimas
671 1017 721 1060 te
750 1019 856 1058 non
903 1016 1037 1071 Opus
1075 1000 1292 1053 habere.
1343 996 1559 1051 Etiamsi
1604 995 1767 1051 fueris
1806 996 1944 1049 sicut

346 1078 586 1163 ratius,
616 1109 751 1166 opus
779 1093 943 1147 habes
974 1090 1236 1159 precibus.
1262 1087 1339 1142 Ne
1371 1096 1422 1141 te
1441 1087 1688 1150 extollas,
1722 1099 1788 1140 ne
1816 1083 1943 1139 red-

366 1192 513 1246 daris
539 1186 778 1243 humilis.
813 1182 919 1238 Sed
939 1223 953 1247 ,
990 1190 1047 1235 ut
1075 1179 1206 1245 dixi,
1239 1179 1284 1233 si
1316 1179 1483 1233 simus
1510 1177 1725 1247 quidem
1753 1177 1943 1231 intenti

367 1281 537 1353 operi.
562 1293 752 1350 preces
780 1291 876 1346 pro
907 1273 1059 1328 nobis
1087 1271 1298 1326 emissae
1323 1270 1530 1340 juvant.
1556 1268 1690 1323 Audi
1724 1267 1943 1322 Paulum

370 1374 630 1428 dicentem
665 1386 679 1423 :
706 1367 830 1424 Scio
851 1366 981 1419 enim
1007 1363 1142 1434 quod
1161 1362 1257 1415 hoc
1276 1360 1400 1414 milii
1429 1359 1681 1428 proveniet
1710 1359 1778 1412 ad
1804 1358 1942 1413 salu-

371 1472 469 1516 tem
490 1477 578 1531 per
596 1468 809 1512 vestram
829 1455 1107 1509 orationem
1126 1462 1170 1505 et
1187 1449 1698 1504 subministrationem
1722 1449 1948 1519 Spiritus

371 1554 493 1608 Jesu
521 1549 708 1607 Christi
740 1551 757 1616 (
787 1546 1018 1615 Philipp.
1061 1545 1114 1599 1.
1152 1541 1221 1599 19
1255 1543 1313 1612 );
1360 1550 1415 1597 et
1449 1556 1656 1606 rursus,
1684 1540 1948 1611 Adjuvan-

373 1645 505 1699 tibvs
555 1653 602 1697 et
649 1641 785 1696 vobis
838 1639 893 1692 in
942 1637 1170 1690 oratione
1220 1650 1312 1705 pro
1364 1633 1526 1688 nobis.
1559 1631 1628 1688 Ut
1673 1648 1736 1686 ea:
1780 1631 1948 1686 multis

377 1733 605 1800 personis
645 1733 756 1801 ejus
797 1744 910 1800 qua:
949 1729 1001 1780 in
1032 1726 1174 1779 nobis
1216 1733 1287 1779 est
1316 1723 1601 1777 donationis
1638 1738 1726 1791 per
1767 1720 1951 1775 multos

376 1825 555 1895 gratim
579 1831 794 1892 agantur
819 1834 910 1887 pro
939 1816 1081 1870 nobis
1108 1818 1124 1883 (
1153 1816 1207 1868 2.
1241 1814 1358 1867 Cor.
1386 1815 1436 1869 1.
1468 1810 1587 1884 11).
1616 1813 1684 1866 Ει
1708 1821 1760 1866 tu
1791 1811 1948 1875 dicis,

381 1913 523 1979 Quid
553 1912 679 1966 mihi
708 1923 841 1979 opus
864 1919 943 1963 est
967 1905 1247 1961 oratione?
1274 1904 1366 1958 Sin
1396 1910 1569 1957 autem
1597 1902 1764 1956 simus
1793 1900 1948 1971 pigri,

382 2017 542 2059 neuio
583 2001 731 2056 nobis
758 2000 1010 2070 prodesse
1058 1996 1273 2066 poterit.
1302 1994 1437 2061 Quid
1466 1993 1659 2063 profuit
1694 1992 1952 2049 Jeremias

380 2093 619 2151 Jndieis?
648 2106 825 2146 nonne
853 2100 932 2143 ter
959 2087 1025 2142 ad
1059 2087 1223 2141 Deum
1249 2086 1495 2151 accessit,
1526 2095 1580 2139 et
1603 2093 1683 2139 ter
1707 2084 1908 2139 audivit
1937 2094 1953 2139 ξ

382 2185 464 2240 Ne
492 2183 705 2255 preceris
732 2197 822 2235 nec
844 2195 987 2249 roges
1016 2194 1107 2248 pro
1133 2177 1319 2246 papula
1344 2178 1437 2229 isto
1462 2216 1478 2243 ,
1510 2176 1746 2246 quoniam
1775 2191 1877 2227 non
1910 2183 1956 2226 te

379 2274 646 2331 mudiam
673 2274 692 2341 (
715 2271 824 2324 Jer.
857 2271 909 2323 7.
941 2269 1006 2323 16
1030 2266 1096 2340 )?
1123 2266 1260 2333 Quid
1286 2266 1432 2320 Sauli
1465 2266 1662 2334 profuit
1686 2263 1900 2319 Samuel
1928 2263 1951 2315 ?

382 2380 558 2421 nonne
585 2379 708 2418 cum
731 2360 865 2415 luxit
885 2374 1051 2430 usque
1069 2358 1135 2412 ad
1157 2365 1452 2412 extremum
1475 2354 1639 2416 diem.
1669 2369 1765 2408 nec
1785 2353 1953 2406 solum

381 2473 479 2527 pro
516 2473 581 2512 eo
610 2454 781 2509 oravit
809 2454 833 2507 ‘l
860 2452 995 2519 Quid
1041 2450 1237 2521 profuit
1266 2448 1520 2503 lsraelitis
1549 2448 1573 2499 ’ἶ
1604 2459 1781 2500 nonne
1808 2444 1955 2499 diee-

382 2549 513 2612 bat,
571 2545 711 2599 Absit
756 2552 809 2597 ut
860 2559 1057 2613 peccem
1103 2539 1438 2594 intermittens
1486 2552 1633 2590 orare
1683 2551 1773 2605 pro
1822 2535 1959 2587 vobis

383 2640 460 2709 (I.
494 2636 621 2707 Reg.
647 2637 735 2691 12.
761 2635 893 2702 23)?
919 2648 1094 2687 nonne
1116 2645 1304 2685 omnes
1332 2627 1642 2699 perierunt?
1668 2626 1807 2680 Nihil
1831 2641 1957 2695 ergo

384 2735 629 2800 prosunt,
677 2725 902 2794 inquies,
943 2721 1175 2792 preces?
1207 2720 1317 2774 lmo
1347 2733 1474 2773 vero
1514 2717 1667 2772 valde
1698 2724 1954 2786 prosunt;

383 2822 478 2877 sed
516 2817 729 2891 quando
772 2830 870 2871 nos
910 2828 1120 2884 quoque
1148 2810 1350 2881 aliquid
1378 2810 1622 2880 agimus:
1654 2823 1775 2862 nam
1801 2807 1958 2862 simul

383 2921 549 2983 agunt
574 2924 759 2981 preces
779 2917 834 2963 et
856 2921 1013 2976 opem
1042 2906 1219 2960 ferunt
1251 2921 1266 2957 :
1290 2902 1447 2957 simul
1476 2912 1653 2956 autem
1676 2900 1785 2971 agit
1814 2898 1961 2970 quis-

388 3005 529 3076 piam
570 3013 624 3059 et
648 3017 806 3071 Opem
834 2999 941 3054 fert
969 2998 1018 3053 ei
1048 2997 1136 3067 qui
1181 2997 1293 3065 ipse
1332 3002 1629 3064 operatur;
1670 2994 1751 3047 sin
1782 3001 1957 3045 autem

388 3110 605 3152 maneas
634 3095 782 3165 piger
808 3103 862 3148 et
884 3091 1112 3156 otiosus,
1134 3105 1198 3144 ex
1219 3088 1296 3143 eis
1325 3101 1431 3140 non
1456 3099 1702 3156 magnam
1731 3084 1961 3154 accipies

389 3186 688 3240 utilitatem.

457 3277 514 3331 ι.
553 3274 683 3328 Nam
726 3276 771 3327 si
804 3270 1041 3327 valerent
1070 3283 1256 3340 preces
1287 3282 1386 3322 nos
1413 3266 1613 3322 otiosos
1642 3266 1695 3321 in
1737 3281 1958 3336 regnum

390 3367 746 3429 introducere,
789 3380 884 3420 cur
918 3378 1024 3418 non
1050 3377 1235 3417 omnes
1262 3359 1433 3416 Graeci
1463 3360 1596 3415 liunt
1621 3357 1911 3414 Christiani
1940 3356 1964 3410 ?

391 3475 567 3515 nonne
592 3470 810 3513 oramus
852 3470 949 3525 pro
976 3462 1086 3508 toto
1114 3452 1316 3507 mmnlo
1344 3453 1367 3505 ?
1407 3467 1584 3506 nonne
1612 3451 1713 3505 hoc
1751 3464 1965 3519 quoque

391 3548 614 3605 faciebat
642 3547 873 3602 Paulus?
899 3560 1073 3600 nonne
1092 3558 1338 3614 rogamus
1361 3553 1418 3597 ut
1439 3556 1624 3596 omnes
1649 3550 1964 3595 convertan-

392 3652 479 3694 tur
504 3639 528 3692 ?
552 3638 647 3693 Dic
674 3637 839 3702 enim,
868 3651 963 3690 cur
990 3634 1113 3688 mali
1160 3649 1265 3688 non
1312 3633 1445 3688 ﬁunt
1485 3634 1606 3688 boni
1627 3634 1651 3686 ’ἔ
1677 3647 1877 3696 annon,
1912 3644 1965 3685 ut

393 3730 566 3799 palam
597 3738 718 3792 est,
766 3726 889 3797 quia
921 3726 1053 3780 nihil
1092 3735 1315 3795 possunt
1343 3740 1407 3779 ex
1440 3739 1498 3778 se
1525 3724 1717 3778 aﬂ‘erre
1745 3725 1769 3775 τ
1802 3721 1965 3778 Valde

392 3835 522 3890 ergo
561 3827 785 3889 prosunt
817 3832 1035 3887 preces,
1081 3832 1201 3870 cum
1236 3831 1332 3870 nos
1371 3829 1583 3886 quoque
1609 3829 1638 3869 a
1668 3814 1821 3870 nobis
1849 3828 1967 3882 qua:

391 3918 518 3966 sunt
557 3920 740 3967 nostra
779 3907 1133 3964 attulerimus.
1168 3906 1260 3961 Vis
1295 3907 1431 3961 scire
1468 3917 1720 3976 quantum
1764 3905 1968 3975 prosint

395 4002 626 4070 preces?
666 4001 841 4071 cogita
870 3997 1208 4062 Cornelium,
1237 3996 1519 4052 Tabitham
1549 3999 1697 4065 (Act.
1728 3998 1814 4053 l0.
1841 3998 1893 4052 5.
1922 4005 1968 4052 et

393 4096 448 4151 9.
481 4093 607 4163 36);
638 4091 760 4146 audi
787 4092 947 4147 etiam
977 4089 1232 4145 Jacobum
1265 4088 1528 4144 dicentem
1556 4088 1771 4144 Labano
1802 4107 1817 4143 :
1850 4087 1970 4142 Nisi

393 4192 546 4244 timor
586 4188 744 4258 patris
782 4186 877 4241 mei
917 4194 1040 4240 esset
1074 4185 1232 4250 mihi,
1282 4199 1492 4237 vacuum
1534 4199 1612 4236 me
1649 4182 1920 4236 dimisisses
1953 4196 1971 4235 :

394 4281 522 4336 audi
555 4281 722 4334 Deum
761 4292 969 4347 quoque
998 4292 1181 4331 rursus
1211 4274 1499 4337 dicentem,
1542 4272 1815 4342 Protegum
1842 4272 1972 4327 hanc

394 4374 648 4428 civitatem
685 4378 890 4442 propter
918 4385 1016 4435 me,
1049 4377 1095 4422 et
1145 4376 1347 4438 propter
1376 4366 1546 4419 David
1571 4381 1767 4418 servum
1805 4381 1967 4419 meum

397 4460 555 4532 (Gen.
582 4462 670 4516 51.
691 4459 784 4515 42.
826 4459 878 4514 1.
903 4459 1028 4528 Reg.
1058 4457 1145 4513 19.
1170 4458 1282 4529 54).
1302 4456 1406 4512 Sed
1433 4454 1684 4526 quando?
1713 4455 1976 4523 Tempore

401 4552 648 4609 Ezechiae
664 4552 754 4619 qui
778 4560 892 4605 erat
917 4549 1113 4619 justus.
1137 4548 1267 4603 Nam
1291 4548 1335 4603 si
1353 4547 1593 4602 valerent
1614 4560 1799 4616 preces
1817 4546 1972 4601 etiam

404 4646 647 4713 tempore
675 4640 827 4695 valde
856 4640 1242 4696 sceleratorum
1266 4679 1281 4700 ,
1311 4653 1408 4693 cur
1437 4653 1542 4692 non
1573 4637 1734 4693 etiam
1763 4637 1977 4707 quando

403 4735 550 4790 venit
579 4732 1068 4787 Nabuchodonosor
1088 4771 1102 4794 ,
1136 4729 1239 4785 hoc
1266 4728 1397 4784 dixit
1428 4729 1566 4784 Dens
1590 4770 1606 4795 ,
1638 4728 1733 4783 sed
1763 4727 1974 4783 tradidit

405 4796 724 4878 civithtem?
771 4821 1032 4888 Quoniam
1082 4821 1199 4890 plus
1247 4819 1409 4872 valuit
1453 4822 1627 4873 scelus
1671 4828 1726 4873 et
1771 4819 1976 4874 vitium.

410 4914 613 4967 Itur-sus
642 4913 756 4982 ipse
782 4913 997 4968 Samuel
1027 4911 1201 4966 omvit
1224 4925 1320 4980 pro
1352 4911 1625 4977 lsraelitis,
1648 4920 1698 4965 et
1727 4912 1980 4979 impetra-

411 5003 522 5068 vit;
544 5002 636 5058 sed
662 5002 917 5073 quando?
940 5001 1163 5070 Quando
1193 5001 1293 5070 ipsi
1313 5016 1523 5071 quoque
1544 5001 1654 5057 Deo
1680 5001 1813 5071 grati
1832 5009 1986 5055 erant

412 5108 466 5151 et
494 5099 720 5166 accepti,
754 5108 877 5153 tunc
903 5096 1100 5165 fugavit
1131 5094 1396 5150 inimicos.
1438 5095 1506 5149 Et
1544 5095 1669 5165 quid
1700 5108 1857 5164 opus,
1891 5095 1970 5148 itt-

416 5189 548 5258 quit,
577 5189 798 5245 alterius
821 5190 1092 5260 precibus,
1115 5190 1331 5260 quando
1360 5205 1459 5258 ego
1484 5189 1593 5242 Deo
1623 5203 1739 5242 sum
1767 5188 1985 5258 gratus?

418 5279 495 5335 Ne
524 5281 627 5335 hoc
653 5296 903 5348 umquam
932 5281 1131 5336 dixeris
1151 5320 1166 5344 ,
1199 5295 1232 5334 o
1261 5279 1443 5335 homo.
1475 5280 1620 5349 Opus
1646 5288 1727 5334 est
1751 5288 1805 5333 et
1836 5276 1987 5331 valde

417 5385 553 5437 (qius
579 5376 664 5424 est
685 5368 867 5424 multis
895 5371 1142 5438 precibus
1167 5388 1181 5424 :
1210 5370 1333 5425 audi
1360 5370 1501 5425 enim
1531 5370 1703 5424 Deum
1725 5370 1988 5424 dicentem

415 5460 487 5515 de
513 5460 699 5515 amicis
726 5459 847 5517 Jubi
880 5476 893 5513 :
924 5459 988 5513 Et
1009 5460 1190 5525 orabit,
1221 5461 1411 5531 inquit,
1445 5479 1536 5532 pro
1565 5461 1722 5522 vobis,
1750 5470 1793 5513 et
1818 5461 1995 5513 dintitn

417 5560 548 5607 tetur
572 5553 707 5606 vobis
737 5562 990 5621 peccatum
1023 5553 1040 5621 (
1069 5551 1167 5605 Job
1194 5553 1282 5606 42.
1306 5552 1361 5623 8)
1389 5570 1402 5619 ;
1433 5553 1682 5623 quoniam
1707 5560 1990 5623 peccaram

419 5644 661 5715 quidem,
689 5644 781 5701 sed
805 5661 907 5701 non
936 5659 1183 5716 magnum
1207 5644 1531 5702 admiserant
1560 5640 1851 5717 peccatum.
1885 5643 1991 5700 Sed

1203 248 1266 304 IN
1304 246 1519 303 EPIST.
1562 245 1578 299 l
1643 245 1733 299 AD
1771 241 2100 319 TllESSAL.
2140 239 2291 296 CAP.
2334 241 2370 294 Ι.
2414 240 2641 296 HOMIL.
2686 242 2724 296 l.

3503 239 3608 296 598

2044 353 2131 409 hic
2163 355 2273 423 ipse
2291 355 2490 426 justus,
2514 356 2601 425 qui
2631 370 2721 424 per
2749 370 2934 425 preces
2960 368 3086 412 tunc
3114 355 3315 412 amicos
3342 371 3471 411 suos
3495 373 3611 410 ser-

2042 448 2202 508 vavit.
2235 448 2288 502 in
2320 458 2557 517 tempore
2581 446 2802 502 Judaico
2828 463 2933 503 non
2969 451 3136 518 potuit
3160 464 3377 505 servare
3400 448 3614 504 Judzeos

2043 548 2348 609 pereuntes.
2379 540 2444 594 Et
2470 549 2527 593 ut
2554 539 2603 593 id
2645 541 2783 595 scias
2803 582 2818 604 ,
2851 542 2974 596 audi
3015 542 3183 596 Deum
3212 542 3480 597 dicentem
3522 556 3611 610 per

2045 629 2354 698 prOphetam
2391 648 2404 685 :
2445 629 2504 686 Si
2533 633 2718 686 steterit
2752 631 2898 697 Noe,
2940 642 2984 686 et
3025 632 3124 687 Job
3144 676 3159 700 ,
3191 643 3234 688 et
3262 633 3478 696 Daniel,
3508 649 3608 684 non
3630 666 3649 691 ι,

2043 720 2253 789 eripient
2294 720 2427 788 ﬁlios
2466 738 2584 776 suos
2609 730 2654 775 et
2679 722 2833 789 filius,
2864 724 3097 792 quoniam
3142 724 3402 794 praevaluit
3443 724 3615 776 vitium

2046 809 2256 881 (Ezeclt.
2292 812 2376 866 1-1.
2412 813 2498 880 id)
2525 828 2538 876 ;
2568 822 2619 866 et
2649 830 2855 881 rursus,
2889 816 2949 868 Si
2978 817 3163 868 steterit
3196 816 3415 886 Moyses,
3440 828 3485 869 et
3510 815 3613 870 Sa-

2044 900 2179 953 muel
2204 899 2333 970 (Jcr.
2360 901 2446 958 15.
2473 899 2546 973 1).
2571 902 2637 957 Et
2655 904 2773 958 vide
2795 906 3059 972 quomodo
3077 905 3177 960 hoc
3197 906 3391 960 dicitur
3409 905 3619 960 duobus

2047 991 2320 1059 prOphetis
2354 1009 2366 1045 :
2396 994 2646 1062 quoniam
2705 994 2863 1048 ambo
2918 1010 3014 1063 pro
3056 996 3187 1063 ipsis
3237 1005 3523 1066 rogaram,
3566 1008 3619 1048 rt

2046 1095 2150 1134 non
2183 1091 2335 1136 erant
2363 1084 2652 1153 assequuti.
2696 1086 2831 1140 Dicit
2860 1088 3002 1141 etiim
3034 1086 3307 1151 Ezechiel,
3343 1086 3443 1141 Hei
3471 1089 3617 1152 mihi,

2047 1173 2265 1228 Domine
2289 1175 2311 1228 .'
2347 1175 2482 1229 deles
2534 1185 2587 1229 tu
2625 1177 2864 1246 reliquias
2914 1176 3122 1232 lsraelis
3159 1179 3387 1250 (Ezerh.
3434 1178 3488 1233 9.
3520 1178 3617 1249 8).

2051 1263 2249 1319 Deinde
2274 1267 2562 1321 ostendens
2593 1268 2730 1323 Deus
2756 1269 2898 1339 quod
2927 1269 3027 1324 hoc
3047 1270 3187 1338 juste
3208 1270 3381 1335 faciat,
3413 1286 3512 1325 nec
3537 1270 3620 1342 ip-

2049 1368 2167 1409 sum
2196 1355 2494 1427 despiciat,
2528 1372 2648 1412 cum
2689 1360 3047 1428 precationem
3089 1359 3204 1429 ejus
3246 1376 3350 1415 non
3387 1362 3617 1430 excipit,

2050 1448 2284 1518 ipsorum
2311 1461 2524 1519 peccata
2554 1452 2654 1521 ipsi
2678 1451 2933 1517 declarat,
2957 1468 3018 1507 ac
3040 1453 3083 1507 si
3110 1453 3313 1507 diceret
3341 1470 3355 1506 :
3386 1453 3509 1507 Haec
3530 1468 3625 1522 per

2051 1552 2111 1617 se
2138 1539 2267 1594 satis
2295 1550 2417 1595 sunt
2448 1552 2500 1595 ut
2529 1541 2620 1595 tibi
2644 1542 2999 1612 persuadeant
3022 1558 3126 1610 me,
3153 1560 3257 1598 non
3287 1543 3425 1614 quod
3456 1554 3505 1598 te
3529 1544 3625 1599 dc-

2051 1629 2271 1698 Spiciam
2293 1672 2307 1695 ,
2336 1632 2428 1685 sed
2460 1632 2528 1687 ob
2555 1642 2770 1702 peccata
2802 1633 3060 1703 ipsorum,
3095 1650 3199 1689 non
3225 1645 3496 1704 acceptam
3526 1634 3625 1689 ha-

2053 1719 2179 1775 bere
2210 1723 2650 1791 supplicationem
2698 1743 2712 1779 :
2756 1725 2849 1781 sed
2880 1736 3057 1782 tamen
3085 1728 3356 1798 subjungit
3385 1737 3439 1782 et
3462 1728 3625 1791 dicit,

2055 1812 2114 1867 Si
2144 1816 2329 1867 steterit
2355 1813 2487 1882 Noe,
2519 1824 2565 1868 et
2590 1813 2711 1882 Job,
2735 1824 2782 1869 et
2805 1815 2993 1870 Daniel
3021 1827 3116 1872 :et
3142 1819 3334 1873 merito
3358 1820 3429 1873 illi
3458 1820 3629 1889 magis

2061 1905 2173 1958 hare
2217 1904 2379 1968 dicit,
2414 1907 2662 1973 quoniam
2695 1907 2809 1976 ipse
2850 1918 2931 1962 est
2973 1907 3174 1978 quiest
3204 1910 3367 1964 multa
3415 1925 3624 1979 passus.

2057 1995 2262 2058 Dixisti,
2296 1995 2485 2065 inquit,
2515 1996 2647 2050 mihi
2677 2005 2732 2050 ut
2752 2012 2912 2067 super
2931 2008 3166 2054 stercora
3194 1999 3551 2064 comederem,
3575 2011 3631 2055 et

2055 2084 2261 2139 eomedi
2287 2102 2300 2150 ;
2328 2085 2508 2140 dixisti
2539 2096 2594 2141 ut
2622 2101 2708 2142 me
2747 2086 2992 2142 raderem
3020 2129 3036 2155 ,
3065 2098 3118 2144 et
3145 2105 3260 2143 sum
3294 2105 3448 2145 rasus
3473 2106 3488 2156 ;
3515 2091 3628 2159 jus-

2057 2175 2203 2238 sisti,
2231 2183 2284 2229 et
2308 2175 2534 2229 dormivi
2565 2190 2726 2246 super
2759 2192 2919 2230 unum
2948 2176 3085 2231 latus
3112 2194 3125 2241 ;
3149 2177 3353 2248 jussisti
3381 2190 3628 2233 onustum

2058 2267 2205 2321 exire
2228 2282 2320 2336 per
2342 2265 2602 2332 foramen,
2622 2276 2675 2323 et
2695 2268 2829 2332 exii;
2848 2269 3095 2338 accepisti
3116 2285 3340 2324 uxorem
3364 2286 3557 2335 meum,
3578 2281 3632 2326 et

2061 2357 2361 2427 princepisti
2389 2357 2517 2411 mihi
2541 2374 2607 2412 ne
2627 2358 2886 2429 lugerem,
2914 2368 2969 2413 et
2994 2375 3098 2414 non
3123 2359 3251 2427 luxi,
3275 2360 3368 2415 sed
3400 2360 3493 2414 tuli
3523 2364 3633 2415 for-

2061 2447 2184 2501 titer
2208 2466 2221 2500 :
2244 2447 2642 2501 innumerabilia
2663 2448 2765 2503 alia
2782 2448 2879 2504 feci
2905 2458 3117 2519 propter
3138 2449 3312 2521 ipsos;
3341 2460 3394 2507 et
3418 2466 3517 2522 ego
3538 2466 3635 2521 pro

2061 2537 2188 2606 ipsis
2211 2545 2262 2591 te
2285 2552 2433 2607 rogo,
2460 2553 2556 2591 nec
2582 2537 2845 2592 exaudis?
2872 2537 2941 2593 Ut
2964 2539 3212 2593 ostendat
3239 2556 3365 2610 ergo
3390 2541 3532 2596 Deus
3551 2556 3631 2606 se,

2062 2642 2169 2680 non
2200 2627 2338 2696 quod
2371 2628 2545 2696 ipsum
2572 2636 2880 2681 contemnat
2910 2627 2961 2682 id
2989 2629 3162 2684 facere
3186 2670 3201 2694 ,
3231 2629 3362 2685 dicit
3390 2648 3404 2684 :
3430 2630 3492 2685 Si
3518 2629 3635 2685 Noe

2061 2729 2107 2773 et
2126 2717 2226 2773 Job
2254 2728 2299 2772 et
2320 2717 2503 2772 Daniel
2523 2735 2615 2790 pro
2637 2720 2757 2789 ﬁliis
2782 2730 2827 2773 et
2854 2720 3056 2788 ﬁliabus
3083 2722 3354 2787 oraverint,
3384 2739 3486 2777 non
3515 2741 3633 2793 per-

2062 2812 2293 2866 suadeor.
2324 2811 2569 2867 Jercmia:
2595 2827 2805 2883 quoque
2829 2812 2916 2882 qui
2949 2805 3193 2882 pauciora
3225 2814 3436 2885 quidem
3469 2817 3635 2885 patie-

2063 2902 2218 2957 batur
2249 2919 2278 2958 a
2324 2904 2416 2959 Dei
2460 2904 2655 2974 jussis,
2703 2905 2851 2974 plura
2897 2915 3074 2960 autem
3117 2906 3185 2961 ab
3216 2922 3400 2963 eorum
3428 2909 3556 2963 vitio
3581 2919 3636 2965 et

2063 2995 2283 3062 scelere,
2312 2994 2437 3065 quid
2466 2995 2636 3050 dicit?
2658 2995 2838 3049 Annon
2864 2996 2999 3050 vides
3023 2997 3147 3067 quid
3171 2998 3250 3052 isti
3272 2999 3466 3069 faciunt
3495 2999 3630 3068 (Jer.

2066 3089 2115 3141 7.
2146 3088 2256 3158 17-)
2282 3088 2305 3141 ?
2331 3087 2515 3151 Certe,
2547 3088 2750 3157 inquit,
2794 3088 3023 3156 faciunt,
3052 3089 3144 3144 sed
3166 3089 3248 3146 fac
3278 3102 3496 3161 propter
3526 3110 3631 3148 me.

2066 3178 2352 3248 Propterea
2396 3178 2526 3232 dicit
2569 3179 2667 3233 ei:
2702 3177 2764 3232 Si
2808 3179 2997 3232 steterit
3042 3177 3246 3250 Moyses
3285 3191 3331 3235 et
3377 3181 3588 3237 Samuel
3615 3199 3635 3237 :

2066 3267 2307 3338 Moyses,
2350 3268 2555 3338 primus
2598 3269 2886 3338 legislator,
2929 3269 3018 3338 qui
3045 3284 3188 3339 saepe
3218 3272 3363 3341 ipsos
3388 3274 3635 3342 ét'ipttila

2067 3359 2332 3429 periculis,
2361 3359 2447 3427 qui
2477 3357 2628 3423 dixit,
2659 3358 2721 3414 Si
2748 3359 2969 3412 dimittas
2997 3361 3198 3429 quidem
3249 3373 3528 3432 peccatum,
3558 3365 3639 3418 di-

2067 3453 2206 3506 mitte
2231 3469 2249 3515 ;
2289 3451 2368 3505 sin
2398 3451 2589 3516 minus,
2618 3466 2697 3504 nte
2725 3467 2920 3521 quoque
2948 3451 3057 3505 dele
3083 3451 3277 3522 (Exod.
3319 3456 3405 3510 51.
3438 3456 3552 3525 52).
3583 3456 3639 3512 Si

2070 3542 2155 3597 hic
2182 3557 2309 3611 ergo
2337 3556 2475 3595 nunc
2500 3549 2663 3606 esset,
2694 3551 2748 3596 et
2778 3541 2892 3596 haec
2913 3542 3130 3607 diceret,
3164 3559 3270 3599 non
3295 3546 3636 3615 impetraret:

2069 3644 2124 3690 et
2150 3634 2193 3689 si
2228 3647 2412 3688 rursus
2436 3633 2672 3699 Samuel,
2698 3635 2785 3704 qui
2815 3635 2929 3705 ipse
2954 3651 3166 3705 quoque
3191 3651 3284 3692 eos
3305 3636 3520 3706 eripuit,
3548 3638 3640 3708 qui

2069 3724 2137 3779 ab
2164 3724 2381 3778 ineunte
2411 3732 2567 3778 tetate
2599 3723 2810 3779 habitus
2836 3726 2931 3778 fuit
2964 3726 3013 3779 in
3043 3725 3416 3781 admiratione.
3449 3728 3524 3782 De
3554 3729 3643 3784 illo

2069 3815 2210 3870 enim
2257 3814 2383 3880 dixi,
2416 3814 2556 3885 quod
2601 3822 2867 3886 tamquam
2912 3818 3116 3872 amicus
3158 3832 3277 3871 cum
3325 3818 3500 3872 amico
3542 3819 3642 3872 sim

2072 3908 2348 3979 loquutus,
2377 3918 2431 3963 et
2458 3925 2561 3962 non
2590 3923 2684 3977 per
2708 3910 2990 3977 aenigmata
3024 3928 3037 3965 :
3081 3909 3147 3965 de
3178 3911 3280 3967 hoc
3308 3920 3483 3966 autem
3511 3912 3643 3979 dixi,

2074 4017 2158 4056 me
2176 4002 2226 4056 in
2250 4000 2415 4073 prima
2439 4009 2593 4054 mtate
2618 4000 2665 4054 ei
2691 4000 2861 4054 visum
2889 4015 3026 4066 esse,
3054 4009 3108 4056 et
3133 4001 3200 4056 ab
3225 4002 3338 4071 ipso
3361 4003 3644 4072 placatum,

2074 4092 2341 4148 exclusam
2384 4090 2661 4160 aperuisse
2704 4092 3056 4160 prophetiam.
3090 4090 3290 4145 Etenim
3313 4094 3535 4160 verbum,
3568 4096 3649 4148 in-

2074 4184 2208 4252 quit,
2232 4191 2341 4236 erat
2371 4181 2642 4251 pretiosum
2662 4195 2682 4245 ;
2705 4191 2749 4234 et
2772 4197 2871 4233 non
2899 4191 3005 4234 erat
3026 4181 3148 4235 visio
3164 4182 3400 4235 distincta
3422 4185 3494 4252 (1.
3515 4182 3644 4254 Reg.

2075 4273 2130 4327 5.
2166 4273 2188 4326 1
2216 4270 2259 4341 ).
2305 4271 2360 4326 Si
2393 4271 2478 4325 isti
2505 4285 2636 4347 ergo
2679 4271 2924 4324 steterint
2948 4311 2964 4338 ,
2998 4270 3129 4325 nihil
3161 4273 3459 4340 proficient.
3487 4274 3552 4330 Et
3582 4276 3652 4331 de

2078 4363 2190 4419 Noe
2215 4363 2363 4429 dicit,
2390 4363 2571 4416 Justus
2598 4365 2849 4434 perfectus
2872 4361 2925 4415 in
2950 4364 3271 4434 generatione
3295 4382 3387 4419 sua
3406 4377 3514 4420 erat
3536 4366 3589 4421 Ν
3593 4386 3653 4423 oe

2080 4454 2235 4527 (Gen.
2261 4457 2314 4510 6.
2342 4457 2395 4522 9)
2429 4473 2442 4509 :
2470 4465 2524 4510 et
2551 4454 2619 4510 de
2644 4453 2800 4519 Jobo,
2846 4454 3326 4526 lrrepreltensibilis.
3349 4460 3544 4527 justus,
3572 4478 3654 4515 ve-

2080 4562 2188 4612 rus,
2216 4546 2328 4616 pius
2356 4543 2478 4614 (Job
2509 4546 2558 4598 l.
2591 4544 2668 4615 1).
2699 4544 2806 4599 llos
2838 4545 3014 4615 itaque
3043 4555 3244 4602 stantes
3275 4558 3329 4604 et
3358 4550 3651 4616 Danielem,

2083 4654 2241 4710 quem
2264 4639 2422 4692 etiam
2444 4638 2602 4692 deum
2628 4635 2858 4692 Chaldaei
2882 4637 3272 4705 existimarunt,
3298 4656 3401 4696 non
3422 4643 3658 4713 potuisse

2084 4733 2313 4788 liberare
2344 4730 2512 4800 inquit
2542 4731 2680 4785 filios
2710 4729 2944 4799 ipsorum
2968 4739 3023 4786 et
3049 4730 3203 4787 tilias.
3231 4732 3361 4788 Cum
3393 4733 3506 4788 hinc
3531 4751 3660 4803 ergo

2087 4822 2336 4887 sciamus,
2370 4837 2541 4892 neque
2569 4836 2754 4891 preces
2779 4830 3082 4877 sanctorum
3109 4832 3535 4890 contemnamus,
3566 4842 3658 4880 ne-

2087 4930 2191 4983 que
2223 4924 2388 4968 totum
2419 4915 2468 4968 in
2501 4927 2592 4967 eas
2618 4911 2987 4980 conjiciamus,
3019 4922 3125 4967 tum
3158 4925 3215 4969 ut
3246 4929 3312 4969 ne
3338 4915 3469 4984 pigri
3495 4917 3663 4970 simus

2088 5013 2144 5059 et
2172 5005 2445 5069 socordes,
2476 5013 2532 5059 et
2562 5019 2630 5057 ne
2659 5011 2859 5058 temere
2883 5004 3041 5059 vitam
3061 5004 3318 5060 ducamus
3342 5022 3357 5072 ;
3379 5015 3486 5059 tum
3517 5016 3571 5059 ut
3597 5023 3667 5063 ne
3698 5020 3701 5021 '

2092 5110 2121 5148 a
2153 5110 2342 5165 magno
2371 5095 2517 5149 lucro
2538 5094 2883 5158 excidamus;
2908 5094 3001 5150 sed
3029 5105 3082 5150 et
3111 5095 3384 5150 hortemur
3409 5094 3474 5150 ad
3502 5111 3634 5151 oran
3652 5128 3666 5138 -

2093 5186 2217 5240 dum
2244 5199 2337 5254 pro
2361 5186 2511 5238 nobis
2535 5194 2587 5241 et
2609 5185 2675 5239 ad
2701 5202 2887 5241 manus
2908 5187 3059 5241 nobis
3083 5187 3427 5257 porrigendas
3453 5203 3468 5252 ;
3493 5196 3547 5241 et
3569 5187 3666 5256 ipsi

2096 5276 2343 5332 virtutem
2390 5286 2692 5345 sectemur,
2737 5288 2792 5332 ut
2822 5279 2955 5332 bona
2986 5296 3105 5349 qua:
3147 5291 3267 5334 sunt
3303 5280 3560 5349 promissa
3604 5297 3670 5335 ns

2097 5371 2186 5440 qui
2215 5369 2388 5439 ipsum
2430 5369 2654 5440 diligunt
2681 5368 2936 5439 consequi
2972 5370 3267 5438 possimus,
3295 5371 3465 5440 gratia
3495 5380 3548 5426 et
3574 5374 3669 5426 be-

2100 5462 2355 5531 nignitate
2399 5458 2603 5514 Domini
2636 5459 2803 5514 nostri
2831 5459 2955 5514 Jesn
2984 5460 3178 5513 Christi
3204 5500 3220 5525 ,
3247 5475 3365 5514 cum
3397 5476 3504 5533 quo
3529 5461 3672 5515 Patri

2102 5562 2154 5608 et
2181 5551 2402 5622 Spiritui
2435 5559 2626 5607 sancto
2656 5550 2856 5621 gloria,
2888 5550 3191 5619 imperium,
3222 5550 3421 5620 honor,
3456 5567 3593 5608 nunc
3622 5561 3675 5607 et

2104 5659 2335 5714 semper,
2363 5650 2417 5699 et
2442 5644 2493 5698 in
2525 5641 2715 5699 sarcula
2746 5640 3082 5696 smcnlorum.
3113 5642 3303 5698 Amen.
