4106 6208
420 283 596 340 399'

1235 267 1291 323 ὃ.
1331 259 1605 321 JOANNIS
1628 247 2099 314 CHRYSOSTOMI
2124 245 2449 303 'ARCHIEP.
2490 240 3020 299 CONSTANTINOP.

3590 241 3693 297 ιςκ)

422 403 1277 423 HW‘
1788 435 2013 502 nomn

2116 462 2133 497 ι
2175 437 2257 497 11.
3473 408 3484 419 '

421 609 552 663 CAP.
600 609 650 663 l.
690 621 744 661 γ.
792 604 845 661 8.
889 602 934 657 Δ
968 599 1100 656 uobis
1125 594 1258 649 enim
1283 588 1580 659 di/famatus
1602 594 1673 639 est
1701 597 1863 639 sermo
1894 578 2000 633 Do-

498 696 644 760 mini,
674 711 775 749 non
796 693 961 749 solum
981 691 1032 744 in
1058 684 1358 742 Macedonia
1382 690 1427 736 et
1450 680 1502 732 in
1528 676 1744 740 Achaia,
1765 672 1854 727 sed
1882 679 1932 725 et
1950 670 2003 723 in

501 788 638 843 omni
660 789 770 841 loco
804 784 930 854 ﬁdes
951 791 1247 848 vestraque:
1269 786 1342 830 est
1367 773 1437 828 ad
1465 771 1628 825 Deum
1652 771 1880 838 profecta
1908 771 2000 828 est,

498 882 571 934 ita
606 887 662 932 ut
698 893 797 930 non
824 876 889 929 sit
918 874 1058 927 nobis
1086 883 1283 924 necesse
1306 865 1581 935 quidquam
1606 860 1764 929 loqui.
1794 857 1849 913 9.
1893 854 2005 924 Ipsi

502 970 635 1024 enim
661 966 724 1019 de
749 963 891 1019 nobis
916 959 1222 1016 annuntiant
1247 956 1446 1026 qualem
1476 952 1736 1006 introitum
1763 944 2003 1002 habueri-

499 1075 610 1112 mus
652 1056 721 1113 ad
756 1071 843 1113 vos
863 1072 883 1121 ;
913 1063 960 1108 et
995 1049 1245 1123 quomodo
1283 1051 1507 1101 conversi
1532 1042 1648 1097 estis
1673 1040 1742 1093 ad
1776 1037 1941 1092 Deum
1974 1051 2006 1087 a

498 1149 780 1206 simulacris
804 1189 817 1213 ,
865 1147 1050 1202 seruire
1086 1141 1196 1196 Deo
1225 1141 1331 1194 uiuo
1368 1147 1413 1193 et
1452 1151 1568 1191 vero
1589 1174 1603 1199 ,
1622 1132 1721 1188 .10.
1744 1141 1797 1185 et
1821 1145 2000 1197 exspe-

499 1252 636 1297 ctare
664 1239 860 1295 Filium
897 1238 1005 1307 ejus
1032 1235 1093 1289 de
1119 1232 1278 1298 caelis,
1305 1247 1448 1300 quem
1484 1225 1743 1282 suscitauit
1781 1239 1844 1278 ac
1871 1237 2006 1275 mor-

501 1334 620 1400 tuis,
642 1331 842 1397 Iesum,
871 1329 957 1400 qui
982 1326 1283 1397 eripuitnos
1306 1323 1370 1376 ab
1395 1322 1473 1375 ira
1494 1327 1721 1374 uentura.

504 1507 554 1559 l.
598 1500 1059 1572 Quemadmodum
1099 1499 1236 1554 bene
1265 1498 1417 1552 olens
1453 1502 1779 1566 unguentum
1807 1508 1916 1547 non
1952 1493 2005 1547 in

428 1613 487 1652 se
518 1595 831 1651 conclusum
858 1594 1054 1648 bonum
1083 1590 1242 1645 habet
1267 1589 1506 1649 odorem,
1534 1583 1833 1655 sedprocul
1854 1583 2008 1640 emit-

430 1688 511 1749 tit,
541 1696 595 1741 et
618 1699 796 1742 aerem
824 1682 989 1738 odore
1009 1680 1306 1751 complens,
1333 1678 1411 1734 sic
1440 1678 1600 1733 etiam
1628 1675 1865 1730 immittit
1884 1688 2005 1729 eum

430 1777 484 1830 in
516 1788 707 1830 sensus
742 1773 1160 1844 prepinquorum
1193 1788 1206 1824 :
1234 1769 1324 1828 .sic
1363 1768 1523 1824 etiam
1559 1767 1656 1820 viri
1688 1765 1925 1837 praeclari
1955 1773 2009 1818 et

428 1864 732 1920 admirandi
761 1879 866 1918 non
900 1863 953 1917 in
984 1877 1043 1923 se
1069 1861 1373 1917 conclusam
1404 1867 1589 1913 tenent
1617 1857 1884 1921 virtutem,
1913 1855 2007 1910 sed

432 1959 691 2028 plurimos
711 1971 806 2027 per
823 1957 1012 2009 famam
1039 1968 1188 2009 suam
1207 1952 1393 2021 juvant
1411 1962 1467 2005 et
1489 1949 1738 2004 meliores
1755 1947 2005 2003 reddunt.

430 2050 582 2116 Quod
612 2058 665 2104 et
693 2058 819 2103 tunc
849 2046 1046 2101 factum
1076 2053 1177 2099 est.
1204 2042 1462 2109 Quocirca
1492 2040 1705 2097 dicebat
1733 2053 1748 2093 :
1786 2040 1852 2096 Ut
1883 2042 2010 2112 facti

431 2142 539 2195 sitis
564 2144 732 2211 forma
773 2138 1003 2192 omnibus
1032 2134 1347 2189 credentibus
1374 2135 1426 2187 in
1454 2134 1649 2187 Achaia
1686 2143 1733 2188 et
1763 2133 2007 2189 Macedo-

434 2235 540 2286 uia.
572 2232 614 2285 Α
637 2231 772 2285 vobis
793 2229 944 2294 enim,
971 2227 1159 2296 inquit,
1181 2224 1473 2293 diﬁ'amatus
1497 2235 1569 2280 est
1589 2242 1752 2280 sermo
1779 2225 2006 2294 Domini,

434 2340 536 2376 non
562 2320 724 2377 solum
752 2320 803 2374 in
844 2318 1143 2373 Hacedonia
1168 2327 1214 2372 et
1242 2317 1455 2383 Achaia,
1480 2318 1569 2371 sed
1593 2327 1639 2370 et
1661 2318 1718 2372 in
1741 2318 1878 2372 ornui
1898 2319 2007 2373 loco

435 2413 561 2482 ﬁdes
586 2420 747 2465 vestra
781 2425 894 2478 qua:
921 2418 990 2465 est
1019 2409 1087 2462 ad
1117 2408 1281 2462 Deum
1312 2412 1535 2477 profecta
1566 2417 1660 2463 est.
1694 2407 2011 2466 Eruditione

433 2518 560 2574 ergo
580 2501 894 2572 implevistis
912 2515 1105 2555 omnes
1123 2500 1416 2570 proximos,
1443 2499 1699 2555 miraculo
1719 2509 1895 2556 autem
1922 2518 2010 2557 or-

435 2598 553 2651 bem
586 2606 741 2651 terra:
771 2612 784 2648 :
816 2594 917 2652 hoc
942 2594 1084 2648 enim
1127 2593 1227 2648 sibi
1264 2594 1374 2649 vult
1419 2592 1544 2648 illud
1564 2634 1578 2658 ,
1620 2592 1686 2647 In
1711 2594 1850 2648 onmi
1875 2594 2006 2648 loco.

442 2687 623 2755 Neque
652 2685 821 2750 dixit,
861 2684 1067 2740 Jactata
1094 2692 1177 2739 est
1207 2682 1337 2738 ﬁdes
1360 2695 1556 2747 vestra,
1584 2683 1699 2746 sed.
1728 2682 2011 2750 Di/Tamata

430 2787 526 2831 est.
558 2776 757 2844 Nempe
788 2774 927 2828 sicut
953 2773 1078 2827 tuba
1106 2773 1250 2828 clare
1283 2784 1569 2829 resonante
1598 2774 1839 2844 repletur
1864 2784 2009 2829 totus

439 2869 586 2921 locus
611 2866 866 2920 vicinizez
897 2864 967 2920 ita
992 2873 1184 2918 vestra:
1212 2864 1425 2918 virtutis
1455 2863 1615 2929 fama,
1645 2865 1782 2919 sicut
1808 2864 1897 2919 illa
1925 2880 2011 2920 re-

434 2975 664 3025 sonans,
706 2958 903 3012 sufﬁcit
929 2955 995 3009 ad
1038 2955 1363 3024 implendum
1403 2953 1587 3008 urbem
1620 2965 1775 3009 terra:
1804 2963 1859 3009 et
1898 2955 2008 3024 pari

433 3067 569 3107 sono
613 3049 1028 3122 perveniendum
1053 3048 1120 3103 ad
1149 3061 1337 3103 omnes
1364 3046 1579 3116 ubique.
1622 3045 1756 3102 Nam
1784 3062 1871 3101 res
1888 3063 2013 3101 ma-

432 3158 553 3212 gna:
575 3182 591 3209 ,
635 3140 724 3196 ubi
754 3140 970 3212 quidem
1005 3149 1175 3210 gesta:
1212 3137 1414 3193 iuerint
1436 3179 1449 3203 ,
1481 3146 1746 3192 canuntur
1767 3137 1963 3194 clarius
1991 3154 2007 3205 ;

435 3233 619 3304 procul
644 3242 819 3287 autem
847 3240 1115 3287 canuntur
1140 3228 1376 3300 quidem,
1407 3228 1500 3283 sed
1526 3244 1630 3280 non
1651 3226 1789 3284 adeo
1813 3245 1825 3281 :
1855 3242 1886 3282 a
1912 3242 2008 3281 vo-

440 3324 520 3377 bis
546 3336 671 3376 vero
698 3337 804 3376 non
834 3321 943 3387 sic,
973 3319 1070 3375 sed
1109 3318 1332 3388 insignis
1357 3331 1520 3372 sonus
1547 3317 1677 3371 exiit
1714 3331 1811 3387 per
1844 3325 2009 3372 totam

442 3425 658 3465 terram.
688 3410 764 3465 Ne
787 3410 907 3481 quis
936 3398 1063 3469 vero
1090 3418 1238 3478 putet
1266 3424 1386 3464 esse
1416 3408 1527 3463 lucc
1551 3408 1712 3463 verba
1745 3408 2011 3478 hyperbo-

442 3502 574 3554 lica:
604 3500 716 3555 haec
739 3501 881 3556 enim
910 3515 1042 3571 gens
1069 3498 1414 3554 Macedonum
1439 3508 1566 3554 ante
1592 3496 1792 3553 Christi
1815 3497 2014 3553 adven-

443 3602 553 3645 tum
584 3600 699 3646 erat
726 3591 973 3662 insignis,
1005 3599 1060 3645 et
1087 3590 1279 3659 ubique
1316 3588 1608 3644 cauebatur
1644 3590 1815 3659 magis
1852 3603 2011 3659 quam

441 3683 803 3737 Romanorum
832 3699 847 3748 ;
878 3691 932 3737 ct
956 3681 1183 3737 Romani
1207 3678 1332 3738 ideo
1359 3688 1484 3736 sunt
1521 3678 1840 3748 admirandi,
1870 3679 2013 3751 quod

442 3786 538 3825 eos
566 3772 919 3842 subjugarint.

519 3862 595 3916 De
628 3863 918 3917 Alexandro
950 3863 1141 3933 Magno
1174 3863 1427 3933 quadam.
1455 3890 1528 3904 ~—-
1553 3861 1680 3917 Nam
1705 3878 1822 3933 qua:
1854 3863 2019 3933 gessit

444 3970 456 4005 ι
472 3968 534 4007 ex
550 3950 1225 4029 Maecdonunisuperarunt
1239 3951 1673 4007 omnemdicendi
1691 3950 2013 4018 facultatem,

442 4056 499 4099 ut
536 4045 622 4115 qui
663 4062 694 4101 a
731 4060 887 4115 parva
929 4043 1195 4115 profectus
1242 4043 1476 4107 civitate,
1522 4044 1803 4115 occupavit
1845 4052 2014 4099 totum

440 4140 625 4194 orbem
667 4148 842 4194 terrm.
883 4137 1173 4207 Propterea
1217 4144 1272 4190 et
1304 4134 1535 4189 Pardum
1575 4135 1847 4191 volucrem
1891 4149 2015 4190 eum

445 4233 589 4288 videt
616 4230 894 4303 propheta,
937 4228 1240 4301 signiﬁcans
1272 4227 1607 4286 velocitatem
1643 4236 1699 4282 et
1724 4226 2017 4283 vehemen-

443 4324 569 4378 tiam
593 4330 648 4378 et
670 4321 936 4384 ardorem,
963 4330 1018 4376 et
1042 4320 1181 4390 quod
1206 4329 1427 4389 repente
1453 4326 1622 4373 totum
1649 4318 1833 4375 orbem
1861 4324 2020 4373 terrm

443 4412 732 4483 pervolarit
757 4428 876 4467 cum
910 4411 1122 4481 tropmis
1147 4419 1202 4465 et
1228 4411 1466 4465 victoria.
1495 4410 1658 4465 Aiunt
1685 4418 1861 4463 autem
1879 4405 2020 4477 quod

442 4507 603 4560 etiam
633 4520 752 4559 cum
776 4504 1057 4574 quemdam
1085 4501 1459 4574 philosommm
1489 4499 2020 4555 audiissetdicentem

446 4597 682 4652 inﬁnitos
707 4611 826 4652 esse
856 4596 1104 4662 mundos,
1126 4593 1471 4651 vehementer
1511 4591 1849 4665 ingemuerit,
1878 4590 2021 4660 quod

445 4703 567 4742 eum
610 4687 799 4741 inﬁniti
831 4694 1032 4753 essent,
1076 4700 1144 4740 ne
1175 4700 1337 4740 unum
1367 4681 1580 4752 quidem
1621 4691 2018 4753 expugnasset:

444 4780 578 4834 adeo
596 4779 768 4847 magni
799 4789 850 4832 et
874 4777 1069 4834 excelsi
1100 4786 1213 4831 erat
1238 4775 1423 4842 animi,
1452 4784 1506 4831 et
1531 4775 1726 4845 ubique
1757 4784 2021 4829 terrarum

447 4871 752 4926 cauebatur.
781 4870 948 4925 Sinin]
977 4877 1154 4924 autem
1185 4886 1304 4923 eum
1334 4867 1474 4925 fauni
1497 4866 1636 4937 regis
1662 4866 1836 4937 gentis
1860 4865 2021 4920 etiam

452 4962 775 5019 ascendebat
812 4962 978 5033 gloria
1030 4980 1043 5017 :
1085 4961 1364 5018 dicebatur
1405 4959 1548 5015 enim
1588 4955 1891 5013 Alexander
1934 4957 2024 5013 ille

446 5055 684 5112 Macedo.
712 5055 1067 5123 Quamobrem
1107 5054 1224 5122 ejus
1252 5055 1465 5108 volante
1491 5052 1651 5120 fama,
1684 5051 1876 5106 merito
1902 5066 2023 5121 quin

446 5148 557 5202 illic
600 5157 749 5218 gesta
799 5145 1009 5202 fuerant
1059 5144 1252 5214 ubique
1298 5144 1630 5199 canebantur
1662 5161 1674 5198 :
1706 5142 1836 5198 nihil
1878 5143 2020 5199 enim

445 5239 652 5308 insigne
683 5248 858 5308 porest
888 5239 1072 5292 latere.
1107 5235 1222 5292 Non
1250 5236 1424 5289 minus
1453 5251 1580 5305 ergo
1605 5244 1759 5289 erant
1789 5234 2024 5305 insignes

446 5343 535 5383 res
561 5328 909 5383 Macedonum
939 5344 1096 5399 quam
1129 5327 1511 5381 Romanorum.
1544 5323 1701 5380 Fides
1725 5336 1908 5393 vestra,
1938 5326 2022 5380 iu-

447 5418 582 5488 quit,
620 5433 731 5489 qua:
767 5427 840 5472 est
881 5418 949 5471 ad
988 5417 1151 5472 Deum
1194 5421 1421 5487 profecta
1460 5426 1552 5469 est.
1594 5414 1728 5472 Vide
1755 5416 2024 5487 quomodo

449 5509 599 5577 quasi
624 5508 691 5565 de
722 5525 779 5565 rc
802 5510 1032 5564 animata
1060 5509 1301 5580 loquens,
1332 5506 1483 5575 illud,
1522 5506 1765 5579 Profecto
1804 5519 1897 5577 est,
1929 5525 2027 5580 po-

448 5600 617 5654 suerit
663 5619 677 5656 :
722 5601 824 5656 hoc
865 5609 1041 5657 autem
1085 5617 1151 5658 cx
1200 5614 1389 5657 eorum
1442 5598 1779 5657 vehementia
1829 5600 2023 5657 oritur.

452 5687 648 5743 Deinde
674 5689 948 5747 declarans
989 5692 1131 5761 ipsos
1176 5691 1333 5748 ﬁdem
1373 5704 1525 5748 suam
1564 5689 1936 5749 vehementem
1967 5700 2022 5748 ct

2111 577 2382 634 efﬁcacem
2414 579 2735 647 ostendisse,
2778 580 3051 653 subjungit
3083 601 3095 636 :
3121 582 3288 637 Ita'ut
3326 603 3427 638 non
3457 586 3522 639 sit
3551 588 3691 644 nobis

2103 685 2306 724 necesse
2329 670 2601 740 quidquam
2627 672 2785 740 loqui.
2810 671 2838 724 Ι
2842 675 2922 741 psi
2941 674 3073 727 enim
3099 674 3163 728 de
3188 675 3329 730 nobis
3356 679 3686 743 annuntiuut,

2106 762 2307 831 qualem
2336 762 2597 816 introitum
2634 763 2956 819 habuerimus
2999 767 3067 819 ad
3092 782 3199 821 vos.
3229 766 3342 821 Non
3371 779 3689 838 exspectant

2110 862 2167 906 ut
2193 852 2259 908 de
2303 852 2452 908 vobis
2492 853 2733 921 audiant,
2780 856 2874 910 sed
2918 872 3014 912 eos
3038 859 3128 928 qui
3166 858 3393 914 aderant
3436 870 3492 915 et
3538 877 3626 917 res
3657 876 3686 915 a

2111 943 2265 998 vobis
2291 944 2547 1014 pra-clare
2594 954 2778 1015 gestas
2807 947 3072 1010 viderant,
3121 949 3155 1003 ii
3192 950 3285 1016 qui
3330 966 3435 1005 non
3466 951 3690 1008 aderant

2108 1051 2209 1091 nec
2231 1036 2490 1100 viderant,
2504 1050 2891 1108 ,praeoceupant
2917 1057 2929 1093 :
2953 1041 3089 1096 adeo
3110 1042 3307 1112 ubique
3328 1044 3572 1114 evulgata
3597 1061 3686 1100 res

2109 1138 2242 1184 erat.
2271 1129 2389 1195 Quo
2418 1130 2478 1185 ﬁt
2508 1140 2564 1185 ut
2591 1146 2699 1186 non
2736 1133 2807 1187 sit
2849 1133 3000 1188 nobis
3040 1149 3177 1205 opus
3205 1146 3379 1191 vestra
3422 1140 3690 1193 narrando

2108 1233 2202 1275 eos
2225 1220 2293 1274 ad
2314 1235 2503 1290 parem
2530 1220 2794 1279 deducere
2821 1224 2992 1278 zelum
3016 1234 3070 1280 et
3100 1227 3489 1282 aemulationem
3526 1246 3540 1283 :
3565 1246 3685 1283 nam

2109 1326 2227 1380 qua:
2263 1311 2408 1382 ipsos
2431 1315 2716 1383 oportebat
2759 1330 2789 1369 a
2826 1316 2979 1371 nobis
3016 1317 3225 1382 audire,
3259 1321 3454 1390 eaipsi
3484 1322 3689 1391 priores

2109 1404 2310 1459 dicunt.
2344 1405 2674 1475 Quamquam
2708 1408 2760 1462 in
2807 1408 2873 1463 iis
2905 1425 3024 1479 qua:
3052 1421 3176 1477 sunt
3205 1410 3509 1480 hujusmodi
3538 1429 3686 1483 smpe

2112 1494 2306 1549 invidia
2350 1496 2636 1552 intervenit
2669 1514 2683 1551 :
2715 1499 2808 1553 sed
2840 1498 2977 1554 hanc
3004 1515 3216 1569 quoque
3242 1502 3370 1556 vicit
3410 1504 3686 1558 excellen-

2111 1584 2203 1650 tia,
2244 1594 2299 1641 et
2328 1587 2443 1655 ipsi
2485 1596 2610 1641 sunt
2656 1602 2930 1657 praecones
2971 1599 3271 1644 vestrorum
3310 1594 3686 1648 certaminum.

2111 1676 2364 1742 Quamvis
2399 1678 2500 1747 ipsi
2543 1679 2650 1734 sint
2681 1680 2978 1746 inferiores,
3018 1698 3098 1735 ne
3141 1682 3220 1738 sic
3243 1685 3457 1753 quidem
3489 1694 3685 1750 tacent.

2110 1768 2204 1823 sed
2234 1770 2582 1838 prmveniunt.
2626 1770 2790 1826 Nobis
2832 1783 3030 1838 autem,
3080 1789 3200 1829 cum
3239 1775 3373 1830 tales
3411 1778 3538 1843 sint,
3581 1795 3688 1834 non

2111 1858 2235 1914 licet
2262 1858 2420 1914 ﬁdem
2461 1875 2675 1930 negare.
2702 1861 2845 1929 Quid
2884 1872 2969 1917 est
3007 1864 3153 1929 illud,
3189 1866 3404 1932 Qualem
3427 1868 3687 1923 introitum

2112 1947 2430 2005 habuerimus
2449 1951 2516 2004 ad
2542 1967 2626 2005 uos
2641 1952 2668 2005 ζ’
2689 1952 3044 2023 Quodplenus
3070 1954 3229 2010 fuerit
3254 1957 3524 2024 periculis,
3547 1961 3686 2030 quod

2112 2040 2383 2096 miraculis
2434 2042 2930 2111 innumerabilibus,
2976 2046 3115 2115 quod
3161 2047 3293 2101 nihil
3339 2063 3416 2103 ex
3461 2049 3545 2104 his
3592 2067 3688 2105 vos

2112 2132 2549 2198 conturbaverit;
2597 2134 2690 2189 sed
2719 2149 2783 2189 ac
2824 2136 2874 2189 si
2908 2136 3037 2190 nihil
3083 2138 3385 2205 accidisset,
3418 2142 3487 2195 ita
3535 2136 3689 2196 nobis

2112 2222 2501 2289 adluerebalis;
2536 2235 2800 2296 tamquam
2824 2228 2946 2282 mali
2976 2228 3106 2282 nihil
3140 2232 3397 2299 perpessi,
3430 2233 3685 2288 sedbona

2112 2313 2381 2382 assequuti
2424 2314 2851 2383 innumerabilia,
2904 2318 2974 2372 ita
3021 2334 3118 2373 nos
3154 2322 3434 2391 excepistis
3476 2335 3682 2391 postea.

2112 2401 2389 2459 Secundus
2431 2404 2574 2459 enim
2626 2405 2710 2460 hic
2756 2406 2854 2461 fuit
2899 2408 3193 2477 ingressus.
3246 2413 3494 2469 abierunt
3540 2414 3675 2468 Bar-

2113 2492 2352 2559 rhmam;
2383 2494 2525 2566 passi
2570 2504 2695 2549 sunt
2724 2499 3189 2576 persequutionem
3215 2518 3229 2554 :
3272 2512 3328 2557 et
3351 2512 3529 2572 postea
3554 2519 3679 2559 cum

2113 2584 2404 2650 venissent,
2434 2600 2528 2641 eos
2559 2587 2630 2640 ita
2658 2599 3003 2658 exceperunt,
3033 2602 3091 2646 ut
3106 2592 3176 2646 ab
3204 2594 3330 2663 ipsis
3355 2594 3686 2651 honoraren-

2115 2682 2221 2741 tur,
2261 2685 2315 2729 et
2343 2675 2551 2730 animas
2591 2691 2715 2733 suas
2748 2694 2847 2748 pro
2866 2679 3009 2749 .ipsis
3037 2693 3319 2749 ponerent.
3352 2684 3482 2740 Illud
3527 2704 3681 2757 ergo.

2115 2763 2328 2829 Qualem
2371 2766 2629 2820 introitu»:
2659 2768 2978 2824 habuerimus
3005 2774 3074 2824 ad
3100 2788 3204 2838 vos,
3236 2783 3319 2828 est
3344 2777 3684 2844 conjunclum

2111 2870 2163 2912 et
2183 2857 2377 2913 horum
2405 2867 2460 2913 et
2485 2858 2718 2928 ipsorum
2745 2862 3044 2916 eneomium
3080 2882 3094 2917 :
3124 2865 3218 2919 sed
3248 2865 3360 2934 ipse
3392 2868 3441 2921 id
3468 2882 3692 2924 conver.

2115 2948 2176 3002 tit
2204 2948 2258 3002 in
2301 2949 2507 3003 laudem
2544 2950 2803 3019 ipsiirum.
2835 2951 2901 3005 Et
2928 2955 3179 3021 quonwdo
3217 2958 3463 3024 conuersi,
3494 2959 3686 3028 inquit,

2112 3043 2230 3097 estis
2270 3044 2340 3097 ad
2367 3043 2532 3098 Deum
2575 3062 2609 3098 a
2644 3047 2952 3110 simulacris.
3002 3061 3055 3104 ut
3088 3053 3315 3108 servietis
3355 3053 3465 3108 Deo
3492 3056 3611 3108 uiso
3642 3066 3690 3108 et

2113 3148 2246 3187 vero.
2275 3134 2385 3189 lloc
2412 3145 2515 3202 est,
2552 3136 2728 3201 facile,
2761 3148 2813 3193 et
2843 3155 3032 3211 magna
3054 3159 3175 3197 eum
3204 3145 3557 3210 vehementia,
3587 3162 3687 3201 ue-

2112 3238 2216 3294 que
2243 3226 2413 3281 multo
2444 3241 2586 3295 epos
2628 3225 2887 3284 habuistis
2922 3233 3144 3301 negotio
3183 3244 3240 3289 ut
3276 3237 3551 3292 serv-iretis
3581 3237 3688 3292 Deo

2115 3316 2237 3371 vivo
2264 3325 2318 3371 et
2345 3332 2492 3373 vero.
2515 3318 2623 3374 .llic
2662 3320 2822 3375 etiam
2852 3322 3029 3377 intulit
3051 3323 3476 3382 adhortationem
3507 3345 3521 3381 :
3548 3326 3691 3396 quod

2114 3415 2203 3462 est
2232 3408 2410 3463 rninus
2432 3424 2656 3479 gravem
2680 3413 2980 3468 orationem
3006 3413 3298 3470 reddentis.
3333 3415 3399 3470 Et
3428 3428 3484 3470 ut
3510 3433 3693 3487 mpe-

2114 3499 2314 3553 ctaretis
2352 3497 2545 3554 Filium
2571 3501 2679 3570 ejus
2703 3502 2766 3555 de
2791 3504 2949 3569 aclis,
2980 3522 3125 3571 quem
3152 3508 3410 3562 suscitauit
3448 3525 3511 3564 es:
3552 3525 3694 3564 mor-

2117 3587 2236 3651 tuis,
2260 3586 2463 3656 Jesum,
2495 3591 2582 3660 qui
2622 3590 2803 3646 liberat
2834 3610 2924 3648 nos
2949 3596 3012 3649 ab
3048 3596 3128 3649 ira
3158 3608 3393 3652 peritura.
3431 3599 3495 3653 Et
3529 3610 3583 3654 ut
3606 3618 3697 3655 ea:-

2117 3680 2429 3747 spectaretis.
2461 3680 2650 3749 inquit,
2679 3680 2872 3736 Filium
2897 3686 3008 3755 ejus
3027 3685 3091 3739 de
3109 3687 3267 3755 talis,
3295 3688 3388 3758 qui
3411 3691 3462 3743 in
3484 3704 3694 3746 crucem

2120 3766 2215 3823 fuit
2235 3778 2406 3837 actus,
2436 3771 2526 3840 qui
2557 3771 2798 3840 sepultus
2825 3791 2838 3827 :
2873 3774 3100 3844 ideoque
3126 3776 3242 3832 hmo
3266 3778 3549 3835 declarans
3574 3781 3696 3837 sub-

2116 3861 2306 3932 jungit,
2330 3864 2489 3930 Quem
2511 3866 2766 3919 suscitavit
2788 3883 2817 3921 e
2842 3868 3073 3922 mortuis.
3102 3869 3283 3925 Vidisti
3307 3873 3465 3927 simul
3487 3874 3693 3938 omnia,

2121 3956 2589 4019 resurrectionem,
2620 3958 3011 4026 ascensionem,
3055 3961 3345 4016 secundum
3388 3963 3693 4037 adventum.

2117 4044 2397 4114 judicium,
2424 4046 2689 4114 justorum
2715 4050 3219 4119 remunerationem,
3263 4052 3524 4107 titulorum
3568 4069 3694 4122 sup-

2121 4137 2374 4208 plicium?
2402 4137 2598 4205 Iesum,
2631 4140 2819 4211 inquit,
2845 4143 2929 4210 qui
2955 4159 3048 4197 nos
3072 4144 3259 4211 eripuit
3280 4145 3345 4198 ab
3366 4146 3445 4199 ira
3469 4156 3695 4201 uentura.

2124 4228 2190 4284 Et
2220 4228 2324 4284 hoc
2351 4238 2436 4286 est
2475 4229 2580 4286 illis
2620 4231 2893 4299 solatium,
2936 4233 3232 4288 consolatio
3274 4245 3330 4289 et
3372 4235 3695 4290 adhortatio.

2122 4320 2256 4378 Nam
2294 4322 2343 4378 si
2366 4324 2624 4380 excitavit
2664 4339 2695 4380 e
2725 4325 2969 4390 mortuis,
2999 4335 3055 4381 et
3096 4335 3179 4381 est
3209 4327 3260 4380 in
3286 4327 3440 4392 celo,
3473 4336 3527 4382 et
3554 4327 3701 4381 illine

2123 4424 2377 4470 venturus
2405 4425 2489 4470 est
2515 4415 2604 4486 (et
2623 4416 2962 4481 credidistis;
2988 4417 3097 4471 nisi
3123 4418 3267 4472 enim
3312 4433 3410 4473 vos
3449 4419 3535 4473 illa
3576 4432 3702 4473 crc-

2125 4504 2436 4573 didissetis,
2483 4521 2587 4561 non
2623 4507 2817 4563 essetis
2849 4518 2953 4562 tam
3001 4508 3165 4562 multa
3214 4508 3472 4580 perpessi)
3517 4527 3529 4563 :
3576 4520 3703 4564 sunt

2126 4597 2241 4653 haec
2282 4613 2493 4669 quoque
2536 4597 2808 4654 sufﬁciens
2848 4600 3162 4655 consolatio.
3198 4600 3323 4666 Isti,
3357 4602 3565 4673 inquit,
3607 4602 3707 4656 da-

2126 4688 2259 4744 bunt
2296 4704 2483 4760 pugnas
2516 4690 2534 4759 (
2561 4689 2703 4760 quod
2734 4691 2945 4759 quidem
2970 4692 3026 4746 in
3056 4693 3286 4748 secunda
3331 4709 3544 4764 quoque
3572 4694 3703 4767 dicit

2126 4780 2344 4851 epistola
2375 4780 2525 4854 [Cap.
2549 4780 2780 4853 1.υ.9]).
2820 4780 2882 4836 Et
2906 4784 3124 4837 alienum
3150 4800 3234 4838 vos
3264 4785 3502 4839 [rubebitis
3526 4801 3705 4839 conso-

2126 4873 2362 4927 lationem
2383 4890 2483 4927 ποθι
2511 4889 2740 4943 paream.
2771 4873 2833 4927 Et
2861 4886 2915 4927 ut
2942 4876 3253 4944 exspectetis,
3282 4875 3468 4944 inquit,
3492 4874 3653 4944 ﬁlium
3676 4891 3707 4929 e

2125 4964 2305 5030 cretis;
2337 4966 2626 5020 ostendens
2650 4980 2713 5021 ea
2751 4982 2869 5034 qua:
2893 4975 3014 5019 sunt
3040 4968 3216 5036 gravia
3246 4977 3298 5022 et
3336 4979 3544 5036 aspera,
3584 4981 3707 5021 esse

2132 5054 2184 5109 in
2235 5055 2497 5120 manibus,
2532 5054 2664 5106 bona
2709 5066 2887 5110 autem
2933 5054 2986 5108 in
3030 5058 3445 5125 exspectatione,
3490 5055 3708 5125 quando

2127 5145 2371 5202 Christus
2414 5144 2595 5200 veniet
2631 5159 2664 5200 c
2707 5146 2876 5201 ca-lis.
2911 5146 3044 5201 Vide
3089 5156 3284 5216 quanta
3308 5163 3404 5217 spe
3432 5149 3501 5201 sit
3524 5161 3662 5218 opus
3683 5190 3697 5209 .

2128 5236 2268 5307 quod
2317 5236 2558 5291 Christus
2615 5235 2667 5291 in
2705 5250 2917 5290 crucem
2978 5246 3162 5301 actus,
3192 5238 3262 5290 sit
3310 5238 3600 5291 suscitatus
3651 5251 3712 5296 et

2129 5338 2435 5399 assumptus
2492 5328 2545 5381 in
2599 5328 2792 5392 melos;
2824 5329 2966 5396 quod
3021 5339 3273 5383 venturus
3316 5328 3389 5383 sit
3444 5328 3511 5383 ad
3557 5329 3710 5398 judi-

2129 5418 2328 5474 candos
2375 5418 2524 5471 vivos
2570 5427 2625 5472 et
2674 5427 2936 5471 mortuos.
2968 5414 3142 5487 (Cap.
3171 5417 3254 5488 2.)
3282 5418 3335 5472 l.
3370 5415 3507 5471 Nam
3535 5429 3583 5472 et
3611 5419 3713 5487 ipsi

2129 5509 2265 5563 scitis
2286 5549 2301 5573 ,
2328 5512 2509 5579 fratres
2530 5549 2544 5574 ,
2574 5507 2836 5561 introitum
2886 5518 3113 5561 nostrum
3162 5506 3230 5560 ad
3274 5524 3361 5562 res
3380 5546 3397 5574 ,
3429 5508 3565 5577 quod
3607 5522 3712 5561 non

2131 5601 2297 5657 inanis
2336 5600 2466 5670 fuit;
2509 5598 2563 5654 2.
2593 5598 2682 5653 sed
2729 5609 2847 5653 ante
2887 5599 3022 5667 passi
3064 5598 3239 5664 multa,
3292 5609 3340 5653 et
3394 5599 3712 5653 coumuscliis

2133 5690 2320 5759 alfecti,
2356 5690 2480 5745 sicut
2507 5690 2662 5757 scitis,
2692 5689 2743 5743 in
2779 5686 3055 5759 Philippis,
3082 5689 3322 5758 ﬁduciam
3355 5686 3617 5743 habuimus
3650 5691 3706 5745 in
