4106 6208
384 283 477 338 Ml

378 400 486 455 Deo
514 409 687 453 nostra
710 396 843 465 loqui
869 396 939 451 ad
970 412 1056 452 eos
1095 399 1408 471 euangelium
1440 397 1532 455 Dei
1560 400 1614 453 in
1634 401 1793 455 nrulta
1817 401 1960 456 solli-

372 491 614 548 citutline.

443 582 498 637 2.
542 583 730 653 Magna
770 581 987 652 quidem
1018 592 1071 640 et
1100 585 1352 654 prau-lara
1385 594 1511 642 sunt
1535 602 1652 658 quas
1681 587 1918 659 gessistis
1943 605 1959 653 ;

372 675 466 729 sed
494 689 592 729 nec
617 689 713 729 nos
739 674 974 729 humano
996 691 1244 732 sermone
1269 677 1346 732 usi
1374 692 1579 734 sumus.
1609 678 1712 735 Sed
1741 679 1792 735 id
1817 680 1959 751 quod

369 767 638 837 superius,
669 766 754 821 hic
780 783 991 838 qunque
1014 768 1164 834 dicit,
1192 769 1331 840 quod
1360 771 1623 841 utrimque
1648 772 1961 830 ostendatur

370 856 543 925 qualis
582 856 648 910 sit
695 856 1001 926 praedicatio
1024 897 1040 922 ,
1071 869 1123 912 et
1153 875 1217 914 ex
1246 860 1410 930 signis
1435 900 1450 927 ,
1478 869 1545 917 et‘
1562 878 1627 917 ex
1656 878 1840 918 eorum
1867 864 1959 935 qui

371 947 665 1014 praedicant
693 949 955 1013 instituto,
978 958 1030 1004 et
1054 964 1117 1004 ex
1148 949 1358 1006 fervore
1383 960 1437 1007 et
1462 952 1637 1008 studio
1661 969 1845 1010 eorum
1868 957 1956 1026 qui

368 1038 688 1107 suscipiunt.
717 1037 833 1106 Ipsi
858 1040 1022 1101 enim,
1057 1040 1246 1109 inquit,
1277 1041 1416 1096 scitis
1446 1052 1491 1096 et
1522 1053 1747 1098 nostrum
1775 1045 1843 1098 ad
1870 1061 1956 1101 vos

366 1131 665 1194 introitum,
692 1131 829 1201 quod
856 1149 956 1186 non
985 1133 1081 1199 [uit
1111 1134 1276 1189 inanis
1305 1151 1323 1189 :
1351 1135 1450 1191 hoc
1480 1145 1562 1191 est
1582 1178 1598 1201 ,
1630 1153 1737 1193 non
1769 1139 1958 1195 buma-

368 1236 470 1275 nus
495 1264 511 1285 ,
557 1237 730 1291 neque
774 1222 905 1276 levis
933 1238 994 1277 ac
1019 1226 1269 1295 vulgaris.
1308 1227 1349 1280 Α
1383 1227 1589 1295 magnis
1614 1230 1754 1283 enim
1783 1232 1953 1302 erepti

369 1316 618 1383 periculis
642 1325 696 1372 et
723 1319 983 1373 mortibus
1008 1329 1063 1375 et
1090 1321 1257 1392 plagis
1276 1362 1292 1388 ,
1324 1323 1606 1380 incidimus
1633 1340 1817 1380 rursus
1838 1334 1951 1381 sta-

367 1408 460 1460 tim
494 1408 545 1461 in
574 1409 829 1476 pericula.
867 1410 974 1465 Sed
1001 1421 1136 1480 ante,
1170 1414 1370 1483 inquit,
1404 1416 1541 1485 passi
1567 1418 1747 1482 multa,
1775 1428 1952 1472 contu-

366 1500 529 1552 meliis
555 1498 744 1566 a/Tecti,
774 1502 902 1555 sicut
930 1503 1085 1564 scitis,
1116 1506 1168 1558 in
1200 1504 1475 1575 Philippis,
1503 1507 1744 1575 ﬁduciam
1772 1508 1950 1563 habui-

365 1604 477 1641 mus
500 1589 553 1641 in
587 1587 693 1643 Deo
722 1600 916 1645 nostra.
949 1591 1108 1647 Vides
1136 1594 1403 1663 quomodo
1429 1610 1613 1650 rursus
1643 1606 1809 1653 totum
1841 1599 1949 1654 Deo

362 1681 645 1735 attribuit?
694 1682 775 1735 Ad
811 1684 1117 1755 loquendum
1141 1726 1155 1749 ,
1193 1686 1399 1756 inquit,
1431 1688 1499 1741 ad
1524 1704 1611 1742 vos
1634 1690 1949 1760 evangelium

362 1771 461 1826 Dei
486 1773 541 1826 in
569 1774 725 1828 multa
748 1774 1108 1830 sollicitudine.
1143 1777 1253 1832 Dici
1280 1793 1384 1832 non
1414 1788 1589 1848 potest
1614 1790 1814 1850 quanto
1841 1781 1948 1837 illic

363 1868 419 1919 in
452 1867 688 1935 periculo
712 1866 905 1923 fuimus
925 1910 941 1936 ,
978 1870 1062 1924 hic
1090 1885 1218 1925 vero
1249 1886 1352 1925 non
1382 1889 1394 1925 :
1424 1872 1572 1927 scitis
1597 1873 1741 1928 enim
1772 1882 1820 1927 et
1852 1888 1947 1929 vos

362 1967 620 2025 quantum
653 1960 805 2015 fuerit
838 1962 1128 2031 periculum
1155 2006 1169 2029 ,
1199 1978 1320 2019 cum
1352 1973 1545 2035 quanta
1587 1965 1946 2023 sollicitudine

363 2052 624 2106 fuerimus
651 2053 787 2123 apud
816 2068 929 2108 vos.
964 2054 1114 2121 Quod
1145 2056 1209 2109 ad
1237 2055 1541 2111 Corinthios
1568 2072 1778 2126 quoque
1807 2058 1943 2111 scri-

358 2142 493 2197 hens
520 2143 647 2197 dicit
674 2184 689 2208 ,
724 2143 791 2198 In
816 2146 1112 2214 inﬁrmitate
1138 2156 1182 2202 et
1210 2148 1378 2201 labore
1406 2158 1450 2200 et
1480 2149 1531 2201 in
1559 2149 1736 2203 timore
1760 2158 1808 2201 et
1839 2158 1941 2203 tre-

357 2252 497 2289 more
538 2236 694 2291 multo
723 2239 799 2307 fui
823 2238 962 2306 apud
990 2255 1073 2292 vos
1098 2239 1115 2309 (
1142 2240 1191 2294 1.
1219 2239 1397 2296 Cor.2.
1432 2240 1466 2293 5
1486 2239 1526 2311 ).
1560 2241 1611 2295 5.
1645 2238 1943 2295 Exhortatio

356 2330 492 2381 enim
520 2337 689 2381 nostra
719 2347 819 2383 non
844 2331 906 2384 de
928 2347 1115 2391 errore.
1146 2348 1305 2400 neque
1330 2332 1395 2386 de
1420 2332 1759 2398 inmunditia,
1788 2348 1943 2396 neque

356 2421 410 2472 in
438 2420 590 2485 dolo;
617 2422 669 2474 ιι.
700 2421 787 2475 sed
810 2422 938 2475 sicut
968 2422 1163 2490 probati
1193 2440 1366 2476 sumus
1391 2440 1422 2475 a
1448 2416 1550 2476 Deo
1578 2432 1632 2476 ut
1658 2422 1942 2476 crederetur

355 2513 500 2566 nobis
530 2516 840 2584 euangelium
864 2556 877 2576 ,
919 2514 989 2567 ita
1031 2517 1285 2584 loquimur
1308 2557 1323 2579 ,
1356 2533 1454 2568 non
1484 2518 1629 2587 quasi
1657 2516 1942 2572 hominibus

355 2610 634 2677 placentes,
659 2608 745 2661 sed
772 2606 876 2662 Deo
896 2609 981 2677 qui
1005 2611 1182 2680 probat
1203 2610 1357 2663 corda
1378 2621 1568 2664 nostra.
1595 2610 1753 2665 Vides
1774 2613 1936 2682 quod,

352 2699 494 2751 sicut
540 2698 647 2750 dixi
674 2738 690 2763 ,
731 2713 792 2753 ex
837 2714 1022 2754 eorum
1058 2701 1302 2755 instantia
1333 2702 1494 2756 sumit
1523 2713 1894 2774 argumentum
1920 2746 1935 2772 ,

351 2789 496 2858 quod
524 2789 700 2843 divina
729 2790 797 2843 sit
823 2790 1147 2859 przedicatin.
1178 2792 1305 2846 Nam
1333 2794 1377 2847 si
1408 2793 1509 2847 hoc
1534 2809 1637 2849 non
1660 2795 1730 2849 ita
1753 2806 1896 2851 esset
1921 2837 1934 2859 ,

352 2882 400 2935 si
431 2890 574 2937 esset
602 2881 868 2951 deceptio,
891 2897 994 2936 non
1028 2892 1134 2936 tam
1165 2885 1328 2939 multa
1362 2885 1499 2953 passi
1530 2901 1773 2942 essemus
1799 2888 1941 2956 peri-

351 2974 473 3027 cula
499 3014 514 3035 ,
546 2988 664 3042 qute
694 2988 760 3027 ne
795 2972 1161 3028 concedebant
1201 2976 1415 3045 quidem
1446 2985 1503 3030 ut
1530 2978 1932 3046 respiraremus.

354 3066 617 3134 Quidnam
647 3074 730 3121 est
755 3067 921 3137 ergo?
944 3067 999 3123 Si
1027 3082 1131 3122 non
1162 3067 1483 3133 futurorum,
1517 3070 1704 3140 inquit,
1737 3069 1936 3141 aliquid

358 3173 457 3214 nos
498 3158 795 3224 excitaret,
828 3158 872 3213 si
919 3174 1023 3213 non
1067 3175 1381 3229 persiiasnm
1424 3161 1578 3217 nobis
1613 3169 1758 3218 esset
1793 3162 1935 3231 quod

361 3250 496 3304 bona
536 3249 606 3303 sit
644 3264 807 3319 spes,
838 3265 943 3305 non
985 3252 1055 3306 ita
1096 3252 1344 3308 alacriter
1385 3253 1436 3307 in
1482 3256 1734 3310 :crumnis
1762 3255 1935 3311 allecti

358 3340 665 3396 fuissemus.
705 3340 836 3408 Quis
877 3342 1018 3396 enim
1059 3343 1281 3412 eligeret
1326 3358 1423 3413 pro
1453 3344 1518 3398 iis
1546 3360 1665 3415 quae
1698 3346 1785 3400 hic
1813 3356 1938 3402 sunt

358 3443 465 3487 tam
493 3434 655 3487 multa
678 3434 964 3499 sustinere,
987 3442 1041 3488 et
1064 3434 1166 3488 vita
1190 3436 1369 3491 vivere
1388 3435 1613 3490 sollicita
1635 3445 1689 3491 et
1709 3437 1938 3493 laborio-

355 3540 415 3579 sa
439 3535 494 3579 et
521 3524 673 3594 plena
695 3524 981 3594 periculis?
1004 3526 1212 3579 cuinam
1235 3526 1374 3580 enim
1401 3527 1758 3596 persuaserint
1774 3528 1797 3580 ?
1813 3543 1935 3583 nam

357 3616 474 3670 haec
500 3615 611 3685 ipsa
632 3630 810 3670 annon
836 3614 1105 3669 sufficiunt
1124 3616 1190 3670 ad
1214 3616 1603 3686 perturbandos
1623 3616 1932 3687 discipulos,

354 3725 478 3763 eum
511 3718 865 3779 prmeeptores
889 3709 1102 3765 videant
1130 3712 1182 3765 in
1210 3709 1500 3780 periculis?
1529 3710 1635 3766 Sed
1665 3711 1766 3767 hoc
1787 3714 1936 3769 vobis

358 3815 465 3855 non
492 3800 683 3855 accidit
710 3822 722 3856 :
752 3799 1049 3855 Exhortatio
1069 3802 1205 3856 enim
1226 3810 1419 3869 nostra,
1446 3801 1546 3857 hoc
1565 3812 1647 3857 est
1668 3802 1931 3872 doctrina,

355 3908 460 3945 non
489 3901 561 3945 est
598 3892 661 3945 dc
702 3908 891 3947 errore.
923 3890 1036 3945 Non
1069 3899 1152 3946 est
1173 3930 1189 3957 ,
1227 3891 1432 3961 inquit,
1461 3908 1549 3948 res
1576 3894 1732 3948 dolus
1764 3909 1937 3965 neque

354 3982 623 4050 deceptio,
655 3993 710 4036 ut
735 3985 989 4037 cedamus
1020 3998 1033 4036 :
1068 3996 1172 4036 non
1199 3991 1310 4049 est,
1344 3998 1441 4053 pro
1472 3984 1630 4039 rebus
1654 3985 1855 4041 odiosis
1882 3995 1936 4041 et

353 4073 721 4139 essecrandis,
753 4089 858 4128 non
888 4089 983 4143 pro
1011 4075 1503 4145 prmstigiatoribus,
1526 4086 1579 4131 ct
1605 4077 1805 4147 magis;
1835 4079 1936 4134 hoc

351 4167 497 4222 enim
535 4168 635 4223 sibi
664 4168 770 4222 vult
800 4168 926 4222 illud
954 4210 966 4231 ,
1002 4167 1077 4223 Dc
1105 4169 1423 4222 inrnmnditia
1441 4186 1459 4233 ;
1489 4184 1660 4239 neque
1690 4172 1741 4225 in
1769 4171 1892 4226 dolo
1916 4214 1930 4236 ,

350 4274 528 4329 neque
553 4258 861 4315 affect-uites
889 4260 1188 4329 imperium,
1215 4260 1353 4330 quod
1382 4259 1504 4313 fecit
1527 4260 1802 4327 'l‘heuclas;
1830 4262 1935 4317 Sed

349 4354 483 4407 sicut
515 4353 709 4418 probati
736 4369 910 4407 sumus
937 4368 968 4405 a
995 4352 1132 4418 Deo,
1162 4362 1217 4406 ut
1247 4354 1529 4406 crederetur
1556 4354 1695 4407 nobis
1726 4370 1934 4424 evange-

351 4448 500 4509 lium,
532 4446 603 4498 ita
632 4446 901 4512 loquimur,
933 4461 1032 4498 non
1062 4446 1203 4515 quasi
1230 4445 1513 4498 hominibus
1543 4445 1815 4515 placentes,
1846 4447 1934 4501 sed

353 4538 485 4593 Deo.
522 4537 679 4593 Vides
705 4537 844 4608 quod
877 4552 983 4591 non
1014 4537 1085 4591 sit
1119 4537 1290 4591 inanis
1318 4536 1524 4605 gloria?
1554 4536 1659 4591 Sed
1686 4535 1813 4599 Deo,
1847 4537 1931 4591 in-

349 4630 487 4699 quit,
517 4629 602 4699 qui
628 4627 804 4699 probat
829 4629 985 4681 corda
1011 4636 1199 4680 nostra.
1231 4626 1393 4691 Nihil,
1426 4625 1613 4696 inquit,
1642 4627 1849 4697 agimus
1878 4635 1935 4682 ut

351 4719 661 4773 hominibus
705 4719 1300 4787 placeamuszqaanam
1344 4717 1485 4772 enim
1522 4717 1589 4773 de
1627 4732 1785 4773 causa
1830 4719 1932 4775 hoc

351 4810 704 4866 fecissemus?
740 4808 973 4871 Deinde,
1012 4824 1132 4862 cum
1176 4823 1320 4876 lPSOS
1358 4807 1627 4863 laudasset
1663 4808 1891 4863 dicendo
1915 4852 1930 4875 ,

351 4903 469 4958 Non
517 4913 787 4972 tamquam
832 4901 1070 4956 volentes
1122 4900 1427 4954 hominibus
1478 4901 1727 4971 placere,
1760 4916 1933 4969 neque

354 4997 589 5050 honores
633 5002 935 5063 quaerentes
977 4991 1045 5045 ab
1094 4990 1430 5056 hominibus;
1482 4991 1793 5061 subiungit:
1827 4991 1933 5047 Sed

352 5090 482 5142 sicut
510 5086 707 5155 probati
733 5100 906 5139 sumus
932 5100 962 5137 a
994 5083 1098 5137 Deo
1121 5125 1133 5144 .
1169 5095 1220 5136 ut
1244 5083 1528 5137 crederetur
1552 5084 1692 5137 nobis
1720 5100 1931 5155 euange-

352 5180 481 5233 lium
507 5176 626 5230 Dei.
659 5177 736 5231 Ac
763 5178 809 5229 si
837 5174 1035 5229 diceret
1056 5216 1070 5235 ,
1101 5174 1208 5228 Nisi
1255 5189 1353 5228 nos
1381 5174 1615 5228 novisset
1644 5173 1838 5229 liberos
1867 5175 1934 5229 ab

350 5270 497 5324 omni
527 5283 585 5323 re
611 5283 731 5338 qua:
760 5267 826 5320 ad
855 5266 992 5320 hanc
1019 5266 1178 5318 vitam
1208 5264 1459 5334 pertinet,
1488 5280 1594 5319 non
1618 5279 1713 5319 nos
1738 5266 1931 5334 elegis—

350 5370 479 5416 set:
509 5361 694 5431 quales
735 5372 865 5429 ergo
906 5357 1186 5427 probavit,
1229 5355 1362 5410 tales
1404 5371 1701 5411 manemus.
1741 5357 1784 5409 A
1827 5356 1934 5410 Deo

352 5450 551 5512 probati
577 5465 765 5510 sumas.
794 5448 1000 5517 inquit;
1026 5446 1078 5501 id
1104 5455 1205 5510 est,
1230 5460 1327 5500 nos
1355 5445 1618 5515 probavit,
1641 5456 1692 5500 ct
1711 5447 1938 5503 credidit

351 5541 509 5595 nobis
534 5539 871 5610 evangelium
896 5556 909 5592 :
931 5548 987 5592 ut
1011 5552 1141 5608 ergo
1170 5538 1279 5591 Deo
1304 5552 1402 5591 nos
1433 5536 1583 5607 probi
1606 5537 1700 5591 visi
1728 5552 1931 5605 sumus,

347 5636 432 5691 sic
457 5647 758 5690 manemus.
783 5631 991 5687 Nostra:
1010 5631 1222 5685 virtutis
1241 5629 1449 5700 signum
1476 5638 1558 5683 cst
1579 5637 1632 5683 et
1651 5644 1936 5699 argumen-

350 5737 465 5780 tum
493 5765 508 5791 ,
542 5722 684 5795 quod
728 5724 880 5778 nobis
920 5723 992 5777 sit
1031 5720 1292 5777 creditum
1323 5719 1655 5790 evangelium
1695 5722 1782 5776 :si
1812 5723 1938 5793 quid

1239 281 1307 338 lN
1346 279 1561 339 El‘lST.
1605 283 1624 337 1
1682 283 1774 340 AD
1815 279 2147 347 THESSAL.
2188 293 2340 353 CAP.
2384 299 2447 356 11.
2491 301 2722 363 1101111..
2766 308 2831 364 11.

3302 236 3326 261 δ

3548 323 3655 379 409.

2066 406 2265 501 malum
2309 412 2494 471 fuisset
2535 418 2586 472 in
2632 420 2786 475 nobis
2809 463 2825 486 ,
2860 423 2998 479 Deus
3027 441 3126 483 nos
3153 443 3257 484 non
3299 431 3649 501 probavisset.

2065 496 2201 554 Illud
2228 513 2437 595 autem,
2468 508 2748 578 Probavit,
2780 512 2867 568 hic
2895 517 3187 586 significat,
3219 496 3424 578 Invenit
3454 526 3651 595 probos
3704 554 3713 561 -

2064 597 2119 644 et
2138 592 2363 649 credidit
2383 612 2397 661 ;
2421 613 2549 665 non,
2569 598 2848 658 Scrutatus
2868 615 2947 661 est
2968 625 2981 661 :
3000 623 3096 664 nos
3112 612 3253 666 enim
3275 613 3352 668 sic
3375 592 3650 684 probando

2063 684 2289 752 agimus,
2323 687 2410 742 ille
2439 691 2554 745 sine
2587 694 2677 747 tali
2710 696 3041 763 probatione.
3075 701 3165 757 Sic
3196 718 3325 774 ergo
3354 707 3643 778 loquimur,

2063 784 2121 826 ut
2153 790 2247 843 par
2272 788 2353 832 est
2378 794 2473 835 eos
2497 783 2585 851 qui
2617 799 2644 837 a
2683 786 2790 841 Deo
2821 799 2941 843 sunt
2973 792 3200 859 probati,
3229 804 3284 849 et
3306 798 3494 853 crediti
3521 811 3645 856 sunt

2060 879 2181 958 esse
2209 868 2354 940 digni
2384 875 2662 944 evangelio
2694 896 2707 932 :
2736 889 2785 933 et
2809 919 2825 945 ,
2856 880 3158 953 Loquimur,
3187 902 3288 941 non
3311 892 3456 958 quasi
3479 891 3645 946 homi-

2060 957 2206 1011 nibus
2230 960 2520 1029 placentes;
2548 964 2649 1021 boc
2674 976 2787 1033 est,
2824 985 2928 1025 non
2959 984 3176 1044 propter
3202 992 3298 1031 vos
3324 957 3440 1034 iure
3464 982 3641 1038 omnia

2059 1045 2300 1105 fecimus.
2332 1051 2591 1119 Quoniam
2621 1058 2768 1126 prius
2797 1060 2939 1128 ipsos
2968 1063 3222 1131 laudavit,
3254 1082 3321 1123 ne
3347 1069 3485 1138 quod
3514 1070 3644 1126 dicit

2057 1153 2272 1195 vocaret.
2300 1141 2351 1196 in
2378 1147 2759 1215 suspicionem,
2790 1152 2864 1205 ait
2888 1171 2900 1205 :
2929 1154 2978 1208 5.
3015 1153 3190 1226 Neque
3211 1160 3343 1211 enim
3366 1161 3641 1231 aliquando

2056 1232 2248 1300 fuimus
2285 1236 2337 1288 in
2377 1253 2608 1294 sermone
2644 1244 2953 1300 adulationis
2974 1287 2988 1311 ,
3017 1248 3148 1300 sicut
3186 1236 3377 1315 nostis:-
3402 1269 3561 1323 neque
3585 1255 3639 1308 in

2054 1325 2317 1380 occasione
2339 1330 2568 1385 avarities
2593 1348 2612 1386 :
2635 1332 2772 1388 Deus
2800 1338 2937 1389 testis
2962 1347 3037 1393 est
3059 1354 3078 1392 :
3101 1338 3151 1393 6.
3181 1357 3337 1410 neque
3359 1355 3639 1413 qucerentes

2052 1411 2115 1466 ab
2144 1413 2429 1473 hominibus
2471 1422 2686 1491 gloriam
2710 1465 2724 1488 ,
2757 1441 2917 1495 neque
2943 1443 2974 1479 a
3001 1427 3136 1482 vobis
3156 1468 3169 1491 ,
3204 1411 3450 1499 nequenb
3479 1435 3594 1488 aliis
3615 1476 3634 1499 ,

2050 1519 2165 1558 cum
2194 1523 2453 1577 possemus
2479 1527 2585 1566 esse
2605 1516 2746 1568 oneri
2769 1523 3023 1584 tamquam
3051 1517 3237 1573 Christi
3260 1523 3494 1590 apostoli.
3530 1523 3611 1577 Ne
3629 1556 3642 1565 -

2049 1612 2147 1666 que
2168 1599 2300 1653 enim
2328 1601 2602 1671 aliquando
2628 1606 2814 1675 fuimus
2844 1608 2895 1660 in
2921 1626 3151 1664 sermone
3176 1611 3514 1678 adulationis,
3549 1614 3635 1668 iu-

2049 1688 2201 1756 quit:
2227 1689 2329 1746 hoc
2355 1700 2474 1756 est,
2504 1693 2621 1748 Non
2649 1696 2848 1750 adulati
2880 1713 3063 1752 sumus
3087 1741 3101 1760 ,
3132 1702 3273 1772 quod
3304 1703 3517 1771 quidem
3550 1712 3635 1759 est

2048 1792 2233 1836 eorum
2263 1782 2352 1852 qui
2390 1783 2664 1854 decipiunt
2686 1828 2701 1853 ,
2736 1788 2825 1857 qui
2854 1789 3038 1845 volunt
3083 1794 3357 1859 possidere
3381 1803 3437 1849 et
3460 1795 3633 1850 domi-

2047 1879 2230 1926 natum
2271 1873 2534 1930 obtinere.
2575 1877 2690 1933 Non
2734 1890 2908 1949 potest
2932 1881 3036 1937 dici
3062 1884 3200 1953 quod
3232 1885 3429 1940 adulati
3461 1886 3635 1943 simus

2046 1972 2105 2018 ut
2130 1964 2463 2024 dominatum
2488 1970 2840 2034 obtineamus.
2864 1989 3038 2044 neque
3057 1976 3198 2045 quod
3226 1987 3444 2047 propter
3467 1994 3626 2050 pecu-

2044 2057 2187 2112 niam
2218 2073 2284 2113 eo
2312 2061 2636 2117 venerimus.
2669 2063 2837 2134 Hujus
2864 2067 2963 2131 rei,
2992 2081 3121 2121 sane
3150 2069 3432 2133 evidentis,
3464 2080 3630 2127 testes

2045 2152 2191 2221 ipsos
2214 2156 2497 2225 compellat
2521 2174 2535 2210 :
2558 2158 2639 2211 An
2670 2156 2868 2212 adulati
2894 2160 3082 2223 simus,
3110 2174 3201 2214 vos
3228 2161 3395 2228 scitis,
3421 2163 3624 2233 inquit:

2043 2245 2184 2314 quod
2216 2256 2394 2301 autem
2426 2263 2530 2302 non
2559 2257 2672 2304 erat
2702 2249 2921 2304 evidens
2944 2291 2960 2313 ,
2990 2264 3057 2304 an
3091 2265 3185 2320 per
3208 2252 3424 2312 modum
3454 2255 3630 2309 avari-

2044 2335 2151 2398 tiae,
2179 2337 2341 2391 Deum
2368 2338 2492 2392 citat
2519 2348 2727 2395 testem.
2755 2339 2934 2408 Neque
2955 2351 3233 2410 qucerentes
3257 2342 3318 2396 ab
3344 2345 3631 2400 hominibus

2041 2427 2290 2496 gloriam,
2320 2444 2475 2496 neque
2498 2445 2531 2481 a
2566 2429 2732 2495 vobis,
2762 2447 2921 2499 neque
2948 2433 3010 2484 ab
3035 2433 3191 2497 aliis;
3221 2450 3335 2487 cum
3367 2450 3630 2503 possemus

2042 2534 2148 2571 esse
2173 2518 2316 2572 oneri
2337 2558 2352 2583 ,
2382 2527 2636 2587 tamquam
2664 2518 2849 2574 Christi
2875 2523 3112 2591 apostoli.
3164 2523 3275 2578 Hoc
3298 2534 3380 2579 est
3403 2565 3417 2588 ,
3451 2540 3627 2595 neque

2040 2608 2273 2664 honores
2294 2618 2614 2679 quaerentes,
2641 2626 2816 2679 neque
2834 2612 3122 2681 gloriantes
3142 2622 3195 2667 et
3216 2628 3314 2668 nos
3334 2613 3611 2683 jactantes,

2041 2716 2140 2756 nec
2163 2700 2341 2770 stipati
2368 2701 2703 2756 satellitibus.
2730 2704 3061 2772 Quamquam
3086 2703 3131 2757 si
3158 2704 3258 2759 hoc
3282 2703 3622 2771 fecissemus.

2040 2792 2171 2847 nihil
2217 2791 2530 2848 fecissemus
2573 2792 2806 2848 alienum
2841 2812 2855 2847 :
2886 2808 3006 2848 nam
3055 2794 3101 2849 si
3139 2794 3358 2865 quidam
3401 2798 3546 2852 missi
3591 2814 3622 2853 a

2038 2883 2251 2951 regibus
2276 2925 2291 2951 ,
2321 2891 2446 2939 sunt
2490 2893 2665 2938 tamen
2708 2885 2759 2937 in
2803 2882 3043 2949 honore,
3079 2885 3247 2941 multo
3287 2888 3457 2956 magis
3500 2904 3623 2945 nos.

2036 2975 2225 3044 Neque
2253 2976 2418 3040 dixit,
2452 2975 2785 3033 Contumelia
2814 2975 2990 3031 allecti
3017 2992 3202 3032 sumus
3221 3020 3242 3042 ,
3268 2995 3440 3050 neque
3459 3020 3474 3045 ,
3506 2980 3620 3037 Ho-

2039 3084 2223 3125 norem
2265 3084 2369 3123 non
2408 3084 2595 3124 sumus
2630 3069 2982 3140 consequuti,
3015 3069 3157 3139 quod
3187 3070 3397 3140 quidem
3428 3087 3620 3141 expro-

2037 3159 2241 3215 brantis
2280 3158 2500 3225 fuisset;
2529 3159 2621 3215 sed
2644 3202 2659 3225 ,
2692 3160 2803 3214 Non
2834 3161 3197 3230 quaesivimus.
3227 3161 3331 3228 Qui
3355 3177 3481 3232 ergo
3511 3178 3623 3218 non

2038 3252 2401 3321 qumsivimus,
2430 3266 2549 3305 cum
2582 3252 2767 3306 liceret
2791 3266 3054 3320 qrraerere,
3088 3251 3190 3307 hoc
3214 3252 3373 3307 etiam
3403 3253 3623 3323 exigen-

2040 3353 2091 3399 te
2116 3343 2513 3413 prmdicatione,
2540 3343 2808 3413 quomodo
2838 3343 3149 3398 fecissemus
3173 3344 3371 3414 aliquid
3403 3351 3622 3413 propter

2036 3437 2297 3508 gloriam?
2340 3437 2670 3506 Quamquam
2711 3436 2919 3491 etiamsi
2949 3437 3378 3507 quaesivissemus
3403 3478 3418 3501 ,
3450 3454 3516 3494 ne
3540 3439 3623 3493 sie

2037 3527 2249 3598 quidem
2279 3541 2521 3581 essemus
2545 3526 2830 3581 accusandi
2850 3545 2866 3580 :
2885 3542 3093 3596 mquam
3121 3537 3263 3583 esset
3284 3528 3425 3582 enim
3449 3538 3505 3582 ut
3525 3529 3620 3598 qui

2036 3633 2066 3673 a
2096 3618 2205 3673 Deo
2232 3618 2379 3673 miSsi
2408 3627 2531 3672 sunt
2556 3618 2622 3672 ad
2653 3617 2941 3684 homines,
2966 3628 3233 3688 tamquam
3259 3634 3288 3672 a
3315 3617 3449 3674 crclo
3476 3634 3619 3673 nunc

2038 3710 2313 3766 venientes
2351 3711 2508 3781 legati
2533 3752 2549 3777 ,
2580 3724 2771 3780 magno
2801 3709 3103 3765 fruerentur
3140 3709 3366 3766 honore.
3396 3710 3501 3766 Sed
3534 3710 3623 3766 his

2038 3804 2292 3874 neglectis
2335 3817 2435 3857 nos
2480 3804 2669 3856 borum
2708 3801 2845 3857 nihil
2886 3800 3147 3870 fecimus,
3179 3812 3238 3858 ut
3276 3802 3620 3859 obstruamus

2037 3910 2131 3951 ora
2157 3894 2603 3950 adversariorum.

2107 3989 2161 4043 5.
2202 3986 2385 4058 Neque
2426 3986 2531 4041 dici
2575 3993 2751 4056 potest
2790 3984 2931 4057 quod
2969 4001 3091 4057 erga
3124 4001 3219 4042 vos
3253 3986 3465 4058 quidem
3498 3988 3574 4042 sic
3598 4028 3617 4051 ,

2037 4093 2161 4148 erga
2200 4080 2333 4135 alios
2363 4088 2542 4133 autem
2580 4093 2687 4132 non
2719 4080 2798 4133 sic
2825 4094 2924 4132 nos
2951 4093 3200 4148 geramus
3229 4096 3242 4133 :
3272 4079 3344 4134 ita
3374 4082 3517 4135 enim
3547 4079 3615 4133 ad

2037 4170 2338 4227 Corinthios
2364 4184 2575 4240 quoque
2600 4170 2841 4224 scribens
2866 4170 3077 4224 dicebat
3101 4186 3115 4222 :
3140 4170 3412 4224 Sustinetis
3440 4171 3570 4224 enim
3596 4212 3614 4235 ,

2035 4262 2080 4316 si
2103 4263 2214 4331 quis
2240 4278 2325 4315 vos
2351 4262 2404 4315 in
2430 4261 2714 4315 servitutem
2740 4260 2950 4331 redigit,
2972 4262 3017 4312 si
3042 4260 3153 4329 quis
3179 4261 3380 4314 devorat
3397 4301 3410 4323 ,
3435 4261 3478 4314 si
3503 4262 3619 4330 quis

2036 4353 2216 4421 accipit
2239 4393 2254 4417 ,
2293 4354 2336 4405 si
2373 4354 2484 4422 quis
2513 4353 2769 4406 extollitur
2790 4392 2805 4416 ,
2848 4353 2892 4405 si
2917 4352 3027 4417 quis
3056 4352 3107 4404 in
3137 4353 3317 4421 faciem
3352 4366 3439 4405 uos
3466 4353 3615 4405 credit

2038 4443 2133 4517 (‘2.
2163 4442 2281 4497 Cor.
2313 4443 2398 4496 ll.
2424 4443 2497 4496 20
2516 4443 2570 4513 );
2603 4452 2657 4497 et
2685 4456 2870 4496 rursus
2893 4481 2909 4507 ,
2942 4440 3221 4495 Pra'sentia
3247 4458 3363 4495 vero
3390 4443 3616 4510 corporis

2036 4535 2271 4604 inﬁrma,
2302 4550 2464 4588 sermo
2492 4532 2877 4603 contemptibilis
2898 4548 2917 4585 :
2942 4541 2995 4587 et
3020 4547 3202 4587 rursus
3220 4573 3236 4599 ,
3269 4532 3465 4587 Donate
3492 4535 3616 4588 milii

2037 4628 2168 4682 hanc
2193 4627 2430 4697 injuriam
2456 4627 2473 4696 (
2502 4624 2634 4678 Ibid.
2666 4625 2755 4680 10.
2790 4625 2876 4679 10.
2903 4633 2951 4678 et
2984 4623 3068 4679 12.
3105 4624 3234 4695 15).
3262 4625 3372 4680 illic
3403 4641 3617 4696 quoque

2038 4717 2269 4773 ostendit
2294 4731 2353 4772 se
2377 4716 2531 4771 valde
2551 4729 2670 4771 esse
2695 4715 2971 4776 humilem.
2999 4730 3065 4769 ex
3090 4730 3156 4770 eo
3177 4715 3314 4786 quod
3343 4724 3447 4771 tam
3473 4718 3610 4772 mul-

2039 4818 2089 4864 ta
2129 4809 2485 4864 conculcaret.
2534 4807 2628 4861 ilic
2667 4816 2842 4861 autem
2884 4806 3015 4861 dicit
3044 4808 3202 4862 etiam
3231 4807 3297 4862 de
3329 4810 3612 4878 pecuniis:

2038 4901 2166 4955 Cum
2213 4918 2469 4971 possemus
2512 4900 2647 4954 vobis
2684 4915 2791 4954 esse
2819 4900 2959 4953 oneri
2998 4909 3050 4952 ut
3076 4900 3265 4954 Christi
3294 4901 3527 4971 apostoli.
3558 4903 3612 4956 7.

2040 4994 2145 5049 Sed
2170 4994 2293 5063 [acti
2321 5009 2493 5047 sumus
2521 4990 2719 5062 parvuli
2743 4991 2796 5044 in
2825 4991 2988 5045 medio
3015 5000 3227 5044 vestrum
3250 5008 3269 5045 :
3290 5002 3543 5062 tamquam
3572 4993 3617 5046 si

2038 5086 2214 5139 nutrix
2242 5088 2405 5155 foveat
2434 5084 2566 5149 ﬁlios
2591 5099 2730 5147 suos,
2758 5082 2813 5138 8.
2841 5084 2912 5136 ita
2940 5083 3278 5137 desiderantes
3304 5099 3409 5145 vos,
3433 5085 3619 5152 cupide

2039 5176 2325 5232 volebamus
2350 5176 2548 5229 tradere
2571 5174 2726 5237 vobis,
2752 5191 2850 5227 non
2870 5175 3033 5228 solum
3057 5173 3368 5245 evangelium
3394 5173 3506 5239 Dei,
3528 5174 3617 5229 sed

2041 5270 2190 5322 etiam
2232 5267 2430 5320 animas
2472 5275 2670 5319 nostras
2710 5280 2729 5318 :
2751 5265 2991 5335 quoniam
3029 5264 3277 5318 carissimi
3313 5263 3456 5319 nobis
3494 5264 3621 5335 [acti

2040 5359 2176 5412 estis.
2212 5357 2317 5413 Sed
2347 5356 2468 5427 facti
2504 5371 2675 5409 sumus
2699 5396 2713 5417 ,
2747 5354 2951 5423 inquit,
2980 5354 3179 5423 parvuli
3205 5369 3225 5409 :
3250 5354 3301 5409 id
3327 5362 3408 5409 est
3429 5395 3445 5419 ,
3473 5353 3618 5409 Nihil

2042 5448 2401 5516 importunum
2428 5487 2443 5511 ,
2476 5445 2605 5499 nihil
2638 5444 2918 5498 molestum
2951 5458 3049 5499 nec
3082 5460 3241 5514 grave
3268 5460 3443 5515 neque
3471 5445 3613 5514 quod

2044 5540 2234 5594 fastum
2262 5538 2450 5593 habeat
2473 5536 2821 5592 ostendimus.
2856 5536 2986 5590 Illud
3012 5547 3190 5591 autem
3212 5577 3227 5604 ,
3255 5536 3322 5592 la
3347 5537 3510 5590 medio
3536 5553 3617 5590 ce-

2041 5640 2221 5692 strum,
2251 5631 2351 5684 tale
2376 5639 2490 5694 est,
2522 5638 2580 5683 ut
2606 5627 2651 5682 si
2679 5628 2796 5698 quis
2823 5629 2997 5693 dicat,
3024 5626 3139 5682 Non
3164 5642 3229 5682 ex
3262 5627 3409 5684 vobis
3441 5627 3615 5683 locum

2043 5730 2098 5778 et
2125 5730 2322 5777 sortem
2353 5720 2681 5791 superiorem
2712 5728 2763 5775 et
2794 5719 3200 5776 eminentiorem
3233 5719 3578 5790 accipientes.
