4106 6208
452 301 556 356 403

524 415 755 470 [iactaris
778 413 1020 484 ojﬁcinm.
1043 442 1112 453 —
1142 411 1417 481 Tamquam
1444 411 1488 464 si
1513 409 1690 463 nutrix
1714 408 1876 478 foveat
1897 447 1912 470 ,
1945 405 2027 460 in-

451 508 595 576 quit,
623 506 756 574 ﬁlios
783 521 923 559 suos.
954 503 1026 558 lta
1059 510 1271 573 oportet
1294 515 1417 556 esse
1440 500 1735 555 doctorem.
1762 497 1900 551 Num
1931 511 2030 548 nu-

453 598 555 650 trix
582 596 827 651 adulatur
853 606 908 650 ut
929 595 1153 664 gloriam
1181 590 1573 661 consequatur?
1597 603 1722 644 num
1747 587 2025 658 pecuniam

454 687 582 753 petit
607 701 636 739 a
665 688 840 755 parvis
867 689 1041 754 pueris
1056 684 1081 736 ?
1107 698 1232 737 num
1260 690 1343 736 est
1369 682 1472 736 illis
1492 680 1666 750 gravis
1685 687 1740 734 et
1765 676 2028 732 molesta?

452 792 628 831 annon
655 777 755 831 illic
776 788 898 831 sunt
920 775 1261 845 benigniores
1278 784 1333 830 et
1355 773 1592 828 mitiores
1611 787 1767 842 quam
1791 770 2029 825 matres?

457 870 549 923 llic
597 869 828 923 ostendit
871 882 1105 920 amorem
1145 875 1199 922 et
1241 865 1684 920 benevolentiam.
1715 860 1800 915 Ita
1829 861 2028 915 deside-

453 972 617 1014 rantes
645 977 764 1025 vos,
797 959 968 1030 inquit
1000 979 1014 1015 :
1042 961 1112 1015 ita
1143 960 1293 1014 vobis
1323 958 1552 1013 devincti
1584 969 1768 1010 sumus
1790 995 1804 1018 ,
1836 964 1892 1008 et
1919 968 2026 1007 non

451 1055 624 1108 solum
662 1055 794 1110 nihil
835 1055 1122 1121 accipimus
1146 1095 1159 1117 ,
1193 1053 1286 1108 sed
1328 1053 1371 1106 si
1412 1058 1656 1120 oporteat
1693 1047 1854 1103 etiam
1886 1047 2027 1116 ipsas

453 1144 710 1212 impertiri
736 1145 960 1210 animas,
990 1159 1094 1198 non
1129 1142 1511 1197 recnsabimus.
1542 1138 1776 1194 Hoccine
1797 1134 2030 1200 est,dic,
2055 1163 2060 1170 ι

449 1229 630 1303 qnmso
657 1276 670 1299 ,
700 1235 945 1289 humanae
973 1234 1204 1288 mentis?
1234 1243 1287 1287 et
1316 1233 1432 1301 quis
1460 1231 1594 1284 adeo
1621 1227 1816 1298 desipit
1845 1236 1901 1281 ut.
1926 1226 2028 1280 hoc

449 1326 634 1379 dicat?
686 1325 878 1396 Cupide
922 1326 1206 1378 volebamus
1255 1323 1452 1376 tradere
1497 1323 1672 1385 vobis,
1719 1335 1820 1372 non
1863 1317 2025 1372 solum

449 1417 758 1484 evangelium
780 1416 895 1479 Dei,
923 1417 1012 1469 sed
1034 1416 1182 1469 etiam
1204 1416 1400 1468 animas
1426 1425 1642 1468 nostras.
1669 1409 2024 1479 Quamobrem
2057 1421 2062 1426 ‘

451 1506 551 1558 hth
601 1517 680 1560 est
736 1506 826 1559 illo
867 1507 1058 1574 majus.
1110 1507 1176 1560 Et
1223 1505 1487 1575 quodnam
1529 1511 1610 1558 est
1638 1499 1905 1556 lucrum?
1950 1499 2054 1553 Ex‘

448 1597 722 1664 evangelio
745 1597 956 1666 quidem
986 1598 1219 1662 lucrum;
1251 1597 1575 1650 dare'autem
1603 1594 1857 1658 animam,
1883 1589 2025 1660 quod

447 1687 512 1740 ad
541 1686 903 1742 difﬁcultatem
930 1688 1136 1751 attinet,
1162 1696 1244 1741 est
1264 1686 1356 1741 illo
1382 1685 1570 1754 majus.
1595 1684 1708 1739 Non
1737 1693 1859 1738 sunt
1883 1681 2025 1736 enim

450 1778 594 1844 paria
641 1777 930 1845 prtedicare
960 1786 1012 1831 et
1039 1777 1165 1832 dare
1195 1778 1425 1830 animam
1458 1794 1472 1830 :
1501 1793 1622 1831 nam
1653 1775 1780 1829 illud
1813 1775 2024 1845 quidem

447 1878 530 1923 est
557 1869 954 1936 honorabilius,
988 1868 1087 1924 hoc
1116 1878 1292 1924 autem
1323 1877 1403 1924 est
1435 1868 1650 1938 majoris
1676 1867 2024 1921 difﬁcultatis.

450 1962 716 2018 Vellemus
740 2003 754 2027 ,
787 1963 995 2033 inquit,
1025 1963 1069 2018 si
1098 1964 1322 2026 liceret,
1350 1962 1512 2017 etiam
1538 1962 1742 2015 animas
1770 1960 1918 2016 vobis
1943 1959 2028 2014 cf:

449 2053 693 2110 fundere.
722 2055 982 2122 Quoniam
1011 2070 1139 2124 ergo
1167 2054 1396 2109 laudavit
1425 2064 1477 2108 et
1507 2052 1711 2115 laudat,
1743 2061 2023 2121 propterea

449 2146 636 2216 inquit,
664 2147 778 2200 Non
805 2146 1058 2217 pecunias
1079 2157 1398 2215 quaerentes;
1424 2161 1528 2200 non
1551 2144 1702 2199 vobis
1723 2144 2021 2209 adulantes,

449 2253 552 2290 non
583 2239 806 2308 gloriam
839 2245 1148 2308 appetentes
1189 2237 1290 2292 hoc
1328 2235 1568 2291 facimus.
1598 2235 1731 2291 Vide
1759 2235 1902 2290 enim
1934 2251 1948 2288 :
1981 2235 2023 2288 si

450 2330 612 2382 multa
654 2328 999 2383 coniecerant
1033 2327 1324 2384 certamina
1348 2367 1364 2393 ,
1393 2337 1447 2381 et
1486 2328 1723 2396 impense
1749 2326 2027 2394 oportebat

448 2431 542 2471 eos
585 2417 789 2471 laudari
830 2426 886 2472 et
927 2417 1112 2473 haberi
1157 2418 1206 2470 in
1251 2416 1600 2472 admiratione
1624 2457 1637 2480 ,
1680 2423 1738 2470 ut
1775 2415 2028 2470 fortiores
2063 2443 2065 2445 ι

449 2509 758 2575 evaderent,
785 2508 1013 2564 habebat
1038 2511 1152 2564 laus
1174 2509 1551 2577 suspicionem.
1579 2509 1884 2578 Propterea,
1909 2509 2027 2565 hare

447 2601 625 2655 omnia
661 2600 810 2665 dicit,
844 2615 1097 2654 amovens
1127 2600 1504 2670 suspicionem,
1527 2601 1654 2654 dicit
1687 2601 1939 2669 pericula.
1962 2601 2026 2654 Et
2060 2602 2065 2637 ὲ

448 2704 654 2756 rursus,
677 2705 742 2746 ne
764 2700 987 2760 putetur
1007 2691 1237 2760 pericula
1263 2692 1460 2756 dicere,
1489 2703 1753 2763 tamquam
1775 2707 1870 2763 pro
1899 2691 2025 2762 ipsis
2062 2717 2064 2719 >

448 2781 718 2845 laborans,
751 2790 806 2836 et
833 2791 1098 2850 tamquam
1124 2782 1192 2834 ab
1217 2782 1346 2850 ipsis
1367 2783 1572 2837 debeas
1597 2782 1884 2847 honorari;
1907 2783 2026 2838 ideo

447 2881 727 2941 postquam
759 2872 990 2940 pericula
1033 2872 1381 2937 memoravit,
1406 2872 1677 2942 subjunxit
1715 2888 1730 2928 :
1773 2870 2024 2937 Quoniam
2057 2895 2063 2902 -

447 2963 692 3016 carissimi
736 2963 876 3017 nobis
900 2965 1196 3034 factiestis;
1223 2972 1382 3033 atque
1407 2963 1527 3020 ideo
1568 2964 1773 3019 animas
1815 2972 2050 3019 nostras

447 3052 692 3108 lubenter
712 3053 862 3108 vobis
889 3053 1238 3118 dedissemus,
1265 3070 1331 3110 eo
1352 3053 1492 3124 quod
1513 3053 1663 3109 vobis
1683 3053 1837 3109 valde
1857 3055 2024 3109 simus

447 3145 699 3200 devincti.
745 3146 1280 3216 Atque‘evangelium
1313 3145 1525 3216 quidem
1551 3185 1566 3211 ,
1598 3145 1849 3216 quoniam
1882 3145 2022 3200 Deus

443 3237 624 3306 jussit,
649 3237 1061 3302 annuntiamus;
1096 3245 1296 3291 tantum
1324 3246 1500 3291 autem
1527 3252 1621 3291 vos
1647 3237 1936 3307 diligimus,
1967 3247 2023 3290 ut

449 3332 492 3384 si
524 3333 725 3394 liceret,
756 3331 914 3384 etiam
942 3329 1148 3383 animas
1173 3329 1524 3384 dedissemus.
1553 3328 1640 3385 Sic
1666 3333 1878 3399 oportet
1902 3327 2024 3382 dili-
2053 3348 2059 3353 ·

446 3430 658 3491 gentem
687 3420 906 3490 diligere
929 3461 944 3486 ,
981 3430 1036 3474 nt
1068 3421 1110 3474 si
1141 3419 1210 3472 ab
1239 3434 1304 3474 eo
1334 3427 1542 3489 petatur
1569 3418 1744 3472 anima
1769 3461 1784 3484 ,
1817 3426 1872 3474 et
1907 3419 2018 3472 ﬁeri

448 3516 614 3584 possit
636 3554 651 3576 ,
687 3529 790 3569 non
822 3523 980 3570 velet.
1013 3513 1127 3567 Non
1157 3514 1278 3568 dico
1303 3556 1316 3579 ,
1358 3513 1400 3566 si
1449 3522 1656 3581 petatur
1697 3511 1869 3566 solum
1917 3512 2021 3566 imo

449 3620 577 3660 vero
599 3614 658 3659 ut
679 3605 790 3675 ipse
815 3605 879 3659 ad
908 3604 1008 3660 hoc
1022 3604 1219 3659 donum
1245 3614 1508 3658 accurrat.
1533 3603 1671 3658 Nihil
1698 3603 1862 3667 enim,
1891 3601 2019 3655 nihil
2054 3629 2056 3632 ν

449 3697 747 3766 hujnsmodi
792 3711 976 3751 amore
1015 3696 1172 3750 fuerit
1208 3695 1524 3766 jucundius,
1558 3695 1686 3750 nihil
1720 3695 1826 3748 illic
1853 3695 2022 3750 couti-

447 3787 582 3856 gerit
619 3786 921 3840 molestum.
958 3786 1153 3841 Fidelis
1191 3788 1392 3839 amicus
1421 3802 1603 3841 revera
1636 3795 1716 3840 est
1753 3786 1873 3840 vita:
1911 3800 2023 3840 me-

445 3877 802 3933 dicamentum
838 3894 851 3930 :
883 3877 1054 3932 ﬁdelis
1095 3877 1296 3932 amicus
1340 3886 1423 3933 est
1467 3878 1696 3932 validum
1747 3886 2023 3947 tegumen-

449 3979 581 4024 tum.

521 4061 647 4128 Quis
667 4062 728 4114 sit
750 4075 892 4114 verus
912 4059 1122 4113 amicus.
1142 4057 1444 4113 Christiana:
1461 4060 1696 4114 amicitia:
1712 4060 2017 4130 exemplum.

448 4183 516 4192 --
541 4151 676 4220 Quid
704 4153 845 4206 enim
875 4166 978 4206 non
1009 4149 1193 4207 fecerit
1219 4165 1375 4206 verus
1401 4161 1454 4206 et
1477 4165 1762 4221 germanus
1785 4152 2023 4206 amicus?

447 4259 602 4313 quam
629 4258 732 4297 non
757 4243 990 4298 attulerit
1010 4243 1332 4312 voluptatem
1350 4243 1373 4296 ?
1393 4259 1549 4314 quam
1575 4258 1678 4298 non
1704 4243 2023 4298 utilitatem?

447 4349 605 4403 quam
656 4349 758 4388 non
807 4334 1185 4389 securitatem?
1235 4332 1455 4388 Etiamsi
1503 4334 1781 4389 thesauros
1823 4333 2022 4389 dixeris

450 4424 861 4480 innumerabiles
886 4465 900 4487 ,
933 4423 1062 4478 nihil
1105 4438 1234 4478 vero
1271 4433 1324 4476 et
1363 4437 1620 4491 germano
1647 4424 1819 4477 amico
1852 4433 2023 4492 potest

448 4519 784 4590 aequiparari.
833 4517 1068 4572 Primum
1112 4526 1287 4570 autem
1318 4515 1561 4568 dicamus
1585 4526 1836 4582 quautam
1866 4517 2017 4570 volu-

451 4619 645 4679 ptatem
688 4609 849 4663 habet
877 4607 1106 4662 amicitia
1137 4623 1150 4660 :
1177 4606 1337 4675 gestit
1361 4604 1554 4674 gaudio
1584 4605 1813 4659 amicum
1836 4606 2022 4661 videns

449 4711 504 4756 et
543 4699 856 4754 diffunditur
887 4715 899 4750 :
929 4712 1049 4752 cum
1081 4712 1144 4751 eo
1172 4695 1509 4766 conjungitur
1536 4693 1763 4765 quadam
1792 4696 2020 4766 conjun-

448 4794 626 4846 ctione
653 4843 664 4855 ,
691 4807 810 4862 qute
838 4789 1156 4846 ineffabilem
1175 4790 1362 4843 animo
1387 4787 1546 4843 habet
1571 4788 1896 4858 voluptatem
1929 4807 1940 4842 :
1969 4799 2024 4844 et

449 4884 493 4936 si
520 4883 690 4936 solum
719 4882 833 4951 ejus
860 4880 1181 4946 meminerit,
1211 4889 1387 4936 mente
1410 4879 1640 4950 assurgit
1663 4889 1718 4934 et
1740 4881 2020 4937 attollitur.

453 4977 526 5029 De
554 4973 822 5045 germanis
854 4973 1042 5041 loquor
1065 4971 1253 5025 anthIS
1272 5011 1286 5036 ,
1318 4971 1406 5040 qui
1431 4979 1557 5026 sunt
1585 4971 1860 5026 unanimes
1886 5014 1900 5037 ,
1933 4973 2022 5042 qui

451 5084 548 5136 pro
586 5067 770 5121 amicis
813 5064 946 5117 mori
990 5063 1284 5132 elegerint,
1315 5064 1402 5133 qui
1437 5065 1686 5119 ardenter
1713 5075 1914 5121 amant.
1946 5066 2024 5122 Ne

451 5159 602 5225 mihi,
622 5159 916 5226 cogitantes
937 5169 1030 5208 eos
1054 5154 1142 5224 qui
1169 5154 1356 5209 leviter
1374 5165 1571 5219 amant,
1597 5164 1654 5211 et
1676 5166 1799 5211 sunt
1825 5173 2023 5213 mensa:

449 5251 619 5313 socii,
650 5259 706 5304 et
733 5249 885 5302 amici
918 5247 1132 5302 nomine
1155 5287 1170 5311 ,
1203 5244 1518 5301 existimetis
1547 5262 1770 5317 arguere
1799 5249 1849 5303 id
1881 5248 2022 5319 quod

448 5344 660 5397 dicitur.
704 5341 762 5396 Si
803 5342 924 5412 quis
968 5340 1128 5396 habet
1165 5337 1390 5393 amicum
1431 5338 1640 5408 qualem
1670 5339 1791 5394 dico
1815 5382 1830 5405 ,
1861 5340 2023 5396 verba

449 5442 703 5505 agnoscet
732 5451 744 5488 :
774 5442 828 5488 ct
864 5434 908 5487 si
939 5448 1058 5486 eum
1093 5431 1328 5503 quotidie
1362 5430 1588 5498 viderit,
1620 5448 1724 5487 non
1754 5433 1977 5487 satiatur
2007 5451 2020 5487 :

449 5526 634 5581 eadem
679 5526 776 5596 ipsi
806 5541 925 5595 qua:
962 5524 1166 5595 sibiipsi
1197 5531 1344 5593 optat
1375 5532 1428 5578 et
1463 5532 1730 5593 precatur.
1763 5523 1894 5578 Novi
1925 5539 2026 5594 ego

451 5619 729 5688 quemdam
756 5617 845 5686 qui
877 5631 974 5686 pro
999 5618 1172 5671 amico
1197 5617 1340 5672 viros
1363 5627 1577 5672 sanctos
1603 5617 1822 5687 rogabat
1849 5623 1905 5671 ut
1927 5630 2025 5686 pro

454 5709 570 5778 ipso
608 5710 836 5778 primum
877 5715 1130 5771 orarent,
1165 5706 1357 5764 deinde
1398 5722 1492 5777 pro
1520 5722 1602 5764 se.
1635 5707 1799 5763 Tanta
1832 5723 1921 5765 res
1943 5717 2026 5764 cst

1128 296 1185 353 S.
1226 294 1499 353 JOANNIS
1533 289 1997 350 CHRYSOSTOMI
2039 289 2350 346 ARCl‘llEP.
2392 291 2924 352 CONSTANTINUP.

3613 308 3714 362 404

2136 401 2304 458 bonus
2343 405 2547 460 amicus
2570 446 2584 470 ,
2615 417 2672 460 ut
2707 417 2761 462 et
2805 409 2945 463 loca‘
2967 417 3022 465 et
3053 421 3290 482 tempora
3319 425 3538 485 propter
3568 418 3714 489 ipsos

2134 503 2398 550 amentur.
2449 497 2598 553 Sicut
2643 499 2784 554 enim
2833 517 2862 555 a
2911 504 3206 573 Splendidis
3250 511 3568 578 corporibus
3615 513 3713 566 ﬂos

2134 595 2348 641 emanat
2387 587 2438 642 in
2469 589 2581 644 loca
2611 592 2779 646 vicina
2811 609 2825 645 :
2854 603 2923 647 Ita
2964 593 3123 649 etiam
3163 595 3317 652 amici
3355 600 3422 654 ad
3459 602 3572 656 loca
3600 644 3614 667 ,
3645 605 3712 657 ad

2133 693 2254 748 quae
2291 681 2652 745 accesserint,
2695 698 2845 738 suam
2889 687 3138 742 emittunt
3180 690 3403 758 gratiam
3434 709 3446 745 :
3473 702 3527 747 et
3572 708 3714 764 saepe

2134 784 2254 823 cum
2283 770 2483 840 absque
2510 773 2698 828 amicis
2726 774 2776 826 in
2808 775 2912 830 illis
2935 777 3068 834 locis
3098 779 3369 847 fuerimus,
3395 782 3605 852 ﬂemus,
3630 802 3715 842 re-

2133 861 2418 917 cordantes
2443 863 2650 918 dierum
2683 865 2733 919 in
2765 867 2956 937 quibus
2981 884 3104 924 cum
3135 871 3240 926 illis
3265 877 3457 928 versati
3485 891 3670 931 sumus
3694 918 3708 942 ,

2133 952 2186 1008 et
2210 955 2493 1025 gemimus.
2524 956 2713 1013 Verbis
2738 961 2990 1028 explicari
3018 977 3123 1017 non
3153 973 3330 1034 potest
3355 976 3604 1036 quautam
3633 971 3713 1022 af-

2132 1041 2235 1097 fert
2257 1044 2582 1114 voluptatem
2610 1057 2664 1100 et
2689 1047 2924 1104 lmtitiam
2950 1054 3230 1120 praesentia
3259 1056 3548 1111 amicorum
3575 1075 3588 1111 :
3611 1061 3712 1114 soli

2131 1144 2310 1188 autem
2338 1135 2513 1190 sciunt
2541 1137 2631 1206 qui
2657 1140 3020 1207 experiuntur.
3057 1143 3124 1198 Et
3151 1147 3377 1214 gratiam
3409 1159 3589 1216 petere
3613 1193 3628 1216 ,
3658 1160 3714 1205 et

2129 1225 2355 1292 gratiam
2398 1227 2641 1297 accipere
2680 1229 2748 1283 ab
2790 1232 2968 1287 amico
3008 1234 3134 1288 licet
3166 1237 3298 1290 citra
3329 1239 3710 1308 suspicionem.

2132 1313 2354 1381 Quando
2385 1319 2536 1373 nobis
2566 1321 2860 1389 imperant,
2895 1333 3019 1380 tunc
3047 1327 3125 1381 eis
3157 1326 3413 1384 habemus
3439 1333 3660 1401 gratiam
3694 1351 3709 1390 :

2132 1406 2345 1474 quando
2375 1407 2616 1465 dubitant
2642 1420 2698 1466 et
2723 1425 2972 1469 verentur
2992 1457 3006 1482 ,
3035 1425 3164 1472 tunc
3192 1419 3401 1474 tristitia
3429 1422 3711 1481 afﬁciatur.

2132 1495 2271 1550 Nihil
2305 1498 2559 1555 habemus
2587 1503 2729 1573 quod
2761 1520 2864 1560 non
2897 1507 2965 1560 sit
2994 1508 3225 1563 illorum.
3261 1509 3448 1566 Omnia
3478 1531 3596 1583 quae
3625 1516 3714 1572 hic

2131 1597 2254 1641 sunt
2297 1604 2441 1660 saepe
2481 1591 2836 1662 despicientes
2863 1637 2877 1658 ,
2911 1608 3130 1667 propter
3158 1600 3277 1655 illos
3314 1603 3561 1660 nolumus
3589 1605 3712 1661 hinc

2131 1679 2393 1748 emigrare
2423 1699 2436 1734 :
2465 1691 2529 1736 et
2548 1683 2663 1738 luce
2693 1685 2804 1754 ipsa
2834 1685 2907 1739 illi
2935 1699 3059 1741 sunt
3086 1691 3252 1759 magis
3278 1691 3682 1751 desiderabiles.

2200 1769 2255 1823 4.
2300 1770 2501 1826 ilex-era
2551 1775 2694 1828 enim
2727 1775 2840 1845 ipsa
2866 1777 3025 1832 etiam
3055 1779 3174 1835 luce
3201 1792 3283 1836 est
3322 1786 3527 1840 amicus
3562 1788 3708 1842 desi-

2129 1860 2422 1918 derabilior
2450 1881 2462 1917 :
2513 1865 2704 1937 loquor
2729 1868 2796 1923 de
2821 1869 3032 1926 sincero
3062 1883 3114 1927 et
3140 1870 3419 1944 germano.
3466 1878 3576 1933 Nec
3605 1881 3706 1933 mi-

2131 1954 2268 2008 reris
2307 1973 2320 2008 :
2355 1957 2543 2011 melius
2574 1959 2716 2014 enim
2746 1969 2830 2015 est
2875 1971 2932 2015 ut
2960 1964 3037 2017 sol
3087 1965 3242 2020 nobis
3286 1968 3658 2038 exstinguuntur
3686 2012 3702 2038 ,

2127 2059 2283 2114 quam
2315 2057 2372 2101 ut
2412 2050 2682 2118 privemur
2723 2054 2938 2119 amicis;
2991 2057 3180 2112 melius
3208 2069 3289 2114 est
3319 2059 3512 2131 degere
3542 2063 3592 2116 in
3625 2073 3706 2118 te-

2130 2136 2352 2202 nebris,
2405 2153 2562 2208 quam
2613 2144 2800 2198 amicis
2854 2147 3092 2215 privari:
3135 2157 3191 2204 et
3245 2153 3557 2221 quomodo,
3606 2170 3706 2224 ego

2129 2226 2322 2282 dicam.
2351 2230 2498 2284 Multi
2527 2233 2695 2290 solem
2724 2236 2966 2294 videntes
2995 2251 3120 2296 Sunt
3149 2243 3199 2296 in
3229 2244 3493 2310 tenebris;
3516 2249 3706 2302 amicis

2127 2328 2303 2375 autem
2334 2323 2575 2378 instructi
2607 2366 2622 2388 ,
2669 2343 2956 2399 numquam
2999 2332 3052 2386 in
3084 2335 3334 2388 aerumnis
3378 2346 3654 2391 versantur
3683 2356 3702 2394 :

2127 2409 2198 2464 de
2241 2412 2428 2466 amicis
2456 2413 2646 2484 loquor
2689 2420 3086 2489 spiritualibus,
3118 2425 3205 2494 qui
3234 2425 3358 2478 nihil
3407 2425 3698 2494 praferunt

2128 2503 2395 2559 amicitim.
2442 2505 2587 2560 Talis
2616 2518 2731 2563 erat
2777 2510 2974 2568 Paulus
2999 2556 3012 2580 ,
3043 2516 3132 2584 qui
3181 2516 3408 2569 animam
3447 2531 3592 2571 suam
3623 2517 3692 2570 li-

2129 2589 2317 2646 henter
2367 2593 2639 2662 dedisset,
2689 2615 2790 2655 nec
2841 2613 3056 2671 rogatus
3095 2605 3256 2659 etiam
3305 2606 3356 2659 in
3402 2606 3695 2676 gehennam

2127 2683 2352 2740 libenter
2379 2687 2559 2742 ivisset
2585 2707 2598 2743 :
2628 2690 2696 2744 ita
2725 2692 2932 2746 ardenti
2952 2693 3272 2765 diligendum
3296 2706 3378 2751 est
3399 2697 3696 2753 aiiecﬁone.

2127 2775 2259 2830 Volo
2288 2779 2589 2848 exemplum
2617 2781 2864 2838 amicitia:
2892 2785 3053 2840 dare:
3082 2797 3260 2856 patres
3297 2797 3352 2842 et
3379 2789 3513 2842 ﬁlios
3541 2803 3699 2858 supe-

2126 2878 2246 2924 rant
2291 2871 2487 2939 amici,
2536 2875 2734 2942 amici,
2785 2877 3032 2948 inquam,
3063 2879 3356 2934 secundum
3407 2880 3693 2935 Christum.

2124 2959 2202 3015 Ne
2241 2961 2372 3016 mihi
2418 2964 2559 3017 enim
2592 2965 2880 3022 ltodiernos
2928 2969 3128 3025 amicos
3179 2971 3364 3036 dicas;
3410 2987 3531 3027 nam
3576 2988 3694 3027 cum

2123 3055 2246 3108 aliis
2291 3054 2393 3109 hoc
2430 3071 2654 3126 quoque
2702 3058 2898 3113 bonum
2932 3063 3181 3127 recessit;
3230 3062 3324 3118 sed
3356 3065 3528 3134 cogita
3557 3064 3693 3133 quod

2125 3155 2365 3214 tempore
2409 3148 2770 3217 apostolorum
2798 3190 2812 3211 ,
2857 3167 2962 3204 non
2992 3151 3180 3222 loquor
3201 3153 3269 3206 de
3318 3154 3614 3224 corypluris
3641 3165 3696 3208 et

2123 3240 2486 3309 principibus.
2534 3242 2626 3296 sed
2677 3242 2743 3296 de
2788 3244 2852 3297 iis
2879 3243 2969 3314 qui
3008 3245 3382 3312 crediderunt;
3417 3247 3692 3312 Omnium,

2123 3330 2312 3398 inquit,
2340 3342 2445 3385 erat
2469 3334 2645 3385 anima
2668 3351 2769 3388 una
2795 3347 2840 3387 et
2869 3352 2957 3389 cor
2985 3353 3158 3400 unum,
3181 3348 3230 3391 et
3257 3355 3401 3393 nemo
3425 3342 3694 3410 quidquam
3731 3362 3733 3364 ·

2121 3439 2183 3476 ex
2210 3424 2270 3478 iis
2298 3437 2412 3492 qua:
2441 3425 2648 3479 habebat
2679 3427 2872 3480 dicebat
2896 3444 3003 3481 esse
3031 3431 3331 3498 proprium;
3360 3441 3409 3485 et
3428 3432 3693 3486 distribue—

2120 3515 2270 3570 batur
2305 3517 2518 3587 singulis
2561 3527 2707 3589 prout
2736 3527 2865 3589 opus
2911 3520 3156 3574 habebant
3187 3522 3322 3589 (Act.
3355 3524 3408 3578 4.
3442 3523 3529 3578 52.
3577 3524 3690 3593 55).

2119 3607 2234 3662 Νοη
2257 3617 2378 3662 erat
2403 3619 2528 3663 tunc
2552 3624 2725 3662 meum
2753 3618 2808 3663 ct
2839 3620 3004 3664 tuum.
3046 3611 3156 3666 Hoc
3194 3622 3311 3667 erat
3335 3614 3561 3668 amicitia
3581 3654 3597 3680 ,
3625 3629 3694 3669 ne

2121 3703 2241 3771 quis
2267 3718 2384 3771 quae
2430 3717 2524 3756 sua
2553 3711 2704 3756 erant
2731 3717 2823 3757 sua
2855 3703 3185 3759 existimaret
3207 3744 3220 3766 ,
3254 3705 3349 3759 sed
3393 3720 3512 3775 qua:
3541 3713 3694 3759 erant

2123 3791 2347 3861 proximi
2373 3808 2386 3847 :
2416 3807 2534 3861 quae
2563 3802 2738 3848 autem
2765 3807 2858 3846 sua
2883 3832 2898 3857 ,
2933 3793 3102 3849 aliena
3131 3813 3144 3858 ;
3187 3805 3354 3864 utque
3398 3797 3537 3850 illius
3578 3800 3694 3851 ani.

2122 3897 2222 3936 mae
2247 3897 2399 3952 aeque
2420 3891 2660 3951 parceret
2694 3891 2853 3952 atque
2882 3898 3026 3950 sum;
3070 3894 3124 3939 et
3154 3885 3243 3940 ille
3271 3886 3515 3941 similiter
3539 3903 3692 3943 eum-

2122 3970 2246 4027 dem
2267 3975 2434 4030 animi
2461 3976 2716 4032 aﬂ'ectnm
2745 3977 3014 4036 ostendat.
3034 3963 3096 4031 Et
3125 3975 3348 4041 alicubi,
3375 3974 3690 4043 inquit,tieri

2121 4072 2300 4134 potest
2324 4072 2378 4117 ut
2409 4064 2528 4118 talis
2559 4064 2858 4119 inveniatur
2873 4065 2896 4117 ’ἓ
2929 4067 3129 4130 Etiam;
3155 4065 3246 4120 sed
3274 4068 3394 4136 quia
3425 4069 3690 4130 nolumus,

2123 4153 2238 4208 ﬁeri
2265 4169 2370 4208 non
2398 4162 2575 4223 potest
2599 4172 2613 4210 :
2643 4165 2818 4224 potest
2843 4156 2985 4210 enim
3009 4154 3163 4210 facile
3192 4157 3304 4210 ﬁeri
3325 4199 3340 4222 ,
3371 4159 3412 4210 si
3441 4159 3690 4214 velimus.

2121 4247 2253 4303 Nam
2295 4247 2340 4301 si
2370 4247 2482 4302 ﬁeri
2510 4263 2616 4301 non
2647 4259 2861 4317 posset,
2894 4264 2960 4303 ne
2999 4248 3251 4317 jussisset
3294 4249 3504 4318 quidem
3535 4249 3692 4305 Chri-

2123 4348 2237 4393 stus
2259 4379 2272 4400 .
2301 4353 2402 4392 nec
2425 4347 2534 4392 tam
2564 4339 2724 4392 multa
2757 4339 2980 4394 dixisset
3010 4339 3078 4393 de
3105 4341 3349 4394 caritate.
3380 4340 3563 4410 Magna
3606 4355 3695 4395 res

2122 4437 2204 4484 est
2243 4428 2509 4494 amicitia,
2537 4437 2591 4484 ct
2615 4445 2774 4498 quam
2817 4430 2886 4483 sit
2913 4445 3098 4500 magna
3122 4472 3137 4495 ,
3170 4445 3268 4484 nec
3297 4431 3503 4485 discere
3543 4431 3696 4501 quis-

2123 4535 2280 4591 quam
2301 4560 2319 4588 ,
2349 4535 2448 4574 nec
2469 4521 2638 4574 oratio
2666 4521 2770 4574 ulla
2798 4521 3065 4589 explicare
3095 4532 3288 4591 potest,
3314 4523 3696 4592 prmter‘ipsam

2125 4615 2530 4683 experientiam.
2559 4613 2672 4667 Hoc
2704 4613 2830 4668 fecit
2861 4613 3092 4668 lnereses
3111 4654 3127 4680 ,
3154 4614 3257 4669 hoc
3283 4615 3500 4670 Grmcos
3520 4615 3696 4671 adhuc

2125 4706 2246 4760 facit
2277 4720 2398 4760 esse
2427 4703 2662 4760 Grmcos.
2711 4703 2811 4771 Qui
2843 4705 3047 4775 diligit,
3093 4721 3199 4759 non
3244 4707 3357 4759 vult
3386 4706 3651 4775 imperare
3679 4748 3696 4770 ,

2127 4813 2224 4853 nec
2253 4799 2620 4868 magistratum
2645 4813 2852 4867 gerere,
2875 4798 2968 4852 sed
2997 4799 3252 4866 majorem
3281 4797 3442 4852 habet
3470 4797 3696 4868 gratiam

2124 4889 2169 4942 si
2201 4889 2414 4943 obediat
2437 4896 2491 4942 et
2514 4888 2659 4958 jussu
2688 4898 3007 4959 exsequatur
3034 4906 3052 4945 :
3080 4889 3194 4942 vult
3218 4889 3385 4959 magis
3409 4888 3699 4959 gratiﬁcari

2125 4996 2284 5050 quam
2329 4981 2551 5050 gratiam
2603 4982 2882 5051 accipere:
2929 4980 3100 5050 diligit
3140 4980 3282 5036 enim
3310 4990 3364 5035 et
3390 4981 3538 5050 quasi
3589 4994 3698 5032 non

2125 5072 2385 5127 exsatian
2414 5087 2511 5126 suo
2539 5071 2808 5127 desiderio
2831 5114 2845 5137 ,
2877 5073 2954 5127 sic
2985 5071 3234 5127 afﬁcitur.
3261 5071 3376 5126 Non
3411 5081 3515 5124 tam
3549 5071 3703 5124 laua-

2125 5171 2212 5218 tur
2232 5162 2546 5217 beneﬁcium
2575 5163 2863 5233 accipiens,
2885 5178 3043 5233 quam
3068 5161 3410 5217 benefaciens
3443 5177 3458 5214 :
3492 5161 3709 5216 mavult

2125 5253 2268 5308 enim
2299 5267 2418 5306 eum
2451 5252 2648 5308 habere
2679 5254 2777 5308 sibi
2805 5253 3111 5316 obnoxium,
3146 5267 3302 5322 quam
3336 5252 3434 5320 ipsi
3464 5251 3700 5316 debere;

2128 5345 2236 5398 imo
2265 5344 2463 5398 mavult
2491 5353 2543 5398 et
2574 5344 2671 5412 ipsi
2701 5343 2929 5408 debere,
2968 5353 3023 5399 et
3049 5345 3222 5413 ipsum
3261 5343 3458 5397 habere
3485 5340 3700 5396 debito-

2127 5444 2276 5498 rem;
2309 5444 2363 5489 et
2386 5435 2495 5488 vult
2522 5436 2808 5504 gratificari
2834 5445 2888 5490 et
2913 5451 3016 5490 non
3045 5436 3160 5489 vult
3186 5435 3354 5490 videri
3383 5429 3701 5504 gratiﬁcari,

2127 5526 2222 5581 sed
2252 5541 2370 5581 esse
2417 5527 2593 5595 potius
2639 5525 2869 5582 debitor.
2899 5526 3092 5581 Multos
3135 5541 3200 5580 ex
3249 5525 3402 5580 vobis
3447 5522 3699 5578 existimo

2127 5615 2264 5672 forte
2293 5616 2542 5688 ignorare
2585 5616 2727 5687 quod
2775 5616 2975 5672 dictum
3003 5625 3122 5683 est;
3173 5630 3394 5671 necesse
3425 5614 3585 5684 igitur
3613 5620 3707 5666 est

2129 5719 2186 5765 ut
2215 5719 2471 5779 repetam.
2500 5709 2626 5764 Vult
2656 5710 2802 5784 prior
2830 5709 3088 5767 beneﬁcio
3115 5709 3330 5766 afﬁcere
3355 5749 3370 5774 .
3397 5715 3452 5764 et
3486 5720 3594 5762 non
3623 5704 3705 5760 vi-
