4080 6222
367 262 473 316 6(ὶό

367 372 625 445 φορτικὸν
670 370 793 424 οὑδέ
831 369 1070 441 ἐπαλθές
1109 370 1230 425 ούδέ
1263 370 1403 442 βαρὺ
1431 368 1556 424 0601
1585 368 1799 441 κόμπον
1822 367 1946 439 ἔχον

366 457 791 526 ἀπεδειξάμεθα.
852 459 964 511 K01
1014 457 1095 521 10,
1143 458 1248 511 Ἐν
1272 454 1659 525 μέσφ’ὑμῶν,
1706 454 1951 509 τοιοῦτόν

364 554 537 608 ἐστιν,
593 546 670 607 ὡς
714 543 782 598 ἂν
820 544 968 597 είποι
1010 560 1115 607 τις,
1148 540 1688 614 ἐξιύμῶν,ούχὶκτὴν
1721 539 1951 594 ἀνωλαδ

367 637 559 700 δόντες
591 633 767 704 λῆξιν.

448 726 546 790 Ὠς
591 722 703 777 ἐὰν
771 721 1007 791 τροφὸς,
1064 719 1218 792 φησι,
1265 720 1466 789 θάλπῃ
1496 719 1571 776 τὰ
1594 718 1819 788 ἑαυτῆς
1845 717 1940 772 τέ-

370 828 510 865 ara.
582 811 739 864 Οὕτω
789 808 868 862 δεῖ
912 807 1003 862 τὸν
1025 808 1347 863 διδάσκαλον
1370 804 1532 861 εἶναι.
1568 807 1716 877 Mhi]
1747 804 1951 875 τροφὸς

367 897 677 962 κολακεύει,
704 896 791 949 ἵνα
819 894 1176 966 δόξηςτύχῃς
1211 897 1285 967 μὴ
1318 896 1579 967 χρήματα
1620 895 1763 947 αίτεῖ
1795 890 1950 963 παρά

366 987 477 1040 τῶν
502 985 714 1043 παίδων
749 982 859 1036 τῶν
893 983 1106 1054 μικρῶν
1131 1000 1147 1051 ;
1173 983 1246 1054 μὴ
1272 983 1463 1054 βαρεῖα
1494 982 1679 1045 αὐτοῖς
1706 980 1824 1034 ἐστι
1854 978 1951 1033 καὶ

366 1075 639 1145 φθρτικής
670 1073 789 1143 οὐχὶ
824 1071 1022 1144 μᾶλλον
1044 1071 1152 1125 τῶν
1184 1072 1440 1143 μητέρων
1471 1070 1584 1124 εἰσὶ
1613 1071 1945 1141 προσηνεῖς;

379 1161 649 1215 Ἐνταῦθα
670 1162 774 1231 την
797 1159 1187 1232 φιλοστοργίαν
1219 1158 1514 1213 δείκνυσιν.
1542 1158 1725 1223 οὕτω,
1756 1157 1943 1228 φησὶν,

366 1249 720 1318 ιμειρόμενοι
752 1246 940 1316 ὑμῶν,
967 1248 1265 1310 τουτέστιν,
1292 1245 1684 1317 ἐπιθυμοῦντες
1708 1262 1723 1278 ο
1774 1245 1950 1310 οὕτως

365 1337 497 1407 ὑμῖν
548 1332 972 1406 προσδεδέμεθα,
1006 1335 1190 1406 φησὶν,
1211 1335 1293 1388 δτι
1320 1334 1383 1388 06
1413 1334 1574 1405 μόνον
1605 1333 1758 1386 οὐδὲν
1791 1333 1937 1403 λαμ-

368 1423 622 1492 βάνωμεν
648 1464 663 1486 ,
691 1421 806 1474 ἀλλ’
853 1422 900 1473 εί
935 1421 1135 1475 δεῖκαὶ
1152 1422 1250 1485 τὰς
1272 1419 1453 1492 ψυχὰς
1474 1418 1818 1492 μεταδοῦναι,
1840 1419 1949 1472 οὐκ

364 1509 434 1564 ἂν
481 1507 946 1581 παρῃτησάμεθα.
989 1507 1162 1563 Τοῦτο
1203 1504 1317 1574 οὖν,
1367 1507 1491 1562 είπέ
1531 1523 1642 1578 μοι,
1669 1505 1947 1576 ἀνθρωπί-

363 1612 462 1665 νης
518 1595 799 1663 διανοίας;
844 1595 940 1649 καὶ
979 1595 1063 1659 τίς
1100 1594 1274 1659 οὕτως
1306 1597 1557 1666 ἀνόητος,
1580 1593 1656 1658 ὼς
1684 1592 1844 1647 τοῦτο
1867 1593 1946 1646 εί-

363 1685 524 1751 πεῖνς
552 1682 957 1752 Εὺδοκοῦμεν,
986 1684 1140 1754 φησι.
1155 1683 1517 1752 μεταδοῦναι
1543 1683 1705 1752 ὑμῖν,
1737 1683 1809 1735 οὐ
1831 1681 1943 1749 μό-

362 1789 476 1825 νον
500 1770 570 1825 τὸ
596 1769 965 1841 Εὐαγγέλιον
982 1770 1095 1825 τοῦ
1123 1770 1307 1836 Θεοῦ,
1335 1772 1498 1825 ἀλλὰ
1532 1770 1628 1824 καὶ
1657 1767 1809 1841 [4571
1835 1767 1944 1834 τὰς

369 1857 603 1913 ἑαυτῶν
638 1857 866 1927 ψυχάς.
897 1857 1061 1911 Ὥστε
1099 1857 1257 1911 τοῦτο
1280 1856 1462 1927 μεῖζον
1492 1856 1722 1908 ἐκείνου.
1757 1854 1865 1907 Καὶ
1889 1852 1943 1905 τί

366 1944 429 1997 10
448 1944 636 2014 κέρδος
656 1961 671 2010 ;
706 1943 842 1997 Ἀπὸ
862 1944 961 2014 μὲν
981 1944 1089 2015 γὰρ
1102 1943 1194 1997 τοῦ
1211 1941 1561 2011 [εὐαγγελίου.
1583 1939 1792 2010 κέρδος
1809 1937 1942 1992 τὸδὲ

366 2033 465 2099 τὴν
490 2031 667 2102 ψυχὴν
700 2029 907 2096 δοῦναι,
940 2030 1081 2084 κατὰ
1123 2030 1223 2100 τὴν
1244 2028 1532 2083 δυσκολίαν
1574 2025 1758 2099 μεῖξον
1789 2025 1938 2080 ἐκεί-

363 2135 476 2172 νου.
525 2118 600 2172 υύ
628 2117 738 2190 γάρ
769 2117 919 2171 ἐστιν
948 2118 1080 2171 ιίσον
1121 2117 1309 2181 ἁπλῶς
1334 2114 1604 2188 κηρῦξαι,
1640 2114 1734 2168 x01
1762 2112 1941 2185 ψυχὴν

361 2204 545 2258 δοῦναι
572 2220 586 2235 ·
621 2205 798 2258 έκεῖνο
822 2204 922 2272 μὲν
938 2202 1410 2276 γάρτιμιὼτερον,
1436 2201 1595 2256 τοῦτο
1616 2201 1672 2254 δὲ
1695 2200 1942 2265 πλείονος

361 2291 648 2355 δυσκολίας
698 2287 787 2361 ἦν.
852 2291 1236 2359 Ἐδουλόμεθα,
1280 2290 1465 2361 φησὶν,
1495 2289 1549 2343 εί
1570 2306 1634 2359 γε
1663 2289 1811 2359 ἐνῆν,
1842 2288 1939 2342 καὶ

362 2380 463 2443 τὰς
490 2377 671 2449 ψυχάς
695 2380 776 2442 εἰς
808 2379 952 2450 ὑμᾶς
976 2378 1235 2434 κενῶσαι.
1282 2378 1434 2432 Ἐπεὶ
1458 2374 1553 2431 οὖν
1582 2376 1813 2447 ἐπῄνεσε
1845 2375 1941 2429 καὶ

363 2468 598 2529 ἐπαινεῖ,
630 2465 719 2519 διά
739 2466 897 2519 τοῦτο
926 2465 1094 2535 λέγει,
1126 2466 1208 2519 ὅτι
1239 2465 1314 2517 06
1340 2466 1599 2536 χρήματα
1625 2462 1939 2533 ζητοῦντες,

361 2554 424 2606 06
474 2552 860 2617 κολακεύοντες
896 2554 1064 2623 ὑμᾶς,
1103 2554 1167 2607 06
1223 2552 1381 2623 δόξης
1426 2551 1726 2622 ἐφιέμενοι,
1783 2550 1957 2605 τοῦτο·

364 2640 653 2711 ποιοῦμεν.
676 2640 821 2712 Ὅρα
838 2641 948 2712 ,γάρ
969 2658 984 2673 ο
1003 2642 1052 2694 εί
1086 2640 1255 2694 πολλά
1279 2635 1420 2710 ἦσαν
1461 2638 1816 2709 ἀθλήσαντες,
1845 2637 1939 2691 καὶ

362 2727 689 2800 παραδόξως
708 2728 819 2782 ἔδει
836 2729 1036 2790 αὐτοὺς
1058 2727 1409 2799 ἐπαινεθῆναι
1425 2726 1519 2781 καὶ
1536 2725 1939 2797 θαυμασθῆναι,

363 2815 509 2870 ῶστε
566 2816 960 2888 στερροτέρους
1005 2814 1282 2883 γενέσθαι,
1326 2812 1476 2886 εἶχεν
1501 2817 1531 2868 ὀ
1556 2814 1775 2879 ἔπαινος
1807 2813 1940 2866 ὑπο-

361 2903 516 2974 ψίαν.
545 2904 644 2958 Διά
685 2902 866 2969 τοῦτο,
912 2904 1353 2975 ἀποκρουόμενος
1380 2904 1479 2975 τὴν
1511 2902 1768 2973 ὑποψίαν,
1812 2902 1939 2966 τοὺς

362 2991 643 3055 κινδύνους
687 2990 860 3060 λέγει.
927 2991 1037 3044 K01
1074 2991 1258 3057 πάλιν,
1306 2990 1395 3044 ἵνα
1451 2989 1526 3061 μὴ
1572 2988 1805 3060 νομισθῇ
1848 2988 1936 3043 διὰ

363 3078 523 3134 τοῦτο
549 3079 677 3144 106;
721 3078 1006 3143 κινδύνους
1041 3074 1243 3147 λέγὲιν,
1287 3078 1363 3141 ὡς
1406 3079 1632 3148 κάμνων
1673 3077 1814 3148 ὑπὲρ
1840 3077 1937 3129 06-

363 3168 492 3230 τῶν,
518 3168 614 3221 καὶ
640 3167 874 3237 ὀφείλων
919 3165 1220 3238 τιμηθῆναι
1262 3166 1391 3237 παρ’
1424 3164 1624 3227 αὐτῶν,
1656 3164 1798 3234 ὑπὲρ
1818 3162 1937 3216 τού-

365 3274 481 3318 του,
514 3255 651 3327 μετὰ
675 3256 735 3308 τὸ
763 3257 937 3308 εἰπεῖν
961 3255 1088 3316 τοὺς
1125 3252 1432 3319 κινδύνους,
1460 3254 1707 3323 ἐπήγαγε
1732 3265 1745 3276 ·
1781 3253 1937 3305 Διότι

365 3343 657 3413 ἀγαπητοὶ
677 3342 821 3412 ἡμῖν
843 3342 1188 3411 γεγένησθε
1221 3338 1398 3410 δηλῶν
1430 3340 1512 3393 δτι
1542 3339 1631 3393 διά
1654 3337 1814 3392 τοῦτο
1842 3339 1939 3392 καὶ
1962 3368 1967 3371 -

365 3432 463 3496 1:1;
521 3430 698 3501 ψυχὰς
731 3429 903 3501 ἡδέως
938 3430 1004 3483 ἂν
1047 3430 1176 3500 ὑμῖν
1221 3429 1432 3499 ἔδομεν,
1455 3429 1537 3483 ὅτι
1560 3427 1774 3499 Σφόδρα
1810 3429 1967 3497 ὑμῖν.

366 3517 662 3590 προσεδέθη
672 3534 791 3589 μεν.
815 3517 887 3570 T0
912 3517 1010 3587 μὲν
1055 3512 1148 3571 οὖν
1166 3516 1516 3585 Εύαγγέλιον,
1548 3516 1735 3585 ἐπειδὴ
1756 3517 1784 3568 ό
1806 3514 1939 3580 Θεὸς

366 3604 642 3669 ἐκέλευσε,
677 3602 1150 3673 καταγγέλλομενο
1186 3601 1439 3656 τοσοῦτον
1473 3601 1530 3655 δὲ
1576 3602 1717 3671 ὑμᾶς
1751 3599 1938 3670 φιλοῦ-

369 3708 490 3760 μεν,
516 3691 598 3744 ὅτι
626 3692 674 3743 εί
702 3690 849 3761 ἐνῆν,
894 3689 988 3743 καὶ
1018 3689 1115 3753 τὰς
1138 3688 1316 3760 ψυχὰς
1348 3687 1414 3742 ἂν
1449 3686 1757 3758 ἐδώκαμεν.
1782 3686 1939 3742 οὕτω

363 3780 443 3832 δεῖ
468 3778 642 3848 φιλεῖν
663 3777 753 3830 τόν
777 3776 1059 3847 φιλοῦντα,
1082 3777 1179 3841 ὠς,
1203 3777 1250 3829 εί
1282 3776 1375 3830 καὶ
1392 3776 1495 3846 τὴν
1515 3773 1693 3845 ψυχὴν
1715 3774 1936 3845 αίτηθῇ,

366 3866 461 3917 καὶ
499 3865 726 3920 δυνατὸν
750 3859 807 3938 ᾖ,
841 3864 916 3936 μὴ
959 3862 1222 3919 κωλῦσαι.
1253 3863 1319 3917 Τί
1342 3862 1510 3933 λέγω,
1544 3861 1741 3934 αίτηθῇ
1774 3879 1788 3928 ;
1821 3861 1939 3917 ἀλλ’

363 3953 507 4005 ὥστε
540 3952 706 4006 αὐτὸν
736 3952 1048 4024 ἐπιτρέχειν
1074 3952 1141 4022 τῇ
1168 3949 1395 4023 τοιαύτῃ
1422 3949 1587 4004 δόσει.
1617 3948 1788 4003 Οὐδὲν
1809 3950 1937 4022 γὰρ.

365 4039 518 4092 οὐδὲν
571 4039 672 4109 τῆς
714 4039 975 4109 τοιαύτης
996 4040 1219 4109 ἀγάπης
1246 4037 1582 4109 γλυκύτερον
1603 4038 1802 4107 γένοιτ’
1833 4039 1899 4091 ἀν
1919 4051 1935 4068 ο

364 4124 520 4179 οὐδὲν
571 4126 685 4178 ἐκεῖ
720 4125 963 4196 λυπηρὸν
996 4126 1376 4195 συμπεσεῖται.
1410 4126 1622 4188 Ὄντως
1657 4125 1810 4195 φίλος
1835 4141 1928 4178 πι-

368 4213 492 4277 010;
536 4213 829 4284 φάρμακον
875 4211 1057 4284 ζωῆς’
1116 4213 1288 4277 δντως
1326 4211 1479 4283 φίλος
1528 4212 1722 4277 πιστὸς
1762 4212 1940 4284 σκέπη

369 4301 624 4372 κραταιὼ

438 4388 505 4441 Τί
539 4390 647 4459 γάρ
687 4389 787 4442 οὐκ
831 4389 897 4444 ἂν
951 4389 1244 4462 ἐργάσαιτο
1274 4387 1427 4458 φίλος
1478 4387 1701 4457 γνήσιος
1724 4405 1738 4447 ;
1765 4387 1941 4458 πόσην

372 4476 470 4544 μὲν
497 4477 598 4528 ούκ
624 4476 689 4529 ἂν
716 4477 1069 4548 ἐμποιήσειεν
1092 4476 1287 4548 ἡδονήν
1316 4473 1528 4544 ;πόσην
1550 4473 1607 4527 δέ
1629 4473 1900 4543 ὠφέλειαν
1922 4491 1938 4540 ;

370 4562 544 4632 πόσην
566 4562 623 4615 δέ
651 4563 985 4632 ἀσφάλειαν;
1014 4560 1135 4616 Κᾶν
1163 4560 1389 4633 μυρίους
1425 4558 1733 4631 θησαυροὺς
1756 4558 1939 4632 εἴπῃς,

369 4650 523 4703 οὐδὲν
557 4651 808 4717 ἀντάξιον
840 4650 1063 4722 γνησίου
1087 4649 1264 4719 φίλου.
1303 4647 1412 4700 K01
1436 4648 1504 4701 τά
1524 4647 1696 4718 αὐτῆς
1725 4647 1942 4721 πρῶτον

370 4737 615 4807 εἴπωμεν
668 4738 769 4807 τῆς
811 4738 995 4807 φιλίας
1039 4738 1211 4807 πόσην
1254 4734 1368 4806 ἔχει
1409 4733 1508 4806 τὴν
1551 4735 1768 4805 ἡδονήν.
1800 4735 1939 4789 Γάν-

372 4843 528 4879 νυται
548 4826 691 4897 ὀρῶν
729 4826 893 4880 αὐτὸν
915 4838 943 4866 ι
971 4823 1067 4879 καὶ
1083 4824 1373 4894 διαχεῖται,
1406 4820 1784 4892 συμπλέκεται
1804 4838 1944 4893 συμο

373 4912 578 4981 πλοκὴν
611 4912 759 4983 αὐτῷ
794 4930 919 4966 τινα
949 4911 1091 4965 κατά
1116 4911 1216 4983 τὴν
1239 4908 1419 4981 ψυχὴν
1443 4910 1684 4981 ἄρρητον
1713 4908 1944 4980 ἔχουσαν

372 5000 468 5070 την
497 4999 688 5070 ἡδονήν
713 5015 726 5028 ’
773 5000 879 5053 κᾶν
914 4999 1237 5069 ἀναμνησθῇ
1275 4997 1435 5068 μόνον
1461 4996 1648 5064 06106,
1691 4996 1942 5069 διανέστη

373 5088 437 5156 τῇ
483 5085 689 5155 διανοίᾳ
728 5087 825 5139 καὶ
871 5085 1250 5156 ἀνεπτεριῦθη.
1293 5086 1429 5157 Περὶ
1456 5084 1564 5138 τῶν
1595 5083 1768 5155 φίλων
1798 5085 1946 5154 λέγω

372 5173 484 5226 τῶν
535 5175 797 5244 γνησίων,
831 5174 940 5229 τῶν
975 5173 1293 5245 ὀμοψύχων,
1332 5174 1443 5228 τῶν
1479 5172 1821 5245 αἱρουμένων
1849 5175 1947 5229 καὶ

374 5261 828 5331 ῦπτραποθανεῖν,
851 5262 958 5316 τῶν
980 5262 1200 5334 θερμῶς
1233 5260 1555 5331 φιλούντων.
1580 5263 1669 5333 Μή
1705 5263 1948 5333 μοι-τοῦς

372 5348 560 5413 ἁπλῶς
583 5348 869 5419 φιλοῦντας
892 5349 1221 5412 ἐννοοῦντες,
1248 5350 1343 5403 καὶ
1356 5349 1647 5412 κοινωνοὺς
1679 5348 1791 5403 τῶν
1808 5367 1840 5402 τ
1848 5367 1950 5421 ρα-

378 5435 580 5501 πεζῶν,
626 5438 723 5490 καὶ
781 5436 891 5492 ἀπὸ
936 5436 1312 5510 προσηγορίας
1339 5436 1548 5507 φίλους,
1581 5436 1834 5507 νομίζετε
1857 5437 1951 5489 τὸν

376 5521 529 5591 λόγον
556 5523 894 5594 ἐλέγχεσθαι.
943 5524 1013 5578 El
1047 5542 1131 5590 τις
1175 5524 1289 5595 ἔχει
1318 5523 1472 5595 φίλον
1498 5518 1612 5578 οἷον
1632 5523 1799 5594 λέγω,
1825 5525 1955 5578 ἐπι-

438 5686 464 5714 ⁸¹
500 5685 584 5736 Sic
621 5685 935 5752 Colbetlinus
981 5702 1111 5739 unus
1152 5693 1310 5752 recte.
1355 5688 1487 5740 Editi
1540 5700 1659 5739 vero
1701 5687 1825 5752 ὀρῶν
1866 5688 1957 5737 αύ-

377 5748 480 5809 τὴν,
501 5750 634 5811 quod
654 5762 765 5800 cum
787 5756 919 5801 recta
937 5753 1070 5801 serie
1090 5751 1359 5815 pugnabat.

1227 255 1295 311 IN
1334 254 1603 314 EPISTJ
1640 255 1733 310 AD
1771 250 2109 311 THESSAL.
2150 256 2303 313 CAP.
2319 257 2384 317 11.
2409 255 2640 316 HOMIL‘.
2683 258 2747 314 11.

3521 264 3628 320 ωδ

2051 367 2322 436 γνώσεται
2362 371 2451 425 τὰ.
2476 374 2726 444 ῥήματα·
2778 371 2880 427 κᾶν
2910 372 2995 447 ἴδῃ
3033 371 3224 428 τοῦτον
3244 373 3371 429 καθ’
3393 374 3633 447 ἑκάστην

2057 459 2445 531 ἡμέραν,ιώκ
2496 461 2872 530 ἐμπίπλαται’
2914 461 3091 517 ταῦτα
3126 464 3278 537 αὐτῷ
3318 463 3630 535 ἐπεύχεται.

2056 546 2200 618 ἅπερ
2248 548 2340 602 καὶ
2375 549 2578 620 ἐαυτῷ.
2613 546 2741 604 Οἶδα
2764 549 2876 618 ἐγώ
2897 568 3036 611 τινα,
3063 551 3122 614 ὃς
3159 552 3298 623 ὑπὲρ
3320 553 3473 621 φίλου
3505 554 3632 616 τοὺς

2055 632 2247 701 ἁγίους
2271 636 2473 708 ἄνδρας
2500 638 2857 709 παρακαλῶν,
2884 639 3185 711 παρεκάλει
3218 638 3481 709 εῦχεσθαι
3498 640 3637 710 πρόο

2052 736 2211 797 τερον
2265 723 2631 794 ύπέραύτοῦ,
2661 726 2755 779 καὶ
2793 726 2916 779 τότε
2946 725 3084 797 ὑπὲρ
3113 725 3330 779 ἐαυτοῦ.
3363 724 3619 779 Τοσοῦτόι

2052 808 2169 860 ἐστι
2226 808 2380 878 φίλος
2441 811 2666 878 ἀγαθὸς,
2718 811 2794 873 ὡς
2824 812 2918 864 καὶ
2951 812 3149 874 τόπους
3171 810 3521 879 καὶχρόνους
3543 828 3621 879 φι-

2051 892 2262 950 λεῖσθαι
2293 897 2361 950 δι’
2386 897 2570 950 αὐτόν.
2600 898 2869 969 Καθάπερ
2899 899 3096 969 γάρτά
3119 897 3349 968 λαμπρά
3392 896 3501 949 τῶν
3532 914 3626 950 σω-

2057 985 2244 1056 μάτων
2269 985 2431 1050 ἀνθος
2453 989 2687 1059 ἀπορρεῖ
2718 990 2798 1052 είς
2827 990 2952 1050 τοὺς
2982 988 3211 1059 πλησίον
3235 988 3457 1051 τόπους,
3479 986 3628 1041 οὕτω

2049 1071 2144 1125 καὶ
2177 1074 2225 1125 οί
2276 1072 2444 1142 φίλοι,
2483 1068 2565 1137 οἷς
2603 1072 2669 1126 ἂν
2693 1074 3111 1144 παραγένωνται
3142 1074 3347 1139 τόποις,
3372 1072 3471 1145 τὴν
3498 1070 3629 1126 ἐαυ-

2048 1158 2160 1213 τῶν
2204 1159 2365 1231 χάριν
2400 1160 2613 1229 ἀφιᾶσι.
2664 1161 2777 1213 Καὶ
2813 1159 3074 1223 πολλάκις
3102 1161 3271 1230 χωρὶς
3300 1159 3468 1229 φίλων
3498 1160 3624 1213 ἐπι·

2051 1242 2277 1311 στάντες
2308 1249 2420 1312 τοῖς
2454 1248 2640 1311 τόποις
2672 1247 2921 1311 ἐκείνοις,
2948 1248 3325 1317 ἐδακρύσαμεν
3353 1248 3462 1301 τῶν
3482 1249 3624 1317 ήμε-

2050 1334 2161 1406 ρῶν
2177 1334 2640 1405 ἀναμνησθέντες,
2660 1336 2717 1387 ἐν
2742 1328 2830 1398 αἷς
2855 1333 3275 1403 συνεγενόμεθα,
3301 1334 3394 1387 καὶ
3416 1334 3626 1388 ἐστενά-

2049 1421 2241 1493 ξαμεν.
2265 1419 2421 1494 [458]
2449 1422 2563 1476 Οὐκ
2588 1421 2665 1476 ἔνι
2680 1422 2759 1494 τῷ
2781 1421 2923 1492 λόγῳ
2941 1421 3288 1492 παραστῆσαι
3316 1420 3413 1492 τὴν
3428 1421 3624 1491 ἡδονὴν

2046 1509 2181 1582 ὅσην
2235 1509 2474 1579 ἐντίθησι
2517 1510 2794 1581 παρουσία
2832 1510 3003 1579 φίλων
3029 1525 3044 1540 ⁸
3080 1508 3232 1580 μόνοι
3258 1508 3314 1561 δὲ
3337 1510 3386 1562 οἱ
3431 1500 3631 1579 πεῖραν

2046 1595 2275 1666 ἔχοντες
2299 1596 2466 1651 ίσασι.
2499 1597 2612 1651 K01
2648 1597 2810 1667 χάριν
2827 1595 3074 1665 αἰτῆσαι,
3107 1597 3203 1648 καὶ
3241 1596 3402 1667 χάριν
3438 1594 3623 1648 λαϐεῖν

2045 1685 2549 1756 ἀνυπόπτως-παρὰ
2579 1684 2733 1755 φίλου
2760 1683 2861 1737 ἔνι.
2897 1683 3066 1736 Ὅταν
3098 1684 3229 1754 ἡμῖν
3263 1683 3617 1742 ἐπιτάττωσι,

2043 1772 2165 1827 τότε
2244 1772 2428 1836 αὐτοῖς
2506 1771 2669 1842 χάριν
2723 1770 3066 1841 ῐσμεν’ὄταν
3118 1769 3175 1822 δὲ
3223 1768 3444 1828 ὀκνῶσι,
3493 1767 3619 1821 τότε

2042 1859 2299 1930 ἀλύομεν.
2319 1859 2485 1913 Οῦδέν
2508 1858 2704 1931 ἔχομεν
2725 1859 2860 1930 ὅπερ
2881 1857 2956 1930 μὴ
2984 1856 3210 1910 ἐκείνων
3237 1855 3370 1909 ἐστί;
3394 1854 3619 1909 Πάντων

2043 1947 2305 2012 πολλάκις
2328 1945 2435 2001 τῶν
2475 1945 2713 1999 ἐνταῦθα
2742 1944 3233 2016 καταφρονοῦντες,
3264 1943 3332 1996 δι’
3371 1943 3619 2006 ἐκείνους

2041 2035 2104 2090 06
2179 2034 2480 2106 βουλόμεθα
2544 2031 2799 2089 ἀπελθεῖν
2825 2021 3110 2085 ἐντέῦθενθ·
3179 2030 3274 2084 καὶ
3314 2028 3410 2082 τοῦ
3439 2028 3618 2099 φωτὸς

2042 2125 2241 2177 ἐκεῖνοι
2268 2111 2662 2193 ποθεινότεροι.

2113 2231 2225 2285 K01
2257 2228 2366 2302 γάρ
2393 2228 2563 2289 ὅντως
2599 2226 2691 2281 καὶ
2721 2223 3031 2293 τοῦφωτὺς
3056 2223 3218 2278 αὐτοῦ
3248 2222 3617 2293 ποθεινότερος

2041 2319 2194 2389 φίλος
2218 2335 2232 2350 ·
2263 2318 2355 2372 τὸν
2378 2319 2595 2389 γνήσιον
2620 2315 2787 2384 λέγω.
2806 2316 2916 2369 K01
2943 2313 3018 2385 μὴ
3055 2312 3343 2383 θαυμάσῃς
3360 2328 3373 2344 ·
3410 2311 3617 2382 βέλτιον

2040 2407 2148 2478 γάρ
2170 2408 2301 2477 ἡμῖν
2330 2404 2619 2474 σϐεσθῆναι
2647 2403 2738 2457 10v
2767 2403 2937 2474 ἥλιον,
2980 2401 3013 2471 ἢ
3044 2399 3215 2470 φίλων
3247 2398 3620 2470 ἀποστερηθῆ-

2039 2513 2159 2550 ναι·
2189 2495 2395 2566 βέλτιον
2439 2495 2497 2547 ἐν
2521 2492 2697 2563 σκότῳ
2726 2490 2953 2559 διάγειν,
2978 2490 3010 2561 ἢ
3049 2489 3221 2559 φίλων
3247 2483 3385 2541 εἶναι
3409 2486 3575 2558 χωρίς
3599 2502 3615 2517 ο

2040 2582 2133 2637 καὶ
2166 2582 2305 2644 πῶς,
2340 2578 2451 2650 ἐγὼ
2485 2578 2650 2648 λέγω.
2695 2578 2815 2630 Ὅτι
2865 2576 3052 2630 πολλοὶ
3079 2576 3171 2629 τὸν
3196 2574 3347 2645 ἥλιον
3379 2574 3617 2644 ὁρῶντες

2040 2671 2098 2726 ἐν
2123 2670 2300 2741 σκότῳ
2340 2670 2471 2733 είσὶ,
2503 2666 2673 2737 φίλων
2702 2666 2760 2720 δέ
2781 2664 3160 2736 εὐποροῦντες,
3197 2660 3474 2716 οὐδ”ἂνέν
3504 2660 3614 2713 θλί-

2038 2761 2128 2831 ψει
2150 2759 2415 2829 γένοιντο·
2443 2757 2568 2829 περὶ¹
2598 2757 2765 2827 φίλων
2779 2755 2923 2823 λέγω
2945 2753 3051 2807 τῶν
3076 2749 3482 2821 πνευματικῶν,
3505 2748 3616 2801 τῶν

2039 2846 2192 2901 οὐδὲν
2218 2844 2611 2917 προτιμώντων
2645 2842 2847 2912 φιλίας.
2867 2839 3119 2903 Τοιοῦτος
3168 2837 3380 2899 Παῦλος
3408 2833 3495 2908 ἦν,
3519 2835 3617 2889 καὶ

2038 2934 2139 3004 τὴν
2168 2934 2346 3004 ψυχὴν
2391 2932 2565 3005 ἡδέως
2600 2931 2775 2994 διδοὺς
2807 2931 2906 3000 τὴν
2958 2925 3174 2989 ἑαυτοῦ,
3216 2925 3312 2979 καὶ
3342 2924 3416 2993 μὴ
3457 2925 3616 2991 αίτη-

2041 3022 2175 3089 θεὶς,
2203 3023 2297 3076 καὶ
2328 3024 2408 3086 εἰς
2441 3022 2671 3092 γέενναν.
2692 3019 2865 3091 ἡδέως
2892 3016 2959 3072 ἂν
2992 3016 3304 3071 ἐνέπιπτεν.
3330 3012 3488 3066 Οῦτω
3509 3011 3616 3084 χρὴ

2041 3109 2220 3180 φιλεῖν.
2259 3108 2499 3163 διαθέσει
2560 3104 2953 3178 πεπυρωμένῃ.
2990 3096 3279 3170 ’Βούλομαι
3312 3098 3618 3168 ὑπόδειγμα

2037 3198 2220 3253 δοῦναι
2252 3197 2454 3267 φιλίας·
2483 3196 2729 3267 πατέρας
2756 3194 2850 3247 καὶ
2870 3192 3020 3255 υίοὺς
3038 3189 3421 3260 ὑπερϐαίνουσι
3446 3185 3613 3255 φίλοι,

2040 3284 2183 3353 φίλοι
2216 3286 2265 3337 οί
2312 3283 2454 3336 κατὰ
2474 3280 2732 3353 Χριστόν.
2757 3279 2849 3350 Μὴ
2872 3278 2981 3349 γάρ
3026 3294 3114 3347 μοι
3158 3277 3283 3339 τοὺς
3306 3273 3401 3327 νῦν
3429 3273 3612 3345 εἴπῃς,

2037 3374 2119 3427 δτι
2165 3372 2301 3444 μετὰ
2358 3371 2469 3425 τῶν
2526 3370 2702 3425 ἀλλων
2754 3371 2848 3423 καὶ
2892 3366 3051 3421 τοῦτο
3075 3365 3284 3436 ἀπέστη
3325 3363 3387 3417 10
3418 3362 3611 3417 καλόν·

2038 3460 2152 3515 ἀλλ’
2186 3460 2439 3531 ἐννόησον
2472 3459 2555 3512 ὅτι
2593 3456 2816 3510 ἐπὶτῶν
2848 3452 3185 3517 ἀποστόλων,
3222 3453 3285 3505 06
3316 3450 3460 3516 λέγω
3488 3451 3614 3512 τοὶς

2039 3547 2393 3620 κορυφαίους,
2427 3545 2543 3599 ἀλλ’
2578 3544 2778 3607 αὐτοὺς
2821 3543 2949 3605 τοὺς
2979 3540 3426 3601 πεπιστευκότας
3459 3540 3614 3591 Πάν-

2038 3653 2158 3690 των
2173 3631 2273 3706 ἦν,
2305 3635 2491 3706 φησὶν,
2517 3635 2554 3701 ή
2576 3630 2747 3702 ψυχὴ
2772 3632 2868 3685 καὶ
2889 3631 2927 3698 ἠ
2963 3629 3171 3697 καρδία
3194 3629 3325 3698 μία,
3356 3626 3451 3679 καὶ
3471 3624 3615 3679 οὐδὲ

2038 3723 2126 3791 εἷς
2169 3741 2223 3778 τι
2266 3721 2386 3776 τῶν
2423 3722 2822 3789 ὑπαρχόντων
2850 3717 3061 3786 ἔλεγεν
3098 3715 3252 3769 ἴδιον
3288 3710 3473 3767 εἶναι·
3515 3712 3613 3765 καὶ

2039 3810 2327 3865 διεδίδοτο
2342 3807 2596 3874 ἑκάστῳ,
2624 3805 2823 3860 καθότι
2857 3803 2934 3858 ἄν
2950 3821 3040 3869 τις
3060 3804 3267 3870 χρείαν
3286 3798 3616 3870 εἶχεν.,οῦκ

2037 3894 2105 3971 ἦν
2137 3899 2257 3953 τότε
2282 3897 2343 3952 τὸ
2392 3896 2525 3967 ἐμόν
2571 3893 2666 3948 καὶ
2699 3892 2760 3946 10
2801 3890 2920 3945 σόν.
2966 3889 3137 3943 Τοῦτό
3173 3891 3293 3942 ἐστι
3325 3887 3498 3957 φιλία,
3530 3886 3617 3939 ἵνα

2043 3987 2121 4059 μὴ
2146 3986 2213 4041 τά
2231 3985 2396 4041 06106
2424 3982 2619 4038 ἑαυτοῦ
2646 3998 2729 4045 τις
2756 3978 2977 4050 νομίζῃ,
3004 3976 3137 4035 ἀλλά
3157 3977 3225 4030 τὰ
3244 3977 3338 4030 τοῦ
3366 3978 3616 4043 πλησίον,

2039 4074 2109 4128 τὰ
2139 4074 2195 4127 δὲ
2224 4072 2387 4127 αὑτοῦ
2414 4070 2670 4140 ἀλλότρια
2696 4084 2710 4100 ’
2742 4068 2829 4120 ἵνα
2858 4064 3001 4119 οῦτω
3048 4065 3200 4136 φείδη
3215 4081 3290 4116 ται
3348 4063 3447 4130 τῆς
3468 4062 3615 4115 ἐκεί-

2041 4180 2132 4216 νου
2155 4161 2356 4232 ψυχῆς,
2380 4159 2455 4222 ὡς
2476 4157 2573 4227 τῆς
2593 4154 2808 4219 ἐαυτοῦ,
2833 4154 3081 4214 κάκεῖνος
3101 4151 3302 4220 ὁμοίως
3324 4150 3420 4218 τὴν
3444 4149 3616 4219 αὐτὴν

2041 4247 2281 4303 διάθεσιν
2330 4242 2759 4311 ἐπιδεικνύηται.
2829 4239 2938 4292 K01
2981 4236 3086 4289 ποῦ
3140 4234 3395 4298 δυνατὸν,
3458 4235 3615 4304 φησὶ,

2045 4335 2279 4389 τοιοῦτον
2325 4330 2654 4402 εὐρεθῆναι;
2716 4325 2845 4388 N01,
2900 4325 2960 4377 06
2998 4322 3253 4385 δυνατὸν,
3314 4320 3501 4391 ἐπειδὴ
3540 4321 3616 4389 μὴ

2044 4418 2364 4492 βουλόμεθα·
2389 4416 2463 4479 ιῖις
2484 4415 2537 4468 εἴ
2558 4431 2622 4483 γε
2645 4410 2996 4482 ἐϐουλόμεθα,
3016 4409 3108 4462 καὶ
3140 4408 3342 4479 σφόδρα
3368 4406 3613 4460 δυνατόν.

2042 4513 2104 4566 Εἰ
2148 4511 2256 4581 γὰρ
2307 4507 2382 4578 μὴ
2424 4503 2645 4559 δυνατὸν
2670 4498 2759 4573 ἦν,
2792 4500 2899 4554 060‘
2926 4499 2993 4552 ἂν
3012 4497 3270 4561 ἐπέταξεν
3302 4498 3330 4550 ὀ
3358 4495 3612 4566 Χριστὸς,

2042 4600 2142 4653 οῦκ
2158 4596 2221 4650 ἂν
2232 4593 2468 4650 τοσαῦτα
2483 4608 2552 4645 πε
2562 4591 2614 4662 p1
2630 4590 2846 4659 ἀγάπης
2858 4585 3124 4657 διελέχθη.
3154 4583 3312 4652 Μέγα
3334 4581 3503 4652 φιλία,
3522 4582 3617 4635 καὶ

2045 4686 2210 4740 πόσον
2237 4682 2401 4755 μέγα,
2426 4678 2602 4741 06051;
2620 4675 2687 4730 ἀν
2715 4674 2928 4728 δύναιτο
2952 4672 3166 4743 μαθεῖν,
3193 4670 3316 4723 οῦτε
3335 4687 3418 4734 τις
3435 4685 3616 4741 παρα-

2046 4776 2240 4845 στῆσαι
2283 4771 2462 4841 λόγος,
2512 4767 2650 4840 πλὴν
2694 4767 2793 4837 τῆς
2834 4765 3026 4836 πείρας
3069 4763 3259 4831 αὐτῆς.
3304 4763 3475 4814 Τοῦτο
3517 4760 3617 4822 τὰς

2044 4863 2286 4935 αἱρέσεις
2318 4858 2628 4930 εἰργάσατο,
2665 4854 2822 4908 τοῦτο
2861 4853 2987 4917 τοὺς
3045 4850 3311 4921 Ἕλληνας
3354 4850 3452 4935 ἔτι,
3476 4850 3617 4901 ποιεῖ

2047 4933 2311 5018 Ἕλληνας
2346 4940 2504 4998 εἶναι.
2568 4941 2627 4996 Ὀ
2658 4941 2827 5011 φιλῶν
2873 4941 2972 4994 ούκ
3026 4940 3332 4993 ἐπιτάττειν
3369 4933 3616 5007 βούλεται

2046 5036 2165 5090 ούδέ
2198 5034 2408 5106 ἄρχειν,
2447 5030 2581 5085 ἀλλά
2614 5030 2785 5102 χάριν.
2802 5028 2913 5099 ἔχει
2944 5026 3145 5098 μᾶλλον
3182 5024 3483 5095 ἀρχόμενος
3523 5022 3618 5075 καὶ

2047 5121 2470 5192 ἐπιτασσόμενος
2493 5135 2506 5149 ·
2536 5116 2855 5189 χαρίζεσθαι
2882 5114 3129 5186 βούλεται
3155 5111 3373 5183 μᾶλλον,
3396 5110 3428 5181 ἢ
3456 5108 3619 5179 χάριν

2045 5208 2343 5282 λαμϐάνειν
2366 5222 2380 5237 ·
2420 5205 2566 5277 φιλεῖ
2610 5204 2740 5275 γὰρ,
2770 5203 2864 5257 καὶ
2890 5202 2967 5266 ὡς
3003 5202 3106 5254 ούκ
3134 5197 3420 5282 ἐμπλήσας
3450 5196 3617 5250 αὐτοῦ

2048 5279 2145 5371 τὴν
2178 5294 2496 5366 ἐπιθυμίαν,
2526 5291 2667 5346 οὕτω
2687 5292 2970 5348 διάκειται.
2990 5288 3102 5358 Οὐχ
3120 5285 3291 5348 οὓτως
3311 5279 3370 5339 εὖ
3398 5286 3620 5354 πάσχων

2053 5370 2328 5457 τέρπεται,
2346 5380 2426 5446 ὡς
2450 5376 2507 5434 εὖ
2534 5378 2702 5432 ποιῶν
2728 5395 2742 5409 ’
2769 5376 3014 5448 βούλεται
3043 5374 3148 5446 γάρ
3179 5372 3428 5445 κατέχειν
3457 5370 3619 5427 αὐτὸν

2052 5470 2285 5544 μᾶλλον,
2330 5468 2365 5540 ἢ
2417 5466 2650 5536 ὀφείλειν
2709 5462 2888 5534 αὐτῷ’
2947 5461 3145 5535 μᾶλλον
3186 5461 3242 5515 δέ
3265 5461 3359 5515 καὶ
3384 5459 3621 5530 ὀφείλειν

2049 5558 2198 5629 αὐτῷ
2227 5556 2495 5627 βούλεται,
2527 5552 2623 5605 καὶ
2654 5551 2942 5622 ὀφειλέτην
2973 5549 3136 5605 αὑτὸν
3166 5548 3342 5619 ἔχειν·
3374 5548 3469 5601 καὶ
3499 5545 3622 5616 βού-

2050 5648 2200 5700 λεται
2225 5641 2566 5714 χαρίζεσθαι,
2593 5640 2686 5693 καί
2713 5639 2773 5690 ού
2799 5637 3047 5709 βούλεται
3074 5637 3250 5691 δοκεῖν
3281 5635 3618 5709 χαρίζεσθαι,

2053 5732 2166 5791 ἀλλ’
2174 5722 2459 5802 ὀφειλέτην
2473 5726 2631 5781 αὑτὸν
2647 5722 2784 5779 εἶναι
2794 5725 2964 5798 ,Τάχα
2977 5723 3201 5780 πολλλοῦ
3210 5741 3233 5788 ς
3249 5725 3278 5778 ύ
3286 5743 3315 5797 μ
3325 5724 3399 5778 ῶν
3411 5723 3626 5792 ἀγνοεῖν
