4106 6208
269 354 377 410 ιυδ

191 539 195 541 λ
264 474 380 530 deri
410 472 558 544 prior
580 454 845 527 beneﬁcio
865 468 1083 525 afltcere
1105 508 1121 534 ,
1152 469 1246 523 sed
1270 468 1495 525 reddere
1522 485 1538 527 :
1569 467 1711 538 quod
1738 467 1855 536 qui—

264 566 388 620 dem
421 563 562 618 Deus
604 575 820 631 quoque
847 559 974 615 fecit
1015 559 1071 613 in
1122 559 1446 614 hominibus.
1497 558 1626 613 Erat
1655 557 1850 612 Filium

263 669 420 711 suum
452 670 551 724 pro
577 652 734 708 nobis
775 652 1070 707 donaturus
1092 693 1107 718 ,
1151 652 1243 707 sed
1276 667 1345 706 ne
1372 649 1650 707 videretur
1696 648 1854 704 nobis

262 747 472 801 donare
496 786 511 811 ,
541 745 636 800 sed
668 744 824 799 nobis
844 744 1082 811 debere,
1125 742 1288 813 jussit
1315 743 1588 799 Abraham
1614 743 1744 798 dare
1789 741 1854 795 lis

264 840 396 892 lium
418 853 574 892 suum
599 877 617 904 ,
645 846 704 892 ut
742 852 855 891 rem
886 851 1132 906 magnam
1157 836 1361 892 faciens
1381 875 1396 900 ,
1426 835 1556 889 nihil
1597 848 1850 905 magnum

263 930 542 987 videretur
567 927 763 983 facere.
790 927 924 982 Nam
947 928 993 981 si
1024 942 1130 982 non
1153 927 1316 982 fuerit
1343 926 1560 997 quidem
1586 924 1842 989 amicitia,

258 1031 324 1076 et
361 1022 752 1091 exprobramus
800 1020 1064 1075 beneﬁcia
1090 1060 1105 1085 ,
1131 1029 1188 1075 et
1222 1034 1388 1090 parva
1413 1019 1754 1082 extollimus,
1804 1015 1849 1069 si

267 1125 448 1170 autem
501 1113 660 1168 fuerit
686 1112 918 1168 amicitia
939 1154 954 1177 ,
1001 1121 1058 1168 et
1080 1128 1144 1167 ea
1177 1113 1468 1177 -celamus-,
1495 1120 1551 1165 et
1577 1125 1698 1181 qua:
1726 1115 1853 1163 sunt

265 1221 462 1276 magna
485 1220 652 1275 parva
678 1206 924 1260 volumus
953 1204 1242 1260 ostendere
1261 1246 1277 1271 ,
1308 1220 1378 1259 ne
1401 1203 1680 1259 videamur
1716 1200 1851 1255 ami-

267 1311 392 1351 cum
422 1295 619 1350 habere
651 1294 967 1361 debitorem,
997 1294 1091 1349 sed
1123 1294 1222 1363 ipsi
1246 1309 1367 1350 esse
1393 1294 1665 1349 debitores
1694 1291 1748 1346 in
1784 1305 1850 1346 eo

268 1387 413 1457 quod
450 1402 580 1442 eum
621 1386 915 1441 habeamus
959 1384 1286 1441 debitorem.
1331 1384 1454 1440 Scio
1497 1383 1697 1438 multos
1741 1397 1849 1437 non

266 1478 569 1547 intelligere
596 1476 739 1548 quod
778 1475 977 1531 dicitur
1006 1492 1022 1530 :
1051 1490 1212 1532 causa
1239 1483 1417 1530 autem
1458 1483 1543 1529 est
1580 1471 1721 1542 quod
1762 1471 1848 1526 lo-

269 1586 406 1640 quar
429 1570 496 1626 de
529 1585 594 1626 ire
616 1610 630 1630 .
661 1583 781 1639 qum
806 1582 954 1622 nunc
997 1568 1187 1622 ctelum
1218 1565 1440 1620 habitat.
1484 1563 1849 1633 Quemadmo-

270 1663 399 1716 dum
431 1676 559 1732 ergo
582 1660 628 1714 si
660 1659 912 1731 loquerer
936 1658 1006 1713 de
1024 1658 1208 1729 aliqua
1234 1658 1417 1727 planta
1457 1671 1578 1727 quae
1602 1664 1851 1710 nascatur

268 1758 327 1811 in
356 1756 542 1821 India,
571 1754 723 1823 cujus
754 1767 914 1808 nemo
931 1751 1330 1822 experientiam
1360 1749 1602 1816 haberet,
1632 1765 1700 1804 ne
1727 1763 1853 1819 pos-

271 1858 360 1904 set
404 1847 620 1918 quidem
663 1862 778 1903 rem
821 1846 1092 1916 explicare
1136 1844 1349 1909 oratio,
1376 1842 1592 1899 etiamsi
1645 1841 1850 1897 infinita

269 1940 513 1994 dicerem
536 1954 551 1990 :
574 1939 643 1992 ita
670 1937 826 1992 etiam
857 1946 1206 2005 quaecumque
1235 1948 1376 1990 nunc
1399 1932 1589 1988 dixero
1609 1972 1623 1997 ,
1654 1932 1851 1987 frustra

273 2030 453 2083 dicam
479 2045 494 2080 :
527 2042 685 2083 nemo
716 2025 911 2096 poterit
944 2027 1102 2081 scire.
1122 2024 1182 2079 in
1214 2025 1347 2080 caelo
1374 2024 1609 2094 plantata
1631 2033 1713 2078 est
1736 2022 1851 2078 haec

270 2120 454 2186 planta
476 2159 492 2183 ,
526 2132 703 2172 ramos
729 2117 935 2173 habens
958 2132 1070 2172 non
1100 2124 1325 2171 onustos
1364 2113 1667 2184 margaritis
1693 2154 1708 2177 ,
1754 2114 1869 2183 sed,

272 2211 385 2264 vita
429 2210 626 2265 virtute
662 2219 890 2275 ornata,
918 2224 1039 2279 qua:
1085 2216 1171 2263 est
1216 2206 1305 2262 his
1331 2208 1500 2262 multo
1541 2205 1846 2276 jucundiora.

270 2302 571 2367 Quamnam
597 2299 675 2355 vis
700 2299 879 2354 dicere
898 2298 1260 2367 voluptatem?
1279 2314 1347 2352 an
1372 2306 1621 2368 turpem,
1658 2311 1725 2351 an
1754 2295 1853 2351 ho-

269 2391 525 2445 nestam?
564 2390 658 2445 sed
704 2405 896 2445 omnes
925 2400 1212 2459 exsuperat
1265 2390 1511 2459 voluptas
1551 2390 1800 2444 amicitia:
1830 2429 1848 2457 ,

266 2483 484 2536 etiamsi
535 2482 711 2538 mellis
739 2482 1067 2549 voluptatem
1093 2481 1319 2536 dixeris.
1348 2480 1480 2535 Nam
1532 2479 1585 2534 id
1636 2478 1850 2549 quidem

265 2574 431 2629 ail‘crt
481 2575 788 2629 satietatem
814 2615 830 2640 ,
874 2575 1081 2629 amicus
1124 2583 1306 2628 autem
1354 2587 1679 2643 numquam,
1724 2570 1853 2627 dum

268 2666 434 2719 luerit
473 2666 713 2729 amicus;
766 2664 859 2720 sed
908 2674 1133 2735 augetur
1181 2665 1359 2736 potius
1385 2663 1752 2730 desiderium,
1798 2672 1854 2719 et

269 2758 576 2825 satietatem
623 2773 910 2827 numquam
956 2757 1114 2813 aliert
1151 2758 1417 2827 voluptas.
1478 2756 1597 2813 Vita
1640 2770 1853 2826 quoque

271 2856 542 2917 prmsente
584 2848 789 2903 amicus
833 2857 918 2904 est
951 2847 1240 2917 jucundior
1278 2866 1292 2902 :
1342 2847 1491 2902 multi
1541 2854 1691 2903 certe
1737 2855 1855 2916 post

1106 352 1175 407 1N
1214 352 1430 410 EPIST.
1470 353 1491 407 1
1555 352 1646 407 AD
1696 351 2011 409 TIIESSAL.
2056 353 2205 409 CAP.
2247 354 2310 410 ll.
2354 353 2581 411 llUMlL.
2625 357 2712 412 Ill.

3430 375 3533 430 406

1961 476 2188 525 mortem
2214 472 2508 526 amicorum
2540 487 2609 527 ne
2657 484 2910 544 optarunt
2948 476 3162 547 quidem
3202 479 3432 551 amplius
3459 483 3536 535 vi»

1958 575 2105 614 vcre.
2157 561 2286 617 Cum
2340 565 2513 620 amico
2558 567 2719 620 etiam
2775 568 3024 623 exsilium
3078 570 3306 626 libenter
3354 572 3536 627 tulerit

1957 651 2222 720 quispiam
2254 671 2267 706 :
2300 654 2504 726 absque
2529 657 2704 711 amico
2728 668 2909 714 autem
2933 675 3001 715 ne
3021 674 3173 715 suam
3200 662 3415 732 quidem
3443 678 3537 735 pae-

1959 743 2114 797 triam
2158 741 2359 800 habere
2393 747 2642 801 voluerit.
2685 747 2819 803 Cum
2849 749 3024 805 amico
3060 752 3221 806 etiam
3253 765 3537 823 paupertas

1956 842 2040 888 est
2079 833 2406 892 tolerabilis:
2440 838 2641 908 absque
2666 839 2758 894 illo
2786 849 2963 896 autem
2997 849 3052 895 et
3078 842 3282 897 sanitas
3308 852 3362 898 et
3389 843 3536 899 divis

1957 924 2046 978 tia:
2069 934 2195 981 sunt
2224 927 2609 983 intolerabiles.
2658 930 2900 986 Alterum
2929 930 3092 987 habet
3119 933 3376 1003 seipsum.
3418 936 3531 988 Ana

1954 1028 2051 1083 ger
2066 1016 2212 1085 quod
2236 1032 2342 1072 non
2369 1020 2567 1088 possim
2584 1022 2834 1091 exemplo
2859 1038 2974 1078 rem
2998 1024 3320 1080 ostendere:
3346 1041 3533 1081 revera

1953 1107 2097 1161 enim
2149 1110 2364 1179 planum
2417 1110 2699 1179 fecissem,
2731 1130 2850 1183 quae
2896 1114 3037 1170 dicta
3067 1126 3191 1172 sunt
3220 1132 3343 1174 esse
3362 1120 3536 1173 multo

1955 1196 2161 1254 minora
2204 1216 2363 1270 quam
2402 1215 2669 1273 oporteat.
2703 1205 2771 1260 Et
2801 1206 2917 1263 haec
2956 1208 3172 1277 quidem
3198 1208 3287 1263 hic
3317 1209 3390 1263 ita
3435 1210 3534 1263 ha-

1954 1290 2118 1347 bent:
2148 1305 2177 1347 a
2206 1293 2317 1349 Deo
2344 1306 2523 1353 autem
2550 1306 2692 1353 tanta
2720 1308 2804 1354 est
2829 1314 3037 1355 merces
3062 1302 3337 1366 amicitiae,
3363 1318 3535 1373 quan-

1955 1391 2008 1437 ta
2049 1399 2117 1440 nc
2156 1383 2262 1440 dici
2296 1385 2517 1456 quidem
2562 1398 2761 1459 potest.
2809 1390 2976 1446 Nobis
3005 1390 3097 1446 dat
3123 1392 3426 1447 mercedem
3477 1403 3537 1448 ut

1953 1473 2091 1528 alter
2116 1474 2344 1532 alterum
2375 1476 2660 1549 diligamus
2690 1497 2703 1533 :
2734 1480 2869 1535 Ama
2907 1482 3085 1545 enim,
3116 1482 3329 1552 inquit,
3359 1492 3414 1537 et
3440 1499 3532 1537 ac-

1954 1565 2073 1634 0ipe
2117 1568 2454 1634 mercedem,
2502 1585 2602 1640 pro
2642 1586 2743 1640 qua
2789 1586 2849 1627 re
2889 1571 3150 1628 debemus
3180 1573 3481 1629 mercedem
3523 1591 3537 1627 :

1954 1654 2059 1710 Ora
2078 1696 2094 1721 ,
2126 1657 2328 1727 inquit,
2364 1667 2421 1714 et
2446 1660 2632 1730 accipe
2674 1662 2979 1718 mercedem
3006 1703 3022 1727 ,
3049 1677 3146 1733 pro
3174 1680 3282 1733 quo
3321 1680 3536 1720 merce-

1954 1745 2078 1801 dem
2122 1746 2414 1815 debemus,
2446 1752 2570 1820 quia
2616 1750 2755 1806 bona
2806 1753 3078 1822 petimus:
3122 1754 3227 1810 Pro
3275 1770 3342 1810 eo
3391 1756 3536 1823 quod

1954 1838 2124 1906 petis,
2155 1839 2356 1909 inquit,
2388 1842 2573 1910 accipe
2618 1844 2967 1900 mercedem:
2993 1844 3176 1915 jejuna
3200 1886 3215 1911 ,
3242 1858 3299 1902 et
3348 1848 3533 1916 accipe

1953 1929 2300 1985 mercedem:
2345 1931 2423 1986 sis
2453 1932 2647 1988 virtute
2696 1934 2989 2003 praeditus,
3033 1946 3089 1991 et
3112 1939 3298 2008 accipe
3329 1955 3539 1995 merce;-

1955 2020 2075 2075 dem
2095 2062 2111 2087 ,
2139 2022 2299 2076 etiam
2328 2023 2373 2077 si
2400 2025 2708 2080 mercedem
2738 2026 2940 2100 debeas
2963 2046 2976 2081 :
3000 2028 3095 2082 sed
3118 2030 3256 2084 sicut
3286 2041 3536 2101 parentes

1953 2112 2167 2182 quando
2194 2113 2415 2169 fecerint
2451 2124 2507 2169 ut
2528 2114 2622 2169 lilii
2655 2116 2836 2171 vivant
2862 2118 2915 2172 in
2955 2119 3188 2186 virtute,
3218 2129 3345 2177 tunc
3372 2124 3535 2177 etiam

1954 2204 2033 2257 eis
2058 2202 2185 2258 dant
2212 2204 2516 2261 mercedem
2564 2224 2581 2261 :
2633 2216 2758 2261 sunt
2783 2207 2926 2262 enim
2957 2208 3229 2265 debitores
3253 2252 3268 2278 ,
3305 2212 3447 2281 quod
3474 2222 3539 2267 se

1954 2294 2335 2350 constituerint
2363 2297 2418 2351 iu
2448 2296 2762 2367 voluptate:
2797 2297 2868 2352 ita
2911 2298 3072 2353 etiam
3126 2299 3285 2356 Deus.
3332 2301 3537 2365 Meroe:-

1954 2388 2076 2443 dem
2097 2420 2118 2455 ν
2149 2388 2359 2459 inquit.
2395 2390 2579 2459 accipe
2605 2430 2622 2454 ,
2651 2390 2695 2445 si
2739 2392 2816 2446 sis
2847 2391 3044 2447 virtute
3082 2393 3381 2462 praeditus;
3412 2409 3536 2449 nam

1957 2490 2163 2548 patrem
2191 2480 2373 2535 laetitia
2400 2480 2571 2536 ofﬁcis
2589 2523 2603 2547 ,
2634 2493 2689 2537 et
2712 2481 2872 2552 hujus
2898 2485 2975 2538 rei
3004 2485 3096 2539 tibi
3122 2487 3423 2542 mercedem
3445 2488 3541 2542 de~

1956 2568 2102 2625 beo:
2147 2571 2230 2625 sin
2274 2578 2453 2626 autem
2483 2570 2688 2639 malus,
2737 2588 3114 2644 nequaquam;
3170 2576 3350 2631 irritas
3394 2578 3539 2632 enim

1956 2678 2078 2719 eum
2103 2694 2119 2728 ,
2150 2663 2239 2733 qui
2274 2671 2326 2718 te
2351 2664 2560 2732 genuit.
2586 2663 2667 2719 Ne
2688 2664 2869 2734 itaque
2899 2664 3067 2720 Deum
3099 2666 3410 2732 irritemus,
3442 2670 3538 2724 sed

1958 2755 2144 2810 laetitia
2175 2755 2470 2811 ailiciamus
2490 2796 2504 2820 ,
2536 2765 2595 2810 ut
2620 2770 2845 2826 regnum
2874 2756 3130 2811 castorum
3152 2771 3538 2827 assequamur,

1960 2844 2012 2899 in
2061 2844 2277 2900 Christo
2305 2845 2433 2902 Jesu
2465 2846 2693 2902 Domino
2718 2855 2937 2914 nostro,
2970 2854 3074 2902 etc.

1638 3053 1983 3117 HOMlLIA
2026 3056 2134 3117 Ill».

271 3198 407 3258 Car.
436 3204 489 3257 Ξ.
527 3220 581 3257 v.
607 3204 661 3260 9.
692 3203 941 3258 Memores
969 3205 1101 3257 enim
1147 3189 1283 3269 estis,
1317 3202 1521 3272 [i-atres,
1551 3187 1737 3256 laboris
1760 3208 1847 3256 ne.

349 3298 443 3350 stri
469 3306 514 3350 et
544 3297 857 3368 fatigationis
887 3306 1071 3351 :nocte
1111 3306 1157 3350 et
1198 3297 1279 3350 die
1305 3306 1590 3366 operantcs,
1622 3313 1685 3350 ne
1711 3312 1857 3365 quem

348 3397 565 3444 uestrum
590 3394 933 3458 gravat-emus,
964 3388 1346 3458 pmdicavimus
1391 3389 1446 3442 in
1473 3388 1620 3443 vobis
1646 3403 1859 3458 euange-

351 3472 478 3532 lium
504 3466 612 3531 Dei.
642 3470 727 3533 10.
788 3464 887 3532 Vos
919 3488 1065 3533 testes
1091 3480 1207 3532 estis
1240 3486 1290 3532 et
1318 3477 1475 3542 Deus,
1501 3494 1652 3547 quam
1688 3488 1859 3532 sancte

350 3581 403 3623 et
418 3571 558 3638 juste
605 3580 648 3623 et
673 3561 782 3627 sine
803 3561 1004 3642 querela
1032 3572 1167 3626 vobis
1193 3573 1281 3642 qui
1322 3558 1605 3626 credidistis
1633 3573 1859 3640 fuimus;

352 3664 378 3715 1
399 3664 444 3717 l.
471 3663 597 3716 sicut
618 3652 776 3728 scitis,
801 3664 1017 3733 qualiter
1035 3679 1434 3733 unumquemque
1461 3675 1700 3729 vestrum,
1730 3665 1858 3719 sicut

258 3745 264 3748 ⁴
352 3762 499 3821 pater
529 3754 661 3821 ﬁlios
694 3771 834 3823 suos,
861 3741 1184 3825 deprecantes
1214 3771 1301 3808 vos
1325 3765 1373 3809 et
1402 3756 1733 3818 consolantes,
1769 3755 1858 3810 12.

350 3834 607 3913 testiﬁcati
632 3854 811 3901 sumus
838 3854 890 3900 ut
914 3840 1234 3900 ambularetis
1261 3832 1415 3918 digne
1451 3846 1574 3914 Deo,
1596 3847 1682 3918 qui
1710 3864 1860 3901 voca-

353 3938 425 3991 vit
448 3953 536 3993 eos
555 3939 606 3992 in
630 3955 837 4009 regnum
858 3954 1004 3994 suum
1029 3949 1074 3994 et
1097 3939 1336 4011 gloriam.

358 4119 411 4172 l.
443 4116 721 4172 Ductorem
753 4103 884 4172 nihil
910 4112 1119 4189 oportet
1143 4118 1428 4171 onerosum
1458 4107 1645 4185 putare
1675 4117 1859 4168 eorum

275 4215 404 4281 quae
434 4209 656 4264 tendunt
682 4208 747 4262 ad
769 4209 990 4263 salutem
1018 4206 1417 4283 discipulorum.
1449 4205 1579 4286 Nam
1606 4209 1649 4259 si
1676 4202 1863 4260 beatus

276 4293 452 4358 Jacob
470 4310 625 4355 nocte
647 4307 701 4353 et
722 4298 809 4353 die
832 4296 1107 4355 laborabat
1123 4299 1173 4352 in
1195 4300 1371 4352 ovium
1392 4295 1631 4376 custodia
1660 4295 1862 4349 :mullo

279 4391 457 4462 magis
501 4398 623 4446 eum
653 4390 739 4445 cui
766 4389 980 4445 credita:
1006 4399 1130 4444 sunt
1157 4388 1370 4451 animae,
1404 4386 1612 4442 etiamsi
1640 4387 1711 4441 sit
1732 4398 1865 4455 opus

278 4473 611 4537 laboriosum
636 4490 691 4536 et
710 4476 834 4547 vile,
859 4482 1034 4535 omnia
1056 4486 1269 4549 Oportet
1292 4477 1487 4541 facere,
1513 4490 1674 4530 unum
1691 4474 1863 4528 selum

277 4581 640 4640 spectantem,
672 4564 866 4640 nempe
909 4570 1136 4626 salutem
1190 4568 1594 4639 discipulorum,
1646 4577 1701 4621 et
1747 4580 1867 4636 quae

278 4661 414 4717 inde
439 4654 546 4717 Deo
568 4661 791 4717 affertur
815 4656 1058 4732 gloriam.
1089 4659 1219 4715 Vide
1235 4674 1363 4729 ergo
1384 4657 1651 4729 quomodo
1673 4648 1867 4712 Paulus

277 4764 488 4823 parco,
537 4748 809 4823 apostolus
838 4741 983 4808 orbis
1015 4762 1191 4815 terrae,
1222 4736 1314 4805 tali
1355 4760 1602 4819 suscepto
1633 4748 1865 4814 honore,

278 4841 610 4913 operabatur
637 4844 903 4910 manibus,
934 4858 1002 4898 ne
1047 4849 1294 4910 gravaret
1331 4825 1640 4910 discipulos.
1674 4837 1870 4893 Alemo-

278 4952 369 4990 res
411 4935 544 4988 enim
573 4936 710 4998 estis,
737 4934 935 5004 inquit,
964 4923 1165 5003 fratres.
1201 4929 1387 4985 laboris
1424 4916 1583 4985 nostri
1601 4940 1647 4985 et
1676 4930 1867 5000 fatiga-

280 5028 462 5079 tionis.
489 5026 640 5081 l’rius
665 5025 894 5091 dixerat,
921 5017 1223 5079 Poteramus
1251 5023 1391 5077 oneri
1439 5039 1563 5089 esse,
1612 5030 1870 5101 tamquam

280 5115 479 5170 Christi
500 5116 716 5199 apostoli
738 5131 757 5169 :
780 5115 920 5186 quod
949 5116 1109 5170 etiam
1136 5114 1267 5169 dicit
1312 5115 1364 5168 in
1395 5101 1629 5183 Epistula
1656 5113 1723 5167 ad
1760 5111 1899 5167 Ct)"

282 5191 562 5259 rintbios:
593 5194 815 5260 Nescitis
862 5201 995 5272 quod
1031 5205 1116 5275 qui
1146 5204 1306 5258 sacris
1346 5213 1638 5272 operantur,
1670 5219 1698 5257 e
1721 5217 1866 5257 sacro

281 5296 555 5353 comedunt
582 5297 600 5367 (
618 5295 670 5352 Ι.
697 5296 816 5352 Cor.
848 5296 903 5352 9.
933 5297 999 5353 13
1019 5295 1078 5367 )‘l
1101 5286 1192 5353 Sic
1231 5305 1286 5350 ct
1311 5292 1553 5349 Christus
1593 5286 1869 5349 constituit

285 5400 348 5443 ut
379 5388 468 5458 qui
509 5388 842 5458 evangelium
885 5391 1219 5453 annuntiant,
1265 5398 1331 5442 ex
1359 5386 1636 5455 evangelio
1665 5390 1865 5440 vivant.

282 5478 399 5537 Sed
427 5491 549 5550 ego,
582 5480 784 5549 inquit,
813 5480 978 5540 nolui,
1028 5478 1123 5533 scd
1174 5476 1432 5534 laboravi.
1461 5469 1647 5548 Neque
1693 5476 1867 5531 solum

286 5580 565 5641 operatur,
592 5569 686 5626 sed
706 5585 828 5625 cum
859 5571 1026 5625 multo
1050 5564 1225 5625 studio
1252 5579 1308 5625 et
1334 5569 1628 5640 diligentia.
1660 5567 1727 5623 Et
1752 5566 1874 5623 vide

287 5662 418 5732 quid
443 5661 589 5717 dicat
620 5680 634 5715 :
664 5657 935 5727 lemures,
977 5659 1163 5731 inquit,
1195 5660 1332 5725 estis,
1366 5675 1473 5715 non
1496 5657 1872 5733 beneﬁciorum

291 5768 562 5815 meorum.
596 5752 713 5818 sud,
743 5750 955 5809 Laboris
982 5751 1138 5805 nostri
1180 5764 1226 5806 et
1258 5751 1591 5824 fatigationis.
1623 5745 1783 5804 Nocte
1827 5758 1872 5805 et

594 5871 864 5932 Parum.
912 5868 1028 5927 Gn.
1079 5867 1268 5927 ιλιι.

1955 3194 2043 3257 die
2069 3212 2352 3275 operanles,
2380 3206 2607 3273 nequem
2625 3204 2841 3257 vestrum
2879 3212 3223 3273 gravaremus,
3252 3200 3325 3255 sic
3348 3189 3540 3269 puelli;

1961 3310 2136 3348 camus
2175 3295 2312 3348 vobis
2349 3294 2662 3365 euangelium
2712 3293 2830 3347 Dei.
2867 3294 3161 3349 Corinthiis
3191 3303 3367 3349 autem
3395 3282 3540 3347 aliud

1960 3385 2133 3440 dicit:
2177 3386 2317 3439 Alias
2350 3369 2602 3439 Ecclesias
2633 3385 2929 3455 exspoliaui,
2959 3386 3210 3456 accipiens
3232 3384 3542 3454 stipendium

1961 3475 2029 3528 ad
2058 3475 2387 3528 ministerium
2423 3484 2639 3529 vestrum
2679 3474 2769 3547 (ε.
2800 3475 2918 3530 Cor.
2965 3476 3053 3531 ll.
3100 3473 3190 3547 δ).
3244 3475 3405 3545 Atqui
3437 3458 3545 3528 illic

1961 3581 2172 3637 quoque
2198 3568 2542 3635 cperabatur,
2571 3567 2666 3623 sed
2690 3583 2797 3622 non
2828 3568 3102 3623 revocavit
3128 3568 3180 3621 in
3205 3565 3539 3630 memoriam.

1961 3646 2055 3712 sed
2105 3657 2245 3712 aliud
2303 3660 2480 3728 posuit
2524 3658 2667 3730 quod
2738 3659 2906 3730 magis
2968 3668 3256 3730 punget-et;
3324 3658 3546 3729 perinde

1962 3761 2122 3830 atque
2150 3750 2195 3806 si
2225 3751 2470 3810 diceret:
2501 3754 2584 3808 Ab
2608 3754 2730 3808 aliis
2772 3768 2889 3808 sum
2931 3754 3164 3832 nutritus
3188 3753 3340 3832 vobis
3369 3754 3545 3807 inscr-

1959 3827 2143 3909 viiens;
2196 3841 2285 3898 hic
2326 3853 2504 3900 autem
2552 3860 2657 3900 nou
2706 3846 2803 3910 sic,
2861 3844 2957 3900 sed
2992 3827 3153 3916 quid?
3199 3827 3365 3898 Nocte
3390 3855 3436 3899 et
3460 3845 3543 3898 die

1962 3944 2246 4003 operantes.
2291 3936 2359 3990 Et
2397 3936 2504 4007 illic
2529 3935 2743 4007 quidem
2768 3936 2917 4000 dicit,
2969 3935 3033 3989 Et
3074 3950 3187 3989 cum
3225 3951 3379 3990 essent
3407 3934 3545 4005 apud

1964 4041 2050 4079 vos
2076 4038 2124 4081 et
2153 4043 2368 4098 egerem,
2397 4027 2599 4081 nullum
2620 4028 2834 4098 graoaui
2856 4026 3027 4098 (Ibid.
3057 4041 3104 4081 tt.
3132 4010 3233 4096 ii);
3265 4035 3339 4090 et,
3366 4027 3547 4095 Accepi

1965 4119 2268 4186 stipendium
2295 4120 2363 4172 ad
2391 4120 2725 4174 ministerium
2750 4128 2967 4173 vestrum
2993 4133 3012 4172 :
3038 4117 3124 4173 hic
3158 4129 3334 4171 autem
3363 4125 3549 4171 osten-

1966 4208 2041 4261 dit
2067 4221 2162 4262 eos
2187 4222 2305 4263 esse
2332 4209 2383 4261 in
2414 4204 2755 4277 paupertate;
2791 4208 2898 4262 illic
2927 4216 3056 4261 Vero
3105 4222 3214 4261 non
3267 4207 3360 4259 ita.
3411 4206 3546 4258 Pro-

1966 4294 2145 4368 pterea
2172 4284 2384 4354 assidue
2408 4314 2502 4354 eos
2541 4299 2759 4353 adducit
2784 4308 2948 4354 testes
2976 4315 2990 4351 :
3034 4296 3134 4351 Vos
3158 4298 3314 4358 enim.
3342 4296 3547 4365 inquit,

1967 4398 2114 4467 testes
2140 4376 2258 4443 estis
2300 4398 2346 4441 et
2379 4387 2512 4442 Deus
2529 4405 2563 4467 ,j
2595 4402 2902 4443 sermonem
2932 4388 3036 4442 lidc
3081 4385 3297 4457 dignum
3328 4383 3551 4450 iaciens,

1967 4488 2022 4533 et
2051 4464 2154 4533 hoc
2180 4492 2404 4549 ponens,
2430 4464 2574 4549 quod
2601 4493 2696 4535 eos
2723 4478 2953 4534 maxime
2975 4478 3229 4533 reddebat
3253 4476 3546 4532 certiores:

1970 4586 2096 4626 nam
2121 4556 2249 4628 illud
2276 4581 2357 4626 est
2382 4572 2645 4627 incertum
2678 4572 3063 4642 ignorantibus,
3092 4570 3194 4626 hoc
3212 4579 3389 4625 autem
3422 4568 3551 4624 nihil

1971 4662 2115 4717 dubii
2160 4658 2431 4734 relinquit.
2475 4664 2542 4718 Et
2572 4678 2639 4718 ne
2669 4662 2881 4718 mireris
2929 4680 2942 4717 :
2987 4678 3092 4717 non
3144 4662 3454 4717 advertebat
3494 4676 3555 4716 se

1972 4754 2193 4810 Paulum
2219 4768 2362 4820 esse,
2409 4755 2498 4825 qui
2535 4753 2652 4809 hac
2693 4738 2931 4817 diceret;
2961 4753 3057 4808 sed
3103 4751 3391 4808 admodum
3443 4755 3558 4808 vult

1971 4842 2066 4899 eos
2090 4829 2347 4899 certiores
2365 4830 2556 4900 iacere.
2579 4829 2705 4899 ideo
2723 4842 2850 4898 dicit
2874 4860 2887 4896 :
2922 4829 3019 4897 Vos
3040 4852 3185 4898 testes
3201 4844 3317 4897 estis
3332 4852 3379 4895 et
3398 4841 3554 4908 Deus,

1971 4951 2122 5005 quam
2162 4944 2334 4989 sancte
2375 4945 2425 4989 et
2458 4934 2598 5005 jusle
2625 4944 2672 4989 et
2717 4936 2826 4990 sine
2864 4935 3067 5004 querela
3096 4934 3233 4990 vobis
3256 4934 3445 5005 fuimus
3469 4933 3556 5001 qui

1972 5013 2193 5082 creditis.
2223 5025 2513 5096 Oportebat
2534 5040 2627 5080 eos
2653 5040 2835 5081 rursus
2851 5025 3103 5082 laudare:
3133 5025 3252 5081 ideo
3271 5040 3334 5081 ea
3359 5038 3559 5094 prope-

1975 5119 2055 5172 nit
2104 5133 2225 5187 qua:
2270 5117 2399 5171 satis
2451 5124 2604 5171 erant
2651 5117 2718 5171 ad
2775 5117 3225 5185 persuadendum.
3277 5115 3410 5170 Nam
3461 5115 3554 5184 qui

1975 5208 2125 5276 illic,
2179 5209 2394 5278 inquit,
2445 5207 2749 5263 laborabam
2801 5217 3151 5278 egestate,et
3196 5222 3302 5261 non
3342 5208 3546 5274 accepi,

1975 5300 2144 5353 multo
2171 5299 2339 5368 magis
2369 5313 2527 5353 nunc.
2561 5298 2728 5365 Quam
2755 5307 2926 5351 sancte
2968 5309 3013 5351 et
3059 5299 3193 5364 iuste
3233 5305 3281 5349 et
3308 5296 3417 5350 sine
3436 5312 3562 5366 quac

1976 5389 2082 5443 rela
2138 5382 2329 5457 fuimus
2379 5384 2514 5442 vobis
2568 5389 2654 5457 qui
2695 5382 2937 5451 creditis;
2984 5388 3111 5440 sicut
3138 5386 3294 5451 scitis,
3343 5387 3563 5450 qualiter

1976 5494 2373 5549 unumquemque
2401 5488 2640 5543 uestrum,
2670 5479 2797 5530 sicut
2825 5486 2968 5547 pater
3007 5474 3141 5546 ﬁlios
3166 5492 3303 5543 suos,
3355 5492 3441 5531 eos
3466 5478 3558 5536 de-

1978 5580 2237 5641 precantes
2287 5577 2335 5622 et
2390 5566 2727 5623 consolantes.
2760 5567 2893 5622 Cum
2941 5568 3187 5637 superius
3234 5566 3465 5622 dixisset
3508 5566 3561 5620 id

1978 5658 2118 5731 quod
2140 5668 2256 5714 erat
2272 5652 2720 5725 conversationis,
2750 5655 2835 5712 hic
2864 5657 2993 5713 dicit
3012 5656 3154 5729 quod
3177 5666 3261 5712 est
3288 5657 3560 5717 caritatis;

1980 5751 2120 5825 quod
2148 5750 2318 5823 majus
2343 5759 2446 5819 est,
2469 5758 2523 5806 et
2548 5747 2663 5807 sine
2690 5747 2828 5805 fastu
2851 5747 3072 5806 dictum.
3094 5747 3242 5805 Sicut
3263 5758 3405 5818 pater
3429 5748 3566 5818 ﬁlios

3135 5836 3216 5903 26
