4106 6208
557 373 662 427 ω’]

558 503 676 540 suos
695 528 708 548 ,
737 485 1060 554 deprecantes
1087 493 1171 532 vos
1198 487 1243 531 et
1272 474 1590 531 consolantes
1629 479 1678 526 et
1720 467 2042 538 testiﬁcantes
2085 471 2142 514 ut

562 576 828 630 ambuletis
859 575 1007 644 digne
1037 570 1166 632 Deo,
1208 568 1294 639 qui
1335 575 1476 621 uocat
1506 579 1592 620 vos
1640 563 1694 616 in
1731 573 1944 631 regnum
1995 569 2146 610 suum

562 677 610 720 et
652 665 886 738 gloriam.
917 662 1139 732 Quando
1168 661 1342 716 dicit:
1373 656 1444 710 Et
1487 655 1836 725 testiﬁcantes,
1866 660 1991 704 tunc
2027 660 2145 701 me-

564 758 718 811 minit
769 765 1001 826 patrum.
1028 752 1133 808 Sed
1187 760 1240 806 et
1281 747 1546 805 testificati
1599 741 1951 808 sumus,hoc
2006 751 2144 809 quo-

563 862 670 916 que
717 861 822 900 non
871 844 1216 898 vehementer
1246 882 1260 905 ,
1289 840 1380 895 sed
1428 839 1564 893 sicut
1596 845 1764 906 pater,
1800 831 2148 901 Unumquem-

565 954 662 1006 que
729 946 969 991 uestrum.
1023 935 1233 1004 Papae!
1292 933 1342 987 in
1393 941 1536 984 tanta
1589 925 1926 982 multitudine
1976 920 2148 976 nemi-

567 1043 690 1082 nent
720 1027 1086 1098 praetermisit,
1129 1040 1234 1079 non
1265 1037 1508 1092 parvum,
1559 1035 1663 1074 non
1718 1030 1991 1087 magnum,
2041 1026 2148 1067 non

567 1120 808 1183 divitem,
833 1135 933 1174 nec
953 1134 1260 1189 pauperem.
1297 1116 1653 1185 Deprecantes,
1681 1113 1866 1182 inquit,
1900 1109 1964 1164 ad
1987 1109 2153 1178 quid?

568 1210 650 1265 Ad
683 1209 960 1265 ferendum
1003 1209 1201 1263 omnia.
1233 1207 1299 1262 Et
1345 1207 1658 1261 consolantes
1713 1214 1758 1258 et
1805 1201 2149 1270 testificantes.

569 1300 946 1369 Depreeantes:
975 1315 1080 1353 non
1111 1313 1239 1368 ergo
1276 1297 1582 1366 qnterehant
1615 1295 1837 1365 gloriam
1869 1308 1882 1344 :
1918 1291 1984 1344 Et
2013 1289 2154 1343 testi-

572 1394 781 1459 [icantes
806 1407 821 1422 ·
847 1407 951 1445 non
983 1406 1112 1461 ergo
1141 1389 1514 1444 adulabantur.
1554 1387 1622 1442 Ut
1651 1383 1974 1439 ambularetis
2004 1383 2157 1449 digne

573 1485 707 1550 Deo,
739 1483 826 1554 qui
849 1483 1040 1537 vocarit
1063 1498 1149 1536 vos
1175 1482 1225 1534 in
1251 1497 1396 1535 suum
1437 1495 1646 1551 regnum
1667 1488 1710 1532 et
1737 1477 1970 1548 gloriam.
2022 1474 2156 1529 Vide

574 1591 763 1632 rursus
786 1575 1056 1646 quomodo
1086 1588 1330 1639 narrans,
1357 1581 1412 1628 et
1434 1571 1588 1626 docet
1611 1579 1668 1626 et
1708 1569 2017 1625 consolatur
2057 1583 2070 1620 :
2111 1565 2158 1620 si

573 1669 718 1722 enim
742 1667 947 1721 vocavit
974 1665 1038 1719 ad
1063 1680 1306 1735 regnum,
1336 1671 1548 1732 oportet
1574 1661 1752 1716 omnia
1777 1661 1935 1717 ferre.
1969 1660 2158 1714 Horta-

580 1776 702 1816 mur
730 1760 813 1815 vel
857 1773 1127 1830 rogamus,
1161 1773 1265 1812 nou
1296 1767 1352 1812 ut
1383 1757 1535 1812 nobis
1575 1754 1772 1825 aliquid
1801 1753 2032 1817 donetis,
2063 1751 2158 1807 sed

577 1861 632 1906 ut
662 1866 884 1921 regnum
929 1851 1188 1904 czelorum
1237 1847 1620 1917 assequamini.
1664 1847 1750 1900 15.
1799 1845 1927 1898 Ideo
1982 1853 2028 1897 ct
2070 1859 2160 1896 nos

577 1945 769 2012 gratias
793 1942 988 2011 agimus
1017 1941 1120 1993 Deo
1165 1941 1274 1994 sine
1315 1938 1700 2001 intermissione,
1726 1935 1862 2007 quod
1878 1949 1995 1987 eum
2020 1949 2162 1986 acce-

585 2033 782 2102 pissetis
824 2049 857 2084 a
906 2031 1048 2084 nobis
1080 2030 1282 2083 uerbum
1320 2029 1524 2081 auditus
1561 2026 1669 2093 Dei,
1725 2024 1990 2096 accepistis
2035 2024 2164 2077 illud

580 2140 683 2176 non
733 2132 786 2175 ut
829 2123 1030 2174 verbum
1081 2120 1358 2182 hominum,
1391 2118 1500 2184 sed,
1544 2119 1671 2172 sicut
1699 2126 1770 2170 est
1798 2132 1929 2181 vere,
1959 2116 2164 2170 verbum

584 2215 701 2280 Dei,
725 2215 811 2286 qui
836 2223 1076 2283 operatur
1100 2213 1153 2265 in
1174 2212 1309 2266 vobis
1333 2212 1418 2281 qui
1443 2209 1746 2264 credidistis.
1764 2207 1880 2264 Non
1908 2208 2050 2269 licet,
2082 2208 2164 2262 iu-

581 2306 716 2374 quit,
746 2307 948 2370 dicere,
975 2302 1116 2374 quod
1141 2317 1236 2357 nos
1259 2302 1474 2372 quidem
1503 2302 1720 2371 impune
1743 2301 1920 2354 omnia
1936 2300 2162 2368 agimus,

583 2411 683 2452 vos
723 2405 900 2450 autem
935 2395 1105 2450 facitis
1133 2395 1347 2464 indigna
1377 2401 1557 2448 nostra
1585 2393 1991 2448 conversatione
2020 2409 2033 2446 :
2061 2406 2166 2446 non

583 2487 726 2540 enim
760 2500 857 2540 nos
883 2485 1162 2540 audientes
1191 2484 1365 2539 allecti
1401 2485 1532 2538 estis
1582 2492 1848 2554 tamquam
1893 2483 2170 2537 audientes

584 2577 852 2643 homines,
883 2575 976 2631 sed
1011 2585 1279 2646 tamquam
1325 2576 1443 2646 ipso
1471 2575 1582 2629 Deo
1611 2575 1956 2641 admonente,
1989 2573 2060 2627 ita
2089 2580 2171 2627 at-

585 2669 851 2723 tendistis.
883 2667 1160 2724 Undeuam
1189 2668 1238 2722 id
1267 2668 1472 2738 liquet?
1514 2666 1664 2723 Sicut
1692 2667 1858 2731 enim,
1889 2665 2032 2736 quod
2063 2680 2168 2719 non

587 2762 641 2815 in
695 2760 1004 2815 adulatione
1053 2775 1226 2830 neque
1273 2760 1324 2813 in
1365 2759 1509 2814 inani
1558 2759 1724 2828 gloria
1770 2755 2168 2827 praedicaverit,

585 2854 822 2910 ostendit
847 2869 912 2908 ex
939 2853 1049 2908 suis
1079 2852 1478 2917 tentatiouihus,
1511 2860 1564 2905 et
1590 2851 1800 2905 illorum
1833 2849 2168 2914 testimonio,

589 2955 643 3000 et
663 2961 726 3001 ex
757 2947 820 3001 iis
844 2961 963 3016 quae
987 2945 1177 3016 agebat
1200 2963 1212 2996 :
1241 2945 1311 3000 ita
1336 2945 1496 3000 etiam
1517 2944 1656 3014 quod
1683 2943 1757 2998 illi
1778 2943 2000 2998 verbum
2029 2951 2174 2996 recte

588 3037 916 3106 acceperint,
949 3051 976 3088 a
1008 3035 1404 3090 tentatiouihos.
1433 3034 1713 3102 Quomodo
1751 3033 1918 3099 enim,
1964 3032 2171 3102 inquit,

487 3181 492 3188 ,
589 3128 690 3182 nisi
722 3137 988 3196 tamquam
1018 3126 1182 3181 Deum
1213 3126 1478 3184 dicentem
1508 3125 1867 3190 audivissetis,
1899 3124 2022 3179 talia
2067 3123 2174 3178 fer-

591 3219 721 3273 retis
776 3219 1051 3288 pericula?
1103 3217 1240 3274 Vide
1267 3226 1444 3273 autem
1477 3217 1886 3272 auctoritatem:
1927 3217 2015 3271 l4.
2075 3214 2176 3270 Vos

591 3311 724 3364 enim
752 3311 1026 3365 imitatores
1065 3311 1192 3381 facti
1234 3311 1385 3374 estis,
1431 3309 1647 3379 fratres,
1689 3307 2037 3364 Ecclesiarum
2080 3307 2177 3362 Dei

592 3417 708 3471 qua!
729 3412 847 3456 sunt
882 3403 932 3455 in
965 3403 1154 3456 Juda'a
1183 3403 1234 3456 in
1261 3401 1462 3456 Christo
1502 3399 1647 3465 Iesu,
1680 3401 1798 3471 quia
1839 3401 2016 3455 eadem
2041 3401 2178 3470 passi

591 3493 711 3547 estis
741 3502 786 3547 et
814 3510 900 3549 ros
915 3511 946 3547 a
970 3493 1333 3549 contribulibus
1351 3495 1546 3555 vestris,
1572 3494 1700 3548 sicut
1721 3503 1766 3548 et
1786 3493 1884 3564 ipsi
1907 3510 1938 3546 a
1957 3492 2175 3558 Iudicis,

593 3585 681 3642 15.
709 3586 796 3656 qui
818 3595 865 3640 et
890 3585 1163 3641 Dominum
1197 3587 1486 3641 occiderunt
1503 3585 1680 3640 Iesum
1713 3596 1757 3640 et
1784 3587 2076 3657 praphetas,
2131 3597 2178 3640 et

593 3694 684 3733 nos
711 3679 994 3749 persequuti
1022 3686 1165 3744 sunt,
1211 3687 1259 3732 et
1304 3677 1410 3732 Deo
1449 3693 1549 3731 non
1579 3677 1811 3747 placent,
1860 3685 1906 3730 et
1949 3678 2178 3732 omnibus

595 3771 876 3824 hominibus
919 3771 1290 3837 adversantur;
1337 3771 1423 3825 16.
1468 3769 1782 3838 prohibentes
1827 3785 1916 3824 nos
1952 3770 2180 3838 gentibus

594 3861 731 3926 loqui
756 3869 810 3913 ut
852 3862 1006 3914 salute
1052 3862 1208 3930 ﬁant,
1242 3870 1296 3914 ut
1337 3861 1581 3928 impleant
1610 3869 1814 3929 peccata
1839 3877 1934 3915 sua
1957 3877 2177 3932 semper.

595 3949 834 4004 Peruenit
858 3961 1024 4004 autent
1056 3951 1132 4002 ira
1169 3948 1267 4003 Dei
1290 3965 1443 4019 super
1465 3950 1582 4004 illos
1602 3967 1757 4020 usque
1781 3952 1834 4005 in
1861 3953 2035 4018 ﬁnem.

666 4040 722 4094 2.
760 4038 881 4106 Vos,
915 4040 1106 4110 inquit,
1128 4040 1400 4094 imitatores
1420 4043 1540 4111 facti
1564 4042 1682 4096 estis
1713 4040 2058 4096 Ecclesiarunt
2085 4041 2180 4097 Dei

597 4147 707 4201 qua:
750 4141 866 4186 sunt
895 4132 948 4186 iu
971 4131 1180 4186 Iudaea.
1207 4131 1392 4202 Magna
1438 4142 1521 4187 est
1566 4134 1884 4189 consolatio.
1916 4133 2031 4189 Non
2062 4144 2175 4202 est,

597 4225 791 4295 inquit,
824 4224 1038 4288 mirum,
1084 4224 1128 4278 si
1175 4224 1276 4295 ipsi
1321 4223 1435 4279 hazc
1472 4224 1623 4280 vobis
1668 4225 1881 4292 faciant,
1915 4241 2036 4281 cum
2079 4227 2182 4284 hoc

597 4317 760 4371 etiam
780 4315 974 4371 iaciam
1000 4315 1111 4370 suis
1137 4315 1546 4372 contribulibus.
1577 4315 1689 4370 lloc
1714 4325 1890 4372 autem
1921 4331 2026 4371 non
2055 4332 2179 4386 par-

597 4425 722 4464 vum
749 4424 961 4479 quoque
989 4418 1070 4464 est
1096 4409 1346 4464 indicium
1373 4409 1512 4479 quod
1553 4425 1676 4464 vera
1721 4410 1791 4465 sit
1839 4409 2178 4480 prmdicatio,

597 4518 719 4556 eum
749 4512 802 4556 et
830 4501 998 4557 Judaei
1029 4502 1206 4557 omnia
1245 4500 1385 4557 ferre
1426 4503 1772 4557 sustinerent.
1829 4502 1961 4568 Quia
2008 4504 2182 4556 eadem

597 4595 738 4667 passi
761 4595 876 4648 estis
901 4602 946 4648 et
971 4610 1058 4648 vos
1082 4611 1114 4647 a
1156 4593 1517 4648 ctmtribulibus
1555 4594 1748 4659 vestris,
1798 4594 1926 4648 sicut
1955 4604 2001 4648 et
2025 4594 2123 4663 ipsi
2149 4611 2183 4647 a

595 4687 814 4741 Judwis.
841 4687 966 4741 Plus
990 4686 1188 4757 aliquid
1215 4685 1374 4741 habet
1417 4686 1468 4740 in
1506 4700 1572 4740 eo
1599 4685 1738 4756 quod
1767 4685 1986 4750 dixerit,
2012 4685 2079 4740 Et
2105 4685 2181 4739 illi

597 4779 652 4834 in
703 4777 884 4833 Judtea
915 4795 930 4831 :
963 4777 1197 4833 ostendit
1223 4779 1365 4833 enim
1397 4792 1491 4832 eos
1532 4777 1727 4845 ubique
1753 4776 1944 4842 laetari,
1988 4784 2048 4830 ut
2091 4777 2181 4847 qui

597 4871 984 4924 decertassent.
1017 4869 1155 4924 Dicit
1202 4883 1351 4939 ergo,
1387 4867 1492 4922 Vos
1546 4882 1758 4938 quoque
1807 4867 1993 4922 eadem
2040 4869 2181 4938 passi

597 4963 752 5017 estis.
781 4961 850 5016 Et
869 4960 994 5030 quid
1025 4961 1238 5026 mirum,
1267 4962 1311 5015 si
1342 4961 1492 5016 vobis
1520 4975 1730 5030 quoque
1756 4959 2032 5027 fecerunt,
2060 4976 2182 5015 cum

599 5053 788 5108 eadem
833 5067 1044 5122 quoque
1070 5053 1182 5106 ausi
1210 5052 1404 5106 fuerint
1433 5053 1484 5106 iu
1513 5051 1815 5106 Dominum.
1861 5050 2018 5105 Vides
2047 5066 2182 5121 quo-

601 5144 764 5198 modo
793 5142 897 5197 hoc
925 5141 1192 5197 induxerit
1225 5142 1366 5211 quod
1393 5157 1638 5212 magnam
1670 5141 1827 5195 habet
1853 5141 2180 5195 consolatio-

600 5235 766 5290 nem?
793 5233 860 5288 Et
892 5234 994 5289 hoc
1018 5242 1196 5290 versat
1220 5231 1451 5299 assidue,
1475 5234 1599 5288 etin
1623 5233 1869 5286 omnibus
1895 5247 2182 5302 propemo-

599 5328 727 5383 dum
789 5328 1030 5398 epistolis
1089 5328 1188 5383 hoc
1237 5327 1540 5393 inveneris,
1581 5337 1827 5382 accurate
1869 5328 2182 5382 examinans

603 5419 873 5487 quomodo
901 5421 952 5475 in
983 5421 1363 5477 tentationibus
1400 5436 1615 5490 semper
1659 5419 1930 5475 Christum
1973 5422 2182 5477 diverse

602 5508 804 5564 afferat.
839 5508 972 5566 Vide
1001 5526 1162 5582 ergo;
1195 5510 1280 5564 hic
1310 5525 1520 5581 quoque
1543 5525 1800 5566 accusans
1823 5510 2057 5577 Judteos,
2089 5527 2182 5568 eos

600 5612 817 5657 revocat
844 5602 898 5657 in
923 5605 1234 5659 memoriam
1263 5603 1492 5667 Domini,
1531 5611 1583 5657 et
1607 5603 1722 5671 ejus
1755 5603 2178 5671 perpessionum.

601 5692 753 5747 Adeo
797 5693 1001 5749 sciebat
1047 5709 1157 5748 rem
1189 5695 1471 5747 maximam
1504 5693 1700 5748 habere
1734 5693 2176 5749 consolationem.

607 5783 707 5847 Qui
733 5796 782 5839 et
826 5785 1099 5840 Dominum
1123 5787 1430 5853 occiderunt,
1461 5787 1648 5855 inquit.
1677 5785 1778 5840 Sed
1807 5785 2030 5842 fortasse
2051 5800 2173 5842 eum

1279 363 1339 420 S.
1375 356 1651 418 JOANNIS
1686 347 2156 411 CllllVSOSTOMI
2195 345 2508 404 ARCillEP.
2547 349 3074 409 CONSTANTINOP.

3735 358 3840 416 408

2254 459 2652 530 ignoraverunt.
2682 465 2794 522 lmo
2823 469 3054 523 maxime
3073 479 3357 525 noverunt.
3386 472 3522 541 Quid
3552 479 3719 533 vero?
3745 493 3840 535 an-

2253 569 2360 608 non
2405 557 2566 611 etiam
2595 572 2720 613 suos
2760 560 3047 630 protihctas
3089 563 3418 630 occiderunt,
3476 577 3532 622 et
3575 569 3842 637 latidihns

2253 645 2566 714 obruerunt,
2589 663 2813 718 quorum
2835 652 2993 704 etiam
3013 651 3177 708 lihros
3198 654 3614 713 circumferunt?
3636 659 3702 714 Et
3725 660 3844 718 hate

2255 735 2497 791 fecerunt
2531 753 2636 792 non
2667 749 2886 810 pr0pter
2926 742 3225 798 veritatem.
3258 745 3372 800 Non
3399 759 3478 802 est
3508 765 3637 821 ergo
3666 754 3845 806 solum

2257 827 2555 882 consolatio
2584 829 2633 882 iu
2666 832 3068 898 tentatiouihus,
3102 835 3195 889 sed
3235 837 3395 891 etiam
3423 839 3738 908 admonitio,
3775 859 3848 897 no

2259 918 2628 973 existimemus
2653 919 2795 989 quod
2827 921 2941 976 haec
2967 921 3163 978 faciant
3195 937 3413 995 propter
3455 931 3757 996 veritatem,
3792 944 3849 987 et

2262 1006 2381 1061 ideo
2406 1010 2806 1065 conturbemur.
2836 1011 2899 1066 Et
2925 1029 3036 1078 nos,
3071 1013 3261 1085 inquit,
3304 1021 3588 1087 persequuti
3612 1032 3752 1076 sunt.
3781 1023 3850 1077 Et

2261 1116 2382 1166 nos,
2412 1101 2599 1171 inquit,
2635 1105 2778 1173 passi
2805 1120 2990 1160 sumus
3011 1106 3146 1160 mala
3181 1108 3606 1166 innumerabilia.
3641 1113 3707 1168 Et
3732 1113 3853 1169 Deo

2262 1208 2362 1245 non
2391 1193 2625 1261 placent,
2667 1205 2711 1248 et
2738 1195 2967 1250 omnibus
2998 1197 3284 1254 hominibus
3330 1200 3680 1268 adversantur,
3726 1222 3854 1274 ρνοι

2263 1283 2484 1338 bibentes
2510 1301 2600 1338 nos
2637 1286 2864 1356 gentibus
2911 1288 3047 1358 loqui
3083 1299 3136 1343 ut
3186 1291 3339 1345 salece
3386 1293 3533 1360 ﬁant.
3567 1294 3846 1362 Outnibus,

2264 1375 2452 1444 inquit,
2484 1377 2768 1432 hominibus
2790 1380 3136 1434 adversantur.
3161 1381 3476 1450 Quomodo?
3505 1385 3558 1440 Si
3582 1388 3723 1442 enim
3751 1392 3852 1445 toti

2264 1469 2379 1522 orbi
2409 1479 2564 1524 terra:
2591 1470 2730 1540 loqui
2754 1482 2986 1540 oportet,
3019 1473 3103 1528 isti
3125 1483 3302 1530 autem
3327 1488 3528 1546 vetant,
3556 1490 3678 1534 sunt
3697 1497 3854 1537 como

2267 1574 2456 1614 munes
2488 1559 2686 1614 inimici
2718 1561 2865 1616 orbis
2912 1572 3087 1618 terrm.
3143 1565 3414 1622 Christum
3453 1570 3766 1626 occiderunt
3797 1583 3854 1629 et

2267 1650 2587 1721 prophetas,
2634 1653 2797 1708 Deum
2847 1656 3167 1710 contumelia
3210 1658 3481 1723 alliciunt,
3531 1670 3655 1716 sunt
3701 1665 3856 1720 orbis

2269 1755 2425 1798 terra:
2441 1758 2752 1799 communes
2769 1745 2990 1813 inimici,
3012 1761 3108 1801 nos
3129 1748 3403 1817 expellunt
3422 1751 3511 1821 qui
3541 1752 3606 1807 ad
3622 1755 3851 1809 salutem

2267 1837 2588 1889 accessimus
2617 1853 2630 1889 :
2660 1835 2784 1904 quid
2809 1839 3021 1904 mirum,
3041 1841 3082 1894 si
3108 1841 3158 1894 in
3192 1856 3285 1895 vos
3304 1857 3515 1913 quoque
3542 1845 3612 1900 ita
3643 1861 3702 1901 se
3728 1861 3854 1916 ges-

2269 1926 2451 1990 serint,
2476 1941 2598 1981 cum
2621 1929 2782 1983 etiam
2810 1929 2860 1983 in
2889 1928 3072 1985 Judtea
3102 1931 3203 1988 hoc
3233 1933 3498 1990 fecerint?
3520 1935 3856 1995 PfO/ilbcﬂlt"

2269 2033 2363 2071 nos
2407 2019 2633 2088 gentibus
2684 2019 2821 2089 loqui
2845 2030 2901 2073 ut
2938 2023 3090 2076 salva:
3116 2024 3261 2092 ﬁant.
3310 2026 3404 2080 Est
3448 2041 3578 2098 ergo
3617 2029 3851 2095 invidia,

2269 2112 2508 2167 omnium
2554 2114 2814 2183 impedire
2842 2116 3090 2172 salutem.
3136 2116 3203 2174 Ut
3256 2121 3499 2189 impleant
3529 2135 3735 2193 peccata
3760 2140 3856 2180 sua

2270 2217 2484 2271 semper.
2518 2201 2752 2260 Peruenit
2799 2218 2964 2261 autem
2988 2225 3142 2278 super
3178 2210 3294 2264 illos
3331 2213 3408 2265 ira
3459 2211 3554 2268 Dei
3603 2231 3760 2286 usque
3803 2218 3857 2269 in

2273 2295 2444 2362 ﬁnem.
2473 2293 2588 2350 Non
2633 2308 2758 2352 sunt
2785 2299 3012 2370 amplius
3058 2302 3180 2357 talia
3222 2305 3396 2373 qualia
3441 2316 3595 2362 erant
3640 2309 3855 2378 priora;

2274 2390 2378 2438 non
2406 2395 2485 2439 est
2509 2387 2736 2457 amplius
2757 2389 2976 2455 reditus,
3008 2405 3113 2447 non
3143 2394 3371 2462 amplius
3395 2397 3515 2450 linis
3537 2415 3550 2452 :
3570 2399 3664 2454 sed
3689 2415 3860 2469 prope

2275 2477 2436 2531 instat
2461 2477 2560 2532 ira.
2591 2479 2740 2535 Unde
2768 2481 2819 2535 id
2852 2484 3035 2552 patet?
3060 2483 3138 2538 Ex
3170 2500 3235 2540 co
3261 2487 3402 2556 quod
3431 2490 3672 2557 prmdixit
3697 2490 3859 2544 Chri.

2275 2577 2412 2624 stus.
2433 2570 2546 2626 Non
2570 2572 2672 2627 hoc
2696 2574 2837 2628 enim
2866 2575 3038 2630 solum
3062 2576 3220 2632 habet
3241 2581 3689 2642 consolationem.
3715 2585 3861 2653 quod

2275 2661 2582 2731 acceperint
2606 2663 2779 2719 socios
2817 2663 3200 2736 afﬂictionum,
3229 2669 3322 2725 sed
3366 2681 3420 2726 et
3461 2672 3601 2740 quod
3642 2688 3737 2729 eos
3767 2676 3865 2745 qui

2277 2753 2580 2824 afﬂigebant
2611 2757 2875 2812 audierint
2904 2760 3086 2828 plexos
3115 2761 3293 2818 fuisse.
3322 2763 3376 2819 Si
3403 2773 3580 2818 autem
3612 2765 3865 2821 molestia

2277 2845 2441 2900 allicit
2465 2847 2672 2911 dilatio,
2705 2852 3015 2907 consoletur
3041 2854 3182 2923 quod
3230 2869 3337 2909 non
3376 2856 3601 2927 amplius
3643 2873 3866 2913 sursum

2279 2939 2560 3007 aspiciant.
2609 2939 2724 2996 lmo
2771 2957 2900 2998 vero
2943 2944 3252 3000 dilationem
3304 2962 3516 3017 quoque
3563 2951 3862 3010 contraxit.

2279 3030 2529 3097 dicendo,
2565 3031 2674 3098 Ira,
2709 3049 2895 3090 rursus
2933 3035 3231 3092 ostendens
3250 3053 3368 3093 eam
3403 3039 3608 3106 deberi,
3638 3056 3870 3111 esseque

2281 3124 2630 3191 prrestitutam
2659 3134 2713 3178 et
2759 3125 3089 3195 praedictam.
3132 3129 3222 3182 l7.
3258 3127 3370 3182 Nos
3409 3141 3606 3196 autem,
3638 3131 3824 3201 fratres
3847 3174 3864 3196 ,

2282 3214 2495 3268 desolati
2519 3232 2551 3268 a
2578 3216 2713 3270 vobis
2737 3217 2804 3269 ad
2832 3227 3026 3288 tempus
3052 3217 3210 3286 horse,
3259 3231 3482 3290 aspectu,
3535 3239 3635 3276 non
3675 3224 3866 3286 corde,

2281 3305 2620 3359 abundantius
2669 3307 3012 3375 festinabimus
3058 3311 3239 3380 faciem
3295 3321 3509 3366 vestram
3551 3313 3718 3368 uidere
3748 3331 3870 3367 cum

2283 3399 2440 3452 multo
2468 3398 2736 3453 desiderio.
2765 3399 2881 3455 Non
2907 3401 3036 3455 dixit
3061 3444 3077 3468 ,
3107 3401 3347 3473 Separati
3369 3447 3385 3471 ,
3410 3405 3502 3460 sed
3531 3405 3671 3476 quod
3693 3408 3873 3478 majus

2283 3497 2418 3542 erat.
2471 3487 2726 3557 Superius
2783 3490 2916 3545 dixit
2959 3491 3026 3547 de
3073 3492 3412 3561 adulatione,
3470 3497 3757 3552 ostendens
3809 3514 3874 3554 se

2285 3596 2390 3634 non
2420 3579 2645 3646 adulari,
2675 3597 2782 3636 non
2809 3597 3052 3654 qumrere
3098 3585 3324 3654 gloriam
3359 3603 3372 3639 :
3404 3587 3490 3641 hic
3526 3587 3657 3642 dicit
3684 3589 3750 3643 de
3778 3604 3873 3644 ea.

2284 3671 2460 3726 ritate.
2505 3671 2768 3739 Quoniam
2827 3675 3072 3743 superius
3107 3675 3263 3742 dixit,
3316 3676 3464 3732 Sicut
3519 3689 3662 3750 pater
3709 3680 3870 3748 ﬁlios,

2287 3760 2434 3816 Sicut
2458 3763 2769 3827 nutrix;ltic
2793 3765 2934 3818 aliud
2963 3765 3108 3832 dicit,
3127 3765 3322 3832 Orbati,
3353 3768 3491 3839 quod
3519 3779 3602 3825 est
3631 3770 3872 3826 ﬁliorum

2284 3863 2462 3924 patres
2477 3856 2986 3926 querentiquuid
3024 3875 3171 3924 vero,
3197 3860 3342 3915 illine
3361 3872 3513 3917 erant
3530 3865 3730 3918 orbati?
3748 3864 3871 3919 Non

2286 3945 2477 4016 inquit,
2507 3947 2600 4002 scd
2628 3963 2748 4003 nos.
2775 3948 2907 4004 Nam
2935 3950 2979 4004 si
3018 3953 3138 4022 quis
3171 3952 3493 4009 desiderium
3529 3958 3872 4011 examinavit-

2286 4035 2377 4101 rit,
2407 4037 2547 4091 sicut
2577 4038 2724 4106 parvi
2770 4039 2944 4107 pueri,
2997 4057 3225 4110 quorum
3276 4045 3455 4100 nullus
3497 4061 3678 4100 curam
3707 4049 3870 4117 gerit,

2287 4126 2625 4183 immaturam
2654 4127 2944 4185 subeuntes
2971 4130 3251 4189 orbitatem
3269 4174 3286 4200 ,
3315 4134 3368 4189 in
3411 4151 3602 4205 magno
3629 4147 3752 4191 sunt
3777 4153 3870 4208 ραι

2287 4227 2494 4272 rentmn
2522 4217 2808 4284 desiderio,
2841 4235 2945 4274 non
2974 4221 3148 4276 solum
3176 4234 3392 4294 propter
3413 4227 3579 4296 ipsam
3597 4238 3872 4294 naturam,

2287 4308 2380 4363 sed
2405 4309 2563 4364 etiam
2596 4319 2813 4381 pr0pter
2841 4311 3180 4370 solitudinem
3211 4332 3224 4369 :
3262 4317 3331 4371 ita
3355 4333 3454 4374 nos
3475 4335 3705 4390 quoque.
3733 4320 3874 4378 llis-.c

2287 4415 2498 4471 quoque
2525 4402 2758 4457 ostendit
2785 4417 2934 4458 suam
2952 4405 3114 4460 animi
3139 4408 3530 4476 mgritudinem,
3553 4411 3603 4465 in
3626 4426 3725 4481 qua
3751 4424 3873 4466 erat

2289 4501 2508 4562 propter
2535 4495 2951 4563 separationem.
2984 4495 3053 4550 Et
3082 4496 3217 4564 htec,
3248 4499 3439 4569 inquit,
3493 4515 3600 4556 non
3631 4502 3753 4557 licet
3782 4505 3870 4558 di-

2287 4600 2432 4652 cere,
2459 4587 2603 4656 quod
2632 4588 2856 4643 multum
2911 4599 3119 4661 tempus
3161 4595 3608 4663 exspectavimus,
3641 4596 3756 4661 sed,
3793 4596 3877 4650 Ad

2289 4686 2503 4746 tempus,
2550 4678 2708 4748 idque
2762 4680 2938 4744 Facie,
2992 4698 3092 4736 non
3118 4685 3269 4738 corde
3293 4701 3313 4738 :
3360 4699 3577 4756 semper
3604 4687 3744 4741 enim
3776 4702 3876 4740 eos

2289 4766 2548 4824 habemus
2574 4770 2628 4824 in
2656 4780 2856 4826 mente.
2880 4772 3012 4828 Vide
3033 4784 3232 4844 quanta
3255 4775 3322 4830 sit
3346 4776 3564 4832 dilectio
3589 4793 3603 4829 :
3629 4779 3878 4848 quamvis

2288 4874 2382 4915 eos
2411 4859 2631 4916 haberet
2663 4871 2918 4932 perpetuo
2947 4863 2997 4917 in
3026 4865 3208 4930 corde,
3247 4866 3522 4935 quaerebat
3569 4875 3744 4922 tamen
3773 4883 3881 4923 eo-

2291 4969 2406 5008 rum
2445 4953 2495 5008 in
2521 4963 2740 5024 aSpectu
2767 4969 2861 5010 seu
2905 4954 3039 5011 facie
3079 4959 3440 5027 pratsentiam.
3488 4959 3562 5015 Ne
3590 4961 3709 5030 quis
3738 4962 3875 5014 mihi

2289 5060 2739 5116 supervacaneam
2768 5047 2906 5104 hanc
2935 5047 3076 5103 dicat
3105 5050 3495 5120 philosophiam
3519 5069 3532 5106 :
3565 5051 3670 5107 hoc
3715 5051 3882 5123 plane

2289 5148 2372 5193 est
2394 5139 2630 5194 ardentis
2658 5139 2980 5208 dilectiOnis,
3009 5141 3212 5208 videre,
3239 5151 3290 5198 et
3330 5145 3516 5200 audire
3535 5185 3549 5209 ,
3575 5155 3629 5200 et
3651 5143 3840 5200 dicere
3868 5189 3883 5208 .

2290 5240 2345 5286 ct
2368 5231 2469 5286 hoc
2489 5232 2711 5286 multum
2731 5233 3034 5288 contulerit.
3057 5234 3427 5303 Abundantius,
3460 5235 3648 5306 inquit,
3663 5237 3884 5310 festiue-

2289 5323 2466 5378 t'imus.
2497 5323 2634 5391 Quid
2659 5333 2760 5387 est,
2789 5325 3176 5381 Abundantius?
3203 5326 3294 5381 Vel
3319 5326 3419 5382 hoc
3442 5327 3543 5382 sibi
3566 5329 3699 5393 vult,
3731 5327 3880 5400 quod

2290 5429 2385 5469 vos
2417 5417 2589 5484 magni
2645 5416 2965 5471 faciebamus
2999 5435 3011 5469 :
3045 5418 3129 5472 vel
3178 5428 3234 5472 ut
3283 5429 3364 5474 est
3409 5418 3720 5487 verisimile,
3751 5437 3885 5476 eum

2292 5509 2420 5563 hora
2448 5508 2799 5564 abluissemus
2819 5549 2832 5573 ,
2868 5508 3167 5564 studuimus
3191 5510 3370 5566 videre
3400 5509 3586 5568 faciem
3613 5521 3878 5568 vestram.

2291 5601 2424 5654 Vide
2452 5599 2664 5654 beatum
2695 5599 2938 5662 Paulum,
2989 5614 3108 5654 cum
3151 5615 3246 5665 per
3273 5615 3331 5654 se
3357 5616 3460 5655 non
3491 5611 3670 5672 posset
3717 5616 3886 5657 suum

2293 5692 2514 5760 implere
2535 5691 2886 5754 desiderium,
2919 5689 3018 5745 hoc
3066 5692 3241 5746 lacere
3269 5707 3364 5762 per
3389 5692 3522 5746 alios
3548 5709 3559 5744 :
3583 5691 3722 5746 sicut
3752 5706 3884 5747 eum

2293 5787 2456 5842 mittit
2480 5785 2820 5841 Timotheum
2843 5785 2908 5840 ad
2933 5784 3068 5839 Phili
3076 5800 3324 5856 ppenses,
3347 5796 3397 5841 et
3417 5785 3664 5843 eumdem
3687 5799 3886 5841 rursus
