4106 6208
308 335 416 390 109

300 441 366 496 ad
396 439 720 506 Corinthios,
754 454 850 509 per
874 439 1005 495 alios
1031 453 1150 495 cum
1173 440 1252 496 eis
1280 455 1521 504 versans,
1549 454 1669 495 cum
1703 455 1796 509 per
1824 455 1883 495 se

299 548 405 587 non
438 540 620 602 posset
651 547 665 585 :
694 541 810 585 erat
857 531 998 585 enim
1029 546 1216 585 amans
1263 531 1443 586 furore
1485 539 1768 599 correptus
1789 571 1802 594 ,
1830 539 1885 584 et

297 623 456 692 cuius
484 622 717 693 impetus
741 621 806 676 ad
829 621 1118 677 amicitiam
1143 621 1379 676 cohiberi
1410 635 1513 675 non
1543 630 1770 691 poterat.
1792 621 1880 675 18.

301 715 558 781 Quoniam
604 715 857 768 voluimus
900 715 1068 767 venire
1113 713 1182 766 ad
1209 730 1316 767 vos.
1364 713 1515 780 Quod
1557 712 1771 782 quidem
1801 720 1884 766 est

295 806 622 861 dilectionis.
657 805 901 871 Etiamsi,
933 804 1124 874 inquit,
1155 804 1298 858 nullo
1325 804 1431 858 alio
1459 803 1588 857 mihi
1615 817 1750 872 Opus
1777 811 1876 865 est,

297 911 458 965 quam
486 905 544 950 ut
574 911 669 950 vos
697 897 990 950 videamus.
1022 894 1130 964 Ego
1155 895 1356 964 quidem
1401 893 1630 960 Paulus,
1656 903 1702 947 et
1731 892 1883 946 semcl

299 997 344 1041 ct
367 989 584 1050 iterum;
613 987 701 1041 sed
743 985 1002 1056 impedivit
1031 1003 1123 1040 nos
1149 997 1373 1040 satanas.

370 1079 424 1133 3.
465 1077 601 1146 Quid
631 1077 1040 1134 dicis?Salantts
1083 1077 1330 1146 impedit?
1358 1077 1516 1131 Certe
1548 1091 1697 1130 :non
1729 1075 1871 1130 enim

299 1168 402 1222 hoc
430 1177 546 1223 erat
575 1182 710 1237 opus
737 1167 850 1222 Dei.
881 1166 960 1221 Ad
989 1167 1262 1222 Romanos
1305 1167 1519 1236 quidem
1551 1165 1681 1220 dicit
1711 1165 1878 1219 Deum

300 1261 637 1331 prohibuisse
668 1259 840 1330 (Rom.
874 1262 960 1316 15.
987 1260 1114 1329 22);
1147 1269 1198 1314 et
1222 1259 1346 1312 alibi
1374 1259 1499 1312 dicit
1538 1257 1728 1320 Lucas,
1756 1256 1880 1324 Spi-

300 1353 434 1405 ritus
465 1349 735 1420 prohibuit
786 1352 929 1420 ipsos
973 1351 1157 1404 venire
1201 1349 1252 1404 in
1294 1349 1476 1404 Asiam
1507 1347 1645 1418 (Act.
1672 1345 1760 1401 16.
1789 1346 1878 1417 6);

299 1441 587 1498 Corinthiis
617 1451 796 1496 autem
832 1441 959 1496 dicit
987 1455 1122 1512 Opus
1152 1455 1271 1495 esse
1301 1440 1521 1507 spiritus
1551 1455 1562 1490 :
1589 1437 1675 1491 hic
1704 1446 1878 1490 autem

298 1533 470 1587 solum
517 1542 736 1588 satame.
785 1532 1078 1599 Quamnam
1111 1541 1286 1586 autem
1316 1531 1445 1584 dicit
1491 1529 1653 1583 luisse
1680 1537 1881 1582 satana:

297 1623 716 1678 cohibitioncm?
744 1623 1140 1693 lueXSpectatas
1165 1621 1426 1691 quasdam
1455 1629 1508 1674 et
1539 1618 1883 1673 vehementes

300 1715 641 1770 Icntationes.
671 1714 800 1769 Nam
829 1731 950 1770 cum
993 1716 1043 1770 ei
1087 1715 1312 1770 fuissent
1336 1723 1552 1768 structae
1598 1728 1626 1766 a
1683 1711 1880 1766 ludatis

300 1806 507 1860 insidia:
555 1806 690 1876 (Act.
733 1806 822 1862 20.
868 1805 947 1876 5),
995 1815 1236 1862 retentus
1288 1813 1370 1861 est
1419 1806 1471 1859 in
1512 1803 1733 1859 Hellade
1773 1810 1882 1856 tres

297 1911 535 1951 menses.
587 1896 740 1950 Aliud
771 1905 951 1952 autem
977 1905 1060 1952 est
1105 1906 1254 1952 certo
1306 1897 1533 1952 consilio
1567 1903 1622 1950 et
1667 1903 1882 1964 prepter

298 1987 749 2056 dispensationem
798 2003 1036 2054 manere,
1089 1997 1143 2044 et
1183 2003 1276 2042 sua
1308 1996 1529 2056 sponte;
1561 1985 1701 2040 aliud
1728 1983 1881 2038 cohi-

299 2077 439 2131 beri.
468 2076 596 2131 Nam
627 2078 735 2133 illic
764 2078 979 2148 quidem
1009 2079 1158 2144 dicit,
1189 2079 1359 2146 Quare
1399 2095 1501 2132 non
1547 2077 1767 2147 amplius
1805 2076 1881 2129 lo-

297 2185 416 2221 cum
438 2169 625 2223 habens
654 2170 706 2222 in
727 2171 805 2224 his
827 2171 1110 2243 regionibus
1129 2159 1307 2232 (Rom.
1343 2170 1430 2225 15.
1458 2169 1587 2240 23);
1618 2177 1692 2232 et,
1731 2166 1882 2222 Vobis

297 2276 532 2330 parcens,
564 2263 786 2314 nondum
813 2262 922 2314 veni
962 2260 1260 2315 Corinthum
1287 2255 1364 2324 (2.
1395 2260 1511 2315 Cor.
1548 2261 1598 2314 1.
1631 2259 1727 2330 23)
1757 2276 1770 2311 :
1796 2257 1882 2312 hic

297 2363 478 2406 autem
506 2351 632 2406 nihil
662 2353 800 2417 tale;
849 2351 944 2406 sed
990 2351 1160 2422 quid?
1191 2351 1418 2406 Satanas
1456 2351 1737 2419 impedivit.
1769 2347 1881 2419 Ego

296 2444 502 2514 quidem
545 2444 764 2512 Paulus,
795 2455 842 2499 et
867 2446 1019 2500 semel
1034 2454 1078 2500 et
1110 2445 1204 2498 bis.
1237 2444 1370 2500 Vide
1403 2456 1660 2514 quantum
1685 2441 1881 2513 gloria-

299 2547 407 2602 tur,
428 2537 610 2591 aneus
625 2537 904 2591 ostendere
925 2552 982 2590 se
1005 2551 1100 2590 eos
1116 2537 1347 2590 maxime
1372 2535 1608 2589 omnium
1634 2535 1878 2602 diligere.

298 2625 414 2696 Ego
439 2628 636 2695 quidem
667 2627 898 2691 Paulus;
939 2642 1003 2681 ac
1031 2629 1075 2683 si
1111 2626 1312 2694 diceret
1347 2646 1360 2682 :
1394 2627 1508 2681 Etsi
1539 2641 1643 2680 non
1674 2625 1784 2680 alii.
1816 2624 1884 2678 Et

299 2717 376 2771 illi
405 2717 618 2787 quidem
661 2717 912 2772 volebant
959 2728 1187 2784 tantum,
1234 2733 1334 2788 ego
1372 2726 1552 2772 autem
1601 2730 1882 2786 aggressus

297 2826 440 2864 sum.
471 2811 558 2864 19.
597 2810 722 2876 Qute
749 2819 819 2864 est
845 2812 977 2864 enim
1009 2821 1179 2864 nostra
1208 2827 1343 2878 spes,
1379 2818 1467 2862 aut
1499 2808 1762 2878 gaudium,
1793 2815 1883 2860 aut

297 2917 488 2954 corona
509 2901 684 2970 gloria:
701 2901 726 2953 ?
751 2899 938 2954 Nonne
965 2917 1050 2954 vos
1078 2911 1196 2954 ante
1226 2901 1498 2953 Dominum
1523 2908 1752 2952 nostrum
1786 2896 1882 2950 Je-

295 3008 414 3044 sum
440 2991 692 3080 Qhristum
719 2993 836 3045 estis
866 2993 916 3044 in
944 2992 1161 3044 adventu
1187 2993 1335 3061 ejus?
1382 2991 1699 3045 Macedones
1737 2998 1877 3054 sunt,

296 3079 607 3150 die,qnarso,
633 3096 758 3151 spes
791 3093 898 3145 tua,
946 3098 978 3136 ο
1006 3083 1162 3138 beate
1192 3082 1386 3136 Paule?
1431 3081 1549 3136 Non
1591 3081 1647 3144 ii,
1691 3079 1879 3148 inquit,

300 3175 403 3227 solt
433 3191 446 3226 :
484 3184 763 3242 propterea
791 3175 1086 3245 subjunxit,
1131 3177 1315 3229 Annon
1352 3190 1436 3228 vos
1463 3173 1696 3244 quoque?
1724 3173 1880 3237 Qum-

301 3281 421 3317 nam
450 3275 521 3320 est
548 3266 703 3328 enim,
734 3266 923 3334 inquit,
959 3267 1102 3319 nobis
1125 3283 1259 3334 spes,
1278 3277 1366 3318 aut
1385 3265 1649 3335 gaudium,
1680 3271 1765 3316 aut
1793 3279 1881 3316 co-

302 3373 428 3410 rona
452 3357 669 3426 glorise?
697 3358 1062 3427 Agnoscitisne
1084 3357 1242 3412 verba
1273 3372 1390 3412 esse
1419 3357 1696 3412 mulierum
1726 3356 1885 3408 visce-

304 3449 451 3502 ribus
481 3449 636 3502 valde
678 3449 1134 3512 incalescentium,
1165 3451 1498 3520 loquentium
1540 3462 1661 3501 cum
1713 3445 1884 3500 infan-

305 3541 488 3594 tzbns?
518 3539 583 3592 Et
612 3557 816 3606 corona,
849 3542 1031 3612 inquit,
1062 3542 1257 3612 gloriw.
1288 3541 1402 3596 Non
1431 3538 1884 3595 sullicicbatenim

306 3648 524 3686 corona:
578 3648 773 3688 nomen
817 3633 884 3687 ad
929 3634 1318 3689 ostendendum
1372 3630 1734 3700 splendorem,
1791 3627 1886 3682 sed

302 3724 463 3777 etiam
491 3722 713 3790 addidit,
747 3723 956 3778 Gloria.
988 3725 1180 3791 Quanti
1209 3732 1291 3778 est
1322 3723 1423 3776 hoc
1445 3720 1682 3775 ardoris!
1716 3718 1884 3772 Nutu-

305 3830 464 3883 quam
496 3824 648 3884 pater
673 3823 726 3868 et
757 3823 950 3880 mater,
991 3817 1034 3870 si
1078 3815 1234 3869 simul
1263 3822 1446 3868 essent
1491 3810 1786 3882 congressi,
1832 3817 1888 3865 et

305 3921 462 3960 suum
508 3907 848 3962 miscuissent
879 3907 1229 3973 desiderium,
1279 3907 1578 3977 potuissent
1603 3905 1890 3960 ostendere

305 4016 460 4053 suum
505 3998 827 4054 desiderium
877 4016 944 4056 ex
983 4015 1136 4071 aequo
1167 3999 1498 4070 respondens
1533 3999 1719 4054 Paulo.
1758 3995 1890 4050 ϐαιὴ

305 4091 470 4154 dium,
500 4091 689 4161 inquit,
723 4101 771 4145 et
808 4108 1014 4146 corona.
1046 4092 1232 4161 Magis,
1285 4091 1473 4159 inquit,
1525 4090 1733 4145 exsulto
1763 4103 1890 4158 pro-

309 4191 428 4250 pter
456 4196 551 4236 vos
583 4197 742 4252 quam
793 4191 1015 4252 propter
1039 4197 1318 4237 coronam.
1349 4182 1534 4252 Cogita
1561 4182 1702 4236 enim
1730 4195 1890 4250 quan-

307 4283 422 4327 tum
455 4273 525 4327 sit
551 4275 810 4344 integram
841 4275 1035 4330 adesse
1061 4274 1376 4340 Ecclesium,
1408 4288 1527 4342 quae
1545 4287 1574 4324 a
1599 4271 1764 4325 Paulo
1792 4270 1892 4324 fuit

308 4367 571 4436 plantata,
595 4374 650 4419 et
678 4366 786 4435 egit
814 4365 1026 4422 radices
1061 4385 1073 4420 :
1103 4365 1221 4434 quis
1266 4379 1372 4418 non
1414 4362 1649 4418 exsultet
1675 4370 1892 4430 prepter

309 4469 418 4511 tam
450 4458 642 4511 bonam
673 4466 727 4512 et
756 4471 1094 4512 numerosam
1121 4456 1359 4525 prolem?
1388 4453 1745 4520 Quamobrem
1791 4467 1892 4506 nec

306 4550 414 4603 hoc
444 4559 524 4602 est
577 4547 919 4604 adulationis.
968 4547 1085 4602 Non
1130 4547 1264 4601 dixit
1313 4546 1453 4601 enim
1502 4553 1726 4609 tantum,
1761 4543 1890 4609 Vos,

305 4645 429 4705 sed,
460 4642 567 4696 Vos
596 4658 714 4697 cum
741 4642 878 4696 aliis.
902 4641 992 4697 20.
1033 4639 1133 4693 Vos
1157 4640 1289 4693 enim
1314 4637 1431 4692 estis
1460 4638 1620 4706 gloria
1642 4645 1812 4690 nostra
1846 4642 1894 4689 et

305 4732 577 4803 gaudium.
633 4731 799 4801 (Cap.
836 4732 915 4796 5.)
959 4731 1011 4784 1.
1060 4727 1275 4797 PrOpter
1326 4725 1461 4797 quod
1499 4741 1598 4779 non
1645 4725 1894 4778 sustinen-

308 4835 385 4876 tcs
427 4824 671 4891 amplius,
727 4821 920 4892 placuit
1001 4819 1143 4873 nobis
1193 4834 1450 4872 remanere
1499 4815 1706 4870 Athenis
1749 4815 1890 4869 solis.

311 4915 544 4980 Placuit,
577 4915 626 4968 id
652 4923 755 4978 est,
783 4913 1072 4982 Elegimus.
1103 4911 1159 4964 2.
1193 4910 1261 4964 Et
1311 4911 1536 4964 misimus
1583 4907 1895 4961 Timotheum

309 5011 524 5077 fratrem
598 5015 861 5070 nostrum,
920 5014 969 5058 et
1017 5005 1303 5056 ministrum
1368 5001 1466 5055 Dei
1518 5001 1572 5054 in
1639 4999 1895 5068 evangelio

307 5100 525 5156 Christi.
557 5098 624 5153 Et
653 5099 753 5153 hoc
784 5097 936 5162 dicit,
967 5112 1072 5151 non
1098 5096 1438 5151 Timotheum
1481 5093 1768 5158 extollens,
1801 5089 1896 5145 sed

309 5195 465 5262 ipsos
486 5189 776 5253 honorans,
809 5198 864 5243 ut
895 5188 983 5258 qui
1015 5185 1312 5256 adjutorem
1327 5195 1380 5240 et
1407 5184 1706 5238 ministrum
1735 5195 1898 5237 evan-

305 5283 439 5354 gelii
471 5282 674 5336 miserit
704 5281 866 5350 ipsis;
910 5280 1058 5349 quasi
1087 5278 1306 5342 diceret,
1341 5276 1592 5331 Avulsum
1625 5274 1692 5329 ab
1721 5271 1895 5344 operi-

306 5379 414 5431 bus
439 5357 684 5429 misimus
708 5373 773 5427 ad
807 5388 901 5427 vos
928 5372 1229 5426 ministrum
1260 5370 1373 5433 Dei,
1400 5377 1455 5423 et
1473 5369 1769 5438 adjutorem
1801 5382 1898 5420 no-

307 5479 486 5520 strnm
536 5465 588 5518 in
641 5463 920 5534 evangelio
968 5461 1186 5517 Chrisu.
1243 5461 1376 5515 Tum
1429 5475 1642 5514 causam
1699 5458 1893 5512 addit:

307 5559 396 5612 Ad
417 5555 798 5625 conﬁrmandos
827 5570 912 5608 vos
931 5563 977 5607 et
1003 5551 1345 5607 exhortandos
1372 5567 1458 5605 vos
1485 5566 1576 5616 pro
1594 5550 1694 5618 ﬁde
1716 5558 1896 5614 vestra,

308 5651 366 5705 '5.
400 5658 452 5701 ut
487 5663 636 5700 nemo
664 5654 919 5699 moveatur
946 5645 995 5696 in
1027 5641 1439 5697 tribulationibus
1465 5641 1594 5694 istis.
1629 5639 1766 5706 Quid
1796 5653 1897 5691 au-

313 5750 423 5799 tem
453 5737 540 5794 hic
565 5737 729 5796 dicit?
754 5734 1013 5803 Quoniam
1035 5734 1407 5806 magistrorum
1429 5731 1746 5789 tcutatioucs
1766 5746 1895 5790 cou-

1117 324 1182 382 ΙΝ
1221 323 1431 383 EPIST.
1476 324 1512 380 l'
1558 326 1649 380 AD
1688 324 2013 382 TllESSAL.
2056 327 2208 384 CAP.
2249 327 2336 383 lll;
2378 329 2602 392 1101111..
2648 331 2738 388 111.

3468 343 3572 405 110

1994 440 2211 496 turbant
2259 442 2581 514 discipulos;
2617 447 2706 502 ille
2731 455 3072 506 autemtunc
3103 452 3160 508 in
3199 458 3398 514 multas
3438 459 3572 515 inei-

1990 532 2142 588 derat
2170 539 2508 602 tentationes,
2545 548 2600 593 ut
2628 549 2687 604 et
2710 541 2822 608 ipse
2847 542 2992 609 dicit,
3019 542 3290 614 Impedivit
3319 566 3409 602 nos
3432 561 3569 605 sata-

1989 641 2115 689 nas;
2144 626 2288 695 ipsos
2318 644 2565 685 recreans
2614 633 2683 685 ita
2715 633 2961 702 loquutus
3003 647 3211 704 est;_ac
3247 641 3518 696 sLdiccret
3554 665 3566 699 :

1991 715 2056 769 Et
2102 719 2265 772 semel
2315 729 2370 774 et
2416 721 2496 775 his
2547 723 2687 777 volui
2733 727 2938 791 venire,
2988 735 3179 782 etnon
3215 731 3570 802 potuizquod

1989 807 2199 876 quidem
2216 826 2419 881 magna:
2435 821 2550 866 erat
2563 815 3156 874 violentize.Verisimile
3173 831 3348 876 autem
3368 832 3450 876 est
3472 823 3574 881 hoc

1988 913 2082 952 eos
2108 902 2477 957 contui-besse.
2509 904 2621 957 Non
2663 914 2768 958 tam
2810 907 2951 960 enim
2996 909 3108 962 suis
3132 908 3377 980 discipuli
3407 927 3565 982 quam

1987 990 2364 1059 magistrorum
2421 996 2824 1051 conturbantur.
2879 1000 3264 1056 tentationibus
3324 1020 3338 1056 :
3396 1019 3569 1074 neque

1985 1079 2127 1133 enim
2182 1082 2336 1136 miles
2391 1083 2525 1139 adeo
2576 1087 2686 1140 suis
2740 1089 3100 1144 conturbatur.
3145 1093 3565 1160 tentationibus.

1986 1180 2044 1226 ut
2091 1175 2303 1240 quando
2352 1176 2544 1232 viderit
2590 1180 2887 1235 sauciatum
2933 1182 3123 1238 ducem
3170 1187 3455 1241 exercitus.
3486 1188 3567 1240 Ad

1985 1265 2360 1333 conﬁrmandos
2408 1284 2529 1332 vos,
2580 1270 2770 1340 inquit.
2803 1271 2946 1342 Ergo
2996 1282 3054 1327 ut
3107 1290 3175 1328 ne
3227 1277 3570 1332 turbarentur

1985 1357 2151 1422 misit,
2180 1373 2285 1413 non
2344 1369 2609 1430 tamquam
2659 1363 2872 1432 quibus.
2905 1364 3028 1421 tidei
3087 1365 3299 1424 deesset
3347 1370 3569 1440 aliquid,

1986 1463 2158 1516 neque
2196 1459 2255 1503 ut
2298 1451 2388 1520 qui
2431 1451 2690 1508 deberent
2737 1455 2935 1523 aliquid
2982 1455 3212 1513 discere.
3259 1457 3332 1513 Et
3383 1461 3570 1514 exhor-

1985 1538 2165 1594 tandos
2192 1555 2277 1593 vos
2308 1557 2399 1610 pro
2436 1542 2540 1611 ﬁde
2586 1554 2784 1613 vestra,
2814 1555 2869 1599 ut
2898 1563 3044 1602 nemo
3079 1560 3338 1604 moveatur
3378 1552 3431 1605 in
3475 1553 3573 1605 tri:

1985 1630 2323 1684 bulatiouibus
2366 1632 2640 1702 istis:ipsi
2664 1635 2796 1688 enim
2821 1636 2959 1691 scitis
3003 1637 3141 1707 quod
3183 1640 3236 1693 in
3285 1640 3379 1695 hoc
3416 1643 3574 1711 positi
3588 1668 3596 1676 -

1984 1736 2177 1775 sumns.
2202 1722 2255 1776 4.
2294 1721 2432 1775 Nam
2457 1733 2505 1777 et
2543 1740 2660 1776 cum
2687 1725 2829 1792 apud
2866 1742 2955 1782 vos
2984 1743 3227 1794 essemus,
3258 1730 3570 1798 prtediceba:

1986 1828 2097 1866 mus
2117 1812 2274 1876 vobis,
2307 1828 2546 1882 passuros
2593 1831 2683 1868 nos
2723 1815 3096 1885 tribulationes,
3122 1819 3250 1872 sicut
3280 1827 3326 1872 et
3379 1821 3569 1891 factum

1984 1911 2074 1964 est,
2109 1912 2156 1956 et
2199 1904 2359 1958 scitis.
2391 1904 2505 1959 Non
2531 1913 2764 1974 oportet,
2798 1907 3005 1976 inquit,
3052 1908 3363 1964 conturbari
3393 1927 3406 1962 :
3434 1910 3567 1965 nihil
3595 1935 3598 1940 ν

1983 1992 2123 2046 enim
2149 2007 2345 2048 novum
2377 2010 2547 2064 neque
2570 2005 2762 2063 prmter
2781 2011 2930 2065 spem
2943 1998 3166 2052 accidit:
3187 1999 3328 2069 quod
3350 1999 3564 2070 quidem

1983 2081 2112 2136 satis
2140 2093 2257 2138 erat
2283 2083 2349 2138 ad
2379 2083 2524 2153 ipsos
2549 2085 2884 2141 excitandos.
2916 2087 3078 2142 Vides
3115 2090 3253 2158 quod
3285 2101 3592 2160 propterea-

1983 2172 2225 2229 Christus
2263 2191 2478 2247 quoque
2509 2177 2836 2245 prredicebat
2880 2178 3199 2248 discipulis?
3247 2181 3371 2237 audi
3421 2183 3600 2242 enim.

1984 2282 2102 2322 cum
2130 2267 2394 2323 dicentem
2429 2286 2442 2321 :
2467 2268 2535 2322 Et
2561 2286 2694 2323 nunc
2723 2269 2832 2324 dixi
2877 2271 3020 2340 prius
3046 2287 3194 2339 quam
3219 2272 3327 2340 ﬁat,
3356 2283 3413 2326 ut
3457 2291 3572 2327 cum
3597 2324 3602 2330 .

1984 2362 2175 2428 factum
2223 2360 2376 2429 fuerit
2421 2361 2641 2414 credatis
2689 2359 2867 2428 (Joun.
2904 2362 2990 2416 14.
3024 2361 3140 2430 29).
3185 2361 3369 2432 Magna
3403 2364 3584 2425 enim.
3639 2411 3642 2415 .

1985 2463 2174 2518 magna
2218 2464 2306 2503 res
2350 2458 2433 2504 est
2471 2449 2536 2503 ad
2585 2450 2810 2504 aliorum
2859 2451 3308 2519 consolationem,
3357 2451 3604 2508 audisse-

1984 2553 2102 2606 quze
2127 2537 2258 2592 liunt
2279 2552 2308 2591 a
2333 2539 2624 2608 magistris.
2658 2539 2806 2594 Sicut
2834 2541 2974 2594 enim
3006 2550 3295 2610 aegrotans,
3320 2544 3366 2595 si
3394 2557 3424 2594 a
3456 2558 3572 2596 me-

1984 2626 2106 2682 dico
2131 2627 2396 2683 audiverit
2423 2629 2564 2699 quod
2599 2629 2700 2683 hoc
2729 2629 2818 2682 ﬁat
2846 2639 2900 2682 et
2931 2629 3059 2684 illud
3084 2670 3099 2693 ,
3129 2645 3236 2683 non
3263 2630 3416 2684 valde
3443 2646 3574 2686 con-

1987 2722 2260 2782 turbatur;
2291 2719 2374 2773 sin
2419 2728 2596 2773 autem
2637 2735 2704 2772 ex
2755 2719 3032 2788 inopinato
3075 2719 3277 2789 aliquid
3306 2723 3567 2784 evenerit,

1985 2825 2106 2865 cum
2132 2820 2187 2866 et
2217 2811 2304 2865 ille
2331 2809 2525 2865 dubius
2552 2812 2622 2865 sit
2647 2827 2712 2866 ac
2735 2813 3043 2881 perplexus,
3076 2819 3130 2866 et
3153 2811 3372 2865 morbus
3398 2822 3591 2866 artem.

1985 2910 2221 2972 superet,
2277 2902 2488 2956 tristitia
2534 2903 2763 2958 allicitur
2803 2911 2858 2958 et
2908 2904 3314 2958 conturbatur:
3371 2903 3440 2956 ita
3486 2903 3585 2958 hic.

1984 3006 2218 3062 quoque.
2245 2992 2372 3057 Qua:
2397 2993 2683 3062 praescieus
2711 2993 2926 3057 Paulus,
2952 2992 3199 3063 praedixit
3231 2993 3308 3048 eis
3337 2991 3568 3047 futurum

1985 3093 2038 3136 ut
2062 3081 2448 3154 afﬂigerentur,
2480 3084 2645 3149 Sicut,
2692 3085 2886 3153 inquit,
2914 3094 2960 3138 et
2989 3089 3178 3154 factum
3209 3093 3304 3152 est,
3335 3093 3380 3137 et
3407 3085 3568 3139 scitis.

1985 3175 2099 3229 Non
2147 3175 2288 3245 quod
2344 3175 2445 3229 hoc
2499 3175 2697 3232 factum
2753 3177 2822 3229 sit
2870 3176 3044 3230 solum
3094 3175 3244 3241 dicit,
3292 3175 3388 3230 sed
3427 3175 3570 3245 quod

1987 3266 2150 3320 multa
2179 3265 2486 3335 praedixerit
2510 3305 2526 3330 ,
2553 3276 2606 3321 et
2635 3267 2932 3320 evenerint.
2957 3265 3020 3319 In
3067 3266 3161 3320 hoc
3200 3267 3350 3336 positi
3373 3283 3566 3320 sumus.

1986 3357 2348 3425 Quamobrem
2397 3371 2502 3410 non
2553 3357 2723 3411 solum
2755 3356 2830 3412 de.
2868 3357 3154 3427 prmteritis
3204 3371 3306 3410 non
3359 3366 3573 3425 oportet

1986 3445 2286 3515 perturbari
2318 3460 2491 3515 neque
2519 3445 2796 3510 confundi,
2830 3444 2922 3499 sed
2971 3461 3144 3515 neque
3173 3445 3240 3500 de
3274 3444 3486 3510 futuris,
3517 3447 3566 3500 si

1987 3539 2092 3593 tale
2119 3537 2243 3608 quid
2269 3538 2572 3607 contigerit.
2605 3536 2669 3592 In
2695 3539 2789 3591 hoc
2815 3539 2948 3592 enim
2976 3538 3124 3606 positi
3143 3553 3334 3590 sumus.

2058 3629 2110 3682 4.
2153 3628 2448 3682 Audiamus
2478 3628 2670 3698 quibus
2697 3637 2822 3683 sunt
2841 3643 3003 3684 aures
3033 3628 3097 3682 ad
3127 3627 3447 3683 audiendum
3473 3645 3487 3681 :
3512 3626 3597 3681 ln.
3667 3638 3672 3643 '

1989 3718 2089 3772 hoc
2110 3719 2317 3789 positus
2341 3729 2423 3772 est
2443 3715 2797 3772 Christianus.
2824 3718 2957 3784 Hoc,
2991 3715 3057 3771 In
3079 3718 3171 3771 hoc
3193 3717 3342 3786 positi
3369 3733 3570 3776 sumus.

1989 3809 2055 3863 de
2081 3809 2330 3864 omnibus
2359 3808 2487 3863 dicit
2509 3808 2774 3864 fidelibus.
2804 3809 2870 3862 In
2896 3811 2990 3862 hoc
3013 3809 3164 3879 positi
3186 3824 3380 3874 sumus,
3403 3817 3458 3862 et
3475 3823 3578 3865 nos

1989 3902 2137 3972 quasi
2168 3902 2222 3956 in
2251 3901 2420 3955 otium
2441 3909 2495 3955 et
2525 3901 2764 3970 requiem
2804 3900 2971 3954 simus
2992 3899 3174 3970 positi,
3203 3899 3380 3952 alieno
3408 3899 3570 3955 modo

1989 3993 2272 4048 allicimur.
2322 3991 2434 4047 lmo
2463 4007 2592 4048 vero
2638 4006 2866 4063 quanam
2893 3989 2961 4045 de
2989 4004 3148 4044 causa
3193 3990 3374 4044 alieno
3411 3991 3574 4044 modo

1989 4085 2292 4140 al'licimur?
2343 4099 2518 4154 neque
2565 4083 2708 4137 enim
2752 4091 2959 4150 tempus
3005 4081 3346 4146 amictionis,
3401 4096 3573 4151 neque

1993 4177 2213 4230 tentatio
2245 4173 2600 4244 apprehendit
2638 4186 2737 4226 nos
2783 4172 2882 4226 nisi
2915 4171 3166 4224 humana.
3199 4170 3571 4238 Opportunum

1992 4277 2077 4322 est
2125 4265 2276 4320 vobis
2323 4278 2535 4334 quoque
2581 4262 2764 4315 dicere
2810 4277 2826 4314 :
2877 4258 3124 4312 Nondum
3163 4257 3231 4310 ad
3277 4259 3576 4326 smiguinem

1992 4372 2146 4426 usque
2168 4355 2417 4408 restitistis
2440 4361 2613 4406 contra
2639 4357 2896 4421 peccatum
2921 4349 3229 4402 decertantes
3257 4347 3276 4418 (
3299 4347 3456 4402 Hebr.
3483 4348 3573 4405 12.

1993 4449 2070 4516 4).
2103 4445 2213 4499 lmo
2241 4459 2308 4500 ne
2333 4453 2693 4513 opportunum
2721 4439 2937 4510 quidem
2961 4449 3044 4493 est
3074 4438 3176 4492 hoc
3197 4437 3571 4505 vobisdicere;

1994 4540 2089 4595 sed
2117 4537 2281 4609 quid?
2311 4535 2546 4592 nondum
2595 4532 2848 4604 pecunias
2896 4530 3244 4597 deepexistis.
3293 4529 3426 4584 Nam
3473 4531 3576 4590 illis

1994 4631 2210 4703 quidem
2239 4631 2329 4701 qui
2360 4644 2454 4684 sua
2475 4628 2654 4683 omnia
2686 4623 3048 4695 perdiderant,
3072 4622 3273 4678 merito.
3293 4621 3409 4677 hasc
3429 4621 3580 4677 dicc-

1995 4726 2226 4788 bantnr;
2261 4723 2325 4776 iis
2346 4730 2522 4776 autem
2553 4718 2638 4788 qui
2668 4731 2763 4771 sua
2794 4713 3014 4780 habent,
3047 4714 3171 4779 hoc,
3200 4713 3424 4768 Cuinam
3453 4724 3580 4768 sunt

1996 4823 2161 4884 raptas
2207 4813 2440 4882 pecunia:
2480 4817 2701 4881 propter
2728 4805 3148 4863 Christum?r-oui
3192 4813 3318 4858 sunt
3363 4805 3579 4874 impacti

1997 4904 2248 4972 Colaphi?
2296 4903 2416 4972 quis
2461 4898 2789 4956 contumelia
2841 4895 3065 4955 allectus
3116 4895 3232 4949 est?
3288 4909 3456 4963 usque
3511 4893 3578 4947 ad

1997 4995 2194 5060 verba,
2252 4995 2490 5063 inquam.
2546 4991 2826 5051 Undenam
2867 4998 2950 5044 est
2992 4987 3280 5058 gloriatio?
3311 4986 3578 5041 undenam

2001 5096 2150 5156 potes
2190 5085 2386 5139 habere
2430 5082 2716 5138 ﬁduciam?
2745 5082 2875 5136 Tam
2899 5081 3063 5135 multa
3093 5094 3281 5150 passus
3306 5087 3387 5132 est
3425 5077 3582 5132 Chri»

2001 5186 2115 5232 stus
2144 5184 2361 5246 pr0pter
2391 5188 2489 5228 nos
2512 5175 2600 5244 qui
2632 5188 2848 5229 eramus
2893 5171 3094 5226 inimici
3128 5189 3142 5225 :
3172 5169 3424 5240 quidnam
3459 5183 3584 5238 pos-

2001 5283 2186 5321 sumus
2223 5264 2505 5322 ostendere
2534 5265 2673 5335 quod
2719 5275 2938 5334 propter
2986 5265 3158 5332 ipsum
3190 5261 3330 5330 passi
3371 5259 3583 5315 simus?

2001 5356 2152 5424 Quod
2174 5357 2308 5426 passi
2334 5354 2548 5425 quidem
2570 5368 2755 5408 sumus
2781 5354 2911 5407 nihil
2941 5363 3021 5408 est
3046 5369 3061 5417 ;
3091 5360 3216 5405 sunt
3240 5360 3418 5404 autem
3440 5350 3580 5406 bona

2003 5444 2406 5502 innumerabilia
2448 5443 2641 5513 quibus
2685 5442 2752 5496 ab
2802 5443 2919 5512 ipso
2971 5441 3255 5496 afﬁcimur.
3304 5439 3579 5496 Undenam

2001 5541 2100 5596 erit
2123 5537 2274 5592 nobis
2298 5537 2386 5591 illo
2410 5537 2498 5591 die
2525 5533 2716 5588 ﬁducia
2736 5534 2759 5587 ?
2783 5533 3010 5588 Nescitis
3027 5532 3166 5603 quod
3183 5531 3341 5587 miles
3368 5531 3582 5600 quando

2004 5633 2148 5688 inille
2191 5630 2372 5702 plagas
2396 5637 2452 5685 et
2493 5627 2722 5682 vulnera
2767 5627 3039 5692 ostendit,
3072 5634 3198 5680 tunc
3242 5625 3436 5695 poterit
3463 5638 3588 5686 esse

2008 5725 2225 5783 illustris
2252 5723 2390 5799 apud
2417 5721 2628 5796 regem?
2647 5721 2729 5780 sin
2754 5731 2930 5778 autem
2955 5719 3085 5776 nihil
3110 5717 3277 5790 possit
3300 5716 3613 5783 ostendero,
