4106 6208
569 286 662 342 ιιι

571 409 714 453 recte
738 407 794 454 et
818 399 1025 453 fortiter
1039 407 1270 468 gestum,
1294 396 1503 451 etiamsi
1524 397 1652 450 nihil
1678 395 1978 459 oﬂ'enderit,
2004 395 2142 448 inter

569 500 837 546 extremos
865 488 1253 544 collocabitur?
1281 490 1346 541 At
1395 503 1501 543 non
1544 497 1644 550 est,
1673 487 1898 557 inquies,
1937 497 2145 554 tempus

573 579 716 633 belli.
761 577 894 633 Nam
945 578 988 632 si
1032 587 1192 643 esset,
1247 577 1352 642 die,
1381 573 1583 646 queso,
1629 577 1749 646 quis
1777 575 2144 630 decertasset?

570 667 693 736 quis
721 667 786 720 ad
815 682 1044 736 pugnam
1075 664 1427 736 prosiliisset?
1469 665 1588 734 quis
1635 665 1949 734 phalangem
1981 663 2146 718 fudis-

571 760 690 814 set?
737 760 986 814 Fortasse
1022 759 1200 812 nullus
1245 777 1257 811 ε
1302 774 1422 811 nam
1469 773 1596 818 cum
1623 757 1777 812 video
1829 766 1880 810 te
1929 765 2145 825 propter

568 851 838 906 tibi-istum
868 850 1120 918 pecunias
1152 865 1256 902 non
1300 850 1576 918 despicere
1596 891 1610 912 ,
1641 847 1908 918 quomodo
1929 847 2140 902 credam

570 943 800 993 futurum
834 949 891 992 ut
933 939 1116 1008 plagas
1163 940 1459 1007 despicias?
1507 939 1598 991 Dic
1641 937 1805 1003 mihi,
1861 938 2143 992 fortiterne

570 1029 722 1082 fertis
754 1042 849 1082 eos
876 1028 965 1096 qui
1004 1029 1201 1097 probro
1237 1037 1291 1082 et
1326 1028 1648 1083 contumelia
1674 1043 1767 1082 vos
1806 1027 2064 1092 afficiunt,
2088 1035 2143 1081 et

567 1121 644 1174 eis
671 1120 1028 1175 benedicitis?
1059 1120 1170 1174 Hoc
1200 1135 1301 1173 non
1332 1119 1462 1173 facis
1484 1162 1497 1184 ,
1532 1129 1581 1173 et
1611 1135 1715 1172 non
1744 1119 1952 1173 obedis.
1985 1118 2140 1186 Quod

567 1211 697 1264 nihil
728 1210 886 1265 habet
911 1209 1126 1280 periculi
1157 1226 1260 1262 non
1309 1210 1459 1275 facis,
1503 1219 1557 1264 et
1583 1212 1786 1279 plagas,
1814 1210 2129 1279 die,qua=.so,

569 1306 730 1370 feres,
758 1305 810 1358 in
845 1304 1040 1372 quibus
1084 1303 1308 1356 multum
1337 1313 1418 1356 est
1447 1302 1674 1356 tristitia:
1699 1312 1752 1356 et
1779 1301 2016 1356 doloris?
2039 1300 2142 1355 Ne-

565 1394 714 1449 scitis
740 1393 880 1462 quod
932 1396 983 1446 in
1017 1407 1144 1461 pace
1182 1408 1241 1446 se
1284 1392 1348 1446 ad
1378 1392 1575 1446 bellum
1607 1401 1818 1460 Oportet
1842 1390 2139 1445 exercere?

568 1499 672 1536 nou
700 1483 891 1536 videtis
915 1483 1012 1545 hos
1042 1483 1258 1547 milites,
1283 1483 1370 1551 qui
1394 1483 1552 1536 etiam
1577 1482 1721 1536 nullo
1742 1490 1960 1550 urgente
1978 1480 2136 1546 bello,

565 1584 619 1628 et
647 1573 730 1626 vel
772 1573 823 1626 in
853 1586 1060 1626 summa
1109 1586 1259 1640 pace,
1291 1572 1547 1626 abstersis
1594 1573 1777 1635 armis,
1810 1586 1931 1624 eum
1968 1570 2136 1639 magi-

565 1664 712 1725 stris.
737 1664 824 1732 qui
849 1672 1056 1717 struere
1085 1663 1252 1717 aciem
1281 1673 1336 1716 et
1360 1662 1575 1717 ordines
1605 1661 1871 1717 collocare
1908 1676 2001 1716 eos
2037 1660 2137 1714 do-

564 1763 706 1818 cent,
730 1755 781 1807 iu
813 1762 1058 1822 patentes
1109 1762 1164 1810 et
1204 1753 1339 1807 latos
1382 1769 1600 1822 campos
1639 1751 1875 1821 quotidie
1907 1751 2016 1806 fere
2041 1766 2138 1804 ex-

565 1852 774 1910 euntes,
803 1859 920 1899 rem
947 1845 1232 1910 militarem
1267 1854 1519 1900 exercent
1547 1843 1987 1900 accuratissime?
2008 1842 2139 1909 Quis

566 1933 666 1988 hoc
696 1934 820 1988 facit
846 1933 1072 1987 militum
1108 1935 1502 2002 spiritualium?
1532 1933 1738 1987 Nullus.
1768 1933 2060 2001 Pmpterca
2085 1932 2134 1986 in

562 2025 720 2079 bellis
765 2023 959 2077 molles
988 2039 1172 2078 sumus
1199 2033 1252 2078 et
1283 2025 1476 2093 ignavi,
1521 2034 1574 2078 et
1615 2025 1682 2078 ab
1709 2023 1957 2078 omnibus
1986 2023 2138 2078 facile

563 2118 807 2188 capimur
827 2128 881 2174 et
899 2133 1284 2188 expuguamur.
1312 2118 1480 2187 Quam
1509 2117 1717 2174 hebetis
1743 2126 1920 2172 autem
1950 2125 2032 2170 est
2058 2116 2136 2169 in-

563 2209 728 2276 genii,
751 2211 1056 2265 existimare
1079 2225 1314 2278 praesens
1339 2220 1546 2280 tempus
1569 2226 1672 2265 non
1703 2225 1822 2265 esse
1847 2208 1994 2274 belli,
2013 2225 2133 2263 eum

565 2299 758 2354 clamet
790 2301 984 2355 Paulus
1013 2318 1027 2354 τ
1060 2300 1244 2356 Omnes
1278 2313 1446 2357 autem
1488 2305 1574 2372 qui
1595 2305 1766 2357 volunt
1806 2305 1885 2371 pie
1908 2303 2064 2356 vivere
2082 2303 2134 2355 in

527 2409 536 2419 ·
563 2390 760 2444 Christo
787 2389 930 2454 Iesu,
955 2393 1380 2460 persequutionem
1408 2395 1652 2462 patientur
1671 2392 1754 2460 (2.
1782 2393 1910 2446 Tim.
1942 2395 1992 2448 5.
2021 2387 2130 2462 12);

562 2489 616 2534 et
635 2482 772 2535 dicat
799 2481 1058 2548 Christus,
1076 2483 1143 2542 In
1165 2484 1357 2539 mundo
1367 2485 1678 2556 afﬂictionem
1696 2485 1934 2538 habebitis
1953 2483 2129 2554 (Joan.

563 2572 651 2625 16.
677 2572 807 2635 55);
838 2581 892 2626 et
930 2588 1115 2628 rursus
1151 2574 1339 2629 beatus
1383 2575 1580 2631 Paulus
1608 2577 1751 2631 clara
1783 2592 1913 2632 voce
1942 2577 2136 2630 clamet

561 2670 609 2715 et
646 2659 808 2725 dicat,
839 2660 960 2715 Non
1002 2673 1076 2716 est
1103 2664 1246 2718 nobis
1289 2666 1424 2718 lucta
1466 2672 1703 2720 adversus
1747 2668 2042 2736 sanguinem
2089 2675 2134 2721 et

560 2765 760 2802 carnem
782 2768 802 2816 ,°
829 2761 884 2806 et
910 2768 1116 2820 rursus,
1148 2754 1301 2809 Stetis
1325 2773 1442 2826 ergo
1469 2758 1709 2810 succincti
1735 2757 1928 2836 lumbos
1948 2769 2134 2812 vestros

559 2840 613 2893 in
640 2841 844 2894 veritate
868 2841 886 2912 (
908 2841 1098 2910 Ephes.
1127 2843 1178 2898 6.
1214 2844 1300 2909 12.
1331 2846 1450 2912 14).
1485 2847 1548 2899 Et
1578 2848 1753 2902 nullus
1782 2846 1872 2900 illo
1895 2856 2134 2917 tempore

561 2929 713 2992 dixit,
735 2931 873 2999 Quid
905 2947 1003 2986 nos
1039 2949 1233 2999 armas,
1262 2935 1579 3004 dic,qua.-so,
1622 2952 1741 2990 cum
1778 2953 1882 2990 non
1927 2939 1994 2990 sit
2022 2938 2135 2991 bel-

562 3021 718 3074 lum?
757 3038 856 3077 cur
885 3023 1039 3079 nobis
1080 3033 1281 3079 temere
1320 3028 1526 3096 negotia
1558 3027 1816 3082 exhibes?
1847 3029 2024 3083 loricis
2050 3030 2136 3082 in-

561 3112 683 3166 duis
705 3114 920 3179 milites,
949 3130 1068 3172 cum
1106 3117 1386 3186 quiescere
1413 3119 1567 3173 liceat
1595 3129 1646 3174 et
1670 3123 1897 3174 recreari
1921 3120 2055 3174 ?sed
2086 3132 2132 3175 sl

562 3202 681 3268 quis
725 3203 837 3257 haec
875 3205 1116 3270 dixisset,
1165 3222 1480 3275 responsum
1525 3209 1602 3264 illi
1642 3210 1828 3264 fuisset
1859 3228 1872 3264 :
1901 3211 2133 3266 Maxime

562 3291 798 3358 quidem,
847 3294 946 3347 etsi
989 3310 1093 3357 non
1133 3306 1274 3354 esset
1303 3298 1523 3365 bellum,
1574 3310 1846 3368 eportcret
1881 3303 1948 3355 de
1993 3301 2132 3362 bello

562 3397 744 3439 Curam
775 3398 962 3453 gerere
984 3395 1039 3440 et
1067 3379 1504 3444 sollicitudinem.
1551 3389 1680 3444 Nam
1709 3392 1796 3462 qui
1825 3392 1875 3445 in
1909 3407 2037 3460 pace
2065 3394 2132 3446 de

565 3473 749 3538 pra-lio
771 3482 852 3528 est
877 3476 1155 3544 sollicitus,
1185 3480 1286 3532 erit
1313 3481 1560 3534 terribilis
1583 3481 1632 3535 in
1654 3493 1892 3550 tempore
1921 3483 2085 3551 przelii
2114 3501 2127 3536 :

561 3565 648 3631 qui
679 3574 855 3620 autem
881 3576 965 3621 est
1004 3568 1078 3623 rei
1118 3569 1321 3624 bellicae
1368 3571 1665 3638 imperitus,
1707 3574 1866 3626 etiam
1909 3574 1960 3628 in
2005 3590 2131 3643 pare

563 3657 730 3726 magis
776 3660 1200 3718 conturbabitur.
1252 3664 1646 3727 Quamobrem?
1679 3666 1939 3732 Quoniam
1984 3667 2132 3723 flebit

563 3762 660 3814 pro
687 3746 750 3800 iis
776 3763 894 3815 qum
932 3749 1111 3815 habet,
1142 3761 1195 3803 ct
1231 3752 1438 3805 tristitia
1483 3754 1742 3809 afficietur
1769 3757 1908 3825 quod
1940 3773 2036 3826 pro
2065 3759 2130 3812 iis

563 3850 671 3892 non
707 3836 876 3901 possit
903 3852 1156 3904 pugnare.
1185 3839 1377 3892 Timidi
1405 3843 1545 3895 enim
1575 3853 1627 3897 et
1669 3844 1901 3912 imperiti
1933 3856 1984 3901 et
2027 3862 2128 3915 pu-

561 3940 678 3990 gna:
704 3924 1026 3990 ignar'rbona
1043 3936 1096 3979 et
1126 3931 1488 3996 possessiones
1510 3943 1633 3994 sunt
1660 3935 1894 3988 omnium
1916 3936 2128 3993 fortium

561 4022 615 4065 et
643 4013 736 4081 qui
755 4013 930 4068 sciunt
959 4016 1175 4072 bellare.
1203 4018 1558 4083 Quamobrem
1585 4032 1861 4092 propterea
1897 4028 2126 4095 primum

561 4117 655 4155 vos
678 4117 847 4156 armo.
871 4104 1070 4159 Deinde
1095 4122 1220 4162 vero
1242 4108 1361 4167 belli
1390 4126 1597 4180 quoque
1623 4122 1826 4184 tempus
1847 4128 1930 4172 est
1961 4129 2127 4175 totum

560 4203 772 4262 tempus
813 4195 933 4250 vitae
964 4208 1181 4252 nostra}.
1211 4199 1489 4266 Quomodo
1515 4212 1569 4264 et
1607 4221 1832 4273 quanam
1877 4211 2080 4266 ratione
2106 4214 2131 4266 ’ἑ

556 4281 802 4339 imminet
824 4290 1302 4357 semperdiabolus.
1325 4294 1459 4347 Audi
1492 4296 1615 4364 quid
1634 4297 1802 4353 deillo
1818 4300 1958 4355 dicat
1979 4320 1991 4355 :
2010 4303 2128 4358 Cir-

557 4376 664 4436 cuit
679 4378 889 4445 rugiens
905 4388 961 4432 ut
981 4379 1063 4437 leo
1082 4381 1156 4452 (l.
1180 4381 1316 4439 Petr.
1336 4385 1389 4439 5.
1403 4384 1481 4453 8),
1497 4387 1680 4442 volens
1701 4391 1952 4458 arripere.
1969 4393 2126 4449 lnuu-.

557 4466 844 4529 merabiles
886 4473 1128 4540 corporis
1165 4471 1475 4529 affectiones
1527 4492 1626 4530 nos
1676 4478 1950 4547 invadunt,
1996 4499 2128 4552 quas

557 4557 770 4625 quidem
800 4574 1018 4614 necesse
1035 4573 1116 4615 est
1139 4579 1436 4628 recensere,
1458 4582 1524 4620 ne
1547 4583 1644 4622 nos
1679 4579 1880 4626 temere
1896 4573 2127 4643 decipia-

557 4646 833 4713 mus.Quid
845 4648 1444 4723 enim,dic,qu:eso,uou
1463 4658 1735 4713 nobiscum
1754 4661 1946 4715 bellum
1965 4666 2127 4733 gerit?

556 4735 775 4801 divitiae,
811 4741 1164 4808 pulchritudo,
1199 4745 1428 4813 delicitr,
1475 4759 1730 4818 potestas,
1763 4752 1975 4818 invidia,
2006 4757 2124 4826 glo-

555 4825 655 4887 ria,
685 4831 1007 4898 arrogantia.
1038 4833 1151 4887 Non
1184 4837 1356 4892 solum
1380 4839 1523 4892 enim
1563 4851 1741 4896 nostra
1769 4843 1965 4899 bellum
1988 4849 2123 4916 gerit

552 4916 743 4985 gloria,
776 4921 1066 4989 prohibens
1089 4939 1154 4979 ne
1177 4942 1274 4980 nos
1301 4928 1638 4987 demittamus
1663 4933 1727 4987 ad
1748 4935 2119 5006 humilitatem,

551 5007 646 5060 sed
675 5008 902 5073 aliorum
921 5027 1132 5082 quoque
1169 5018 1336 5086 gloria
1366 5020 1598 5076 educens
1625 5039 1722 5078 nos
1750 5025 1813 5079 ad
1849 5027 2118 5084 invidiam.

550 5097 654 5154 Sed
687 5100 816 5168 quid
857 5104 1120 5158 contraria
1146 5148 1160 5170 ,
1193 5120 1494 5178 paupertas,
1541 5113 1852 5182 ignominia.
1895 5119 2115 5188 deSpici,

546 5187 730 5256 abjici,
778 5192 947 5254 nullas
989 5193 1185 5251 habere
1218 5198 1395 5252 vires?
1426 5200 1548 5255 llaec
1583 5204 1798 5271 quidem
1833 5207 1883 5261 in
1919 5209 2070 5265 nobis
2102 5228 2116 5264 :

547 5293 665 5343 qua:
693 5289 871 5335 autem
897 5292 1021 5338 sunt
1045 5286 1111 5338 ab
1143 5285 1474 5356 hominibus,
1504 5295 1790 5359 pravitates
1814 5337 1828 5357 ,
1870 5299 2074 5354 insidia:
2100 5341 2117 5367 ,

546 5367 676 5433 doli,
700 5371 1001 5438 calumnia,
1031 5377 1174 5430 mille
1199 5378 1698 5436 circumventiones.
1722 5384 1982 5443 Similiter
1999 5406 2115 5459 qua:

543 5468 669 5517 sunt
717 5475 748 5514 a
788 5461 1136 5531 daemonibus,
1172 5469 1518 5540 principatus,
1568 5483 1888 5544 potestates,
1933 5481 2113 5534 mundi

544 5562 785 5610 rectores
811 5558 1146 5613 tenebrarum
1175 5560 1333 5630 hujus
1355 5565 1566 5632 saeculi,
1600 5569 1896 5636 spiritualia
1924 5572 2115 5640 nequi-

545 5643 650 5703 tiae.
688 5645 790 5709 Alii
816 5660 998 5712 sumus
1030 5649 1289 5723 lmtautes,
1308 5656 1396 5712 alii
1418 5656 1664 5715 'dolcntcs
1692 5678 1704 5716 :
1738 5672 1960 5738 utraque
1987 5673 2109 5721 sunt

1270 283 1327 337 S.
1365 281 1636 339 JOANNiS
1671 281 2146 338 CIIRYSOSTOMI
2185 281 2497 338 ARCIIIEP.
2537 284 3066 344 CONSTANTINOP.

3728 303 3827 358 JH

2257 395 2563 453 declinatio.
2593 397 2696 453 Sed
2727 402 2947 468 sanitas,
2977 401 3070 456 sed
3100 403 3401 462 infirmitas.
3420 406 3698 466 Undenam
3724 431 3827 478 non

2255 489 2493 556 peccabit
2522 491 2829 560 quispiam?
2854 493 3024 548 Vultis
3053 485 3108 548 ut
3135 505 3190 550 et
3214 497 3280 552 ab
3311 499 3427 566 ipso
3455 501 3662 556 Adamo
3694 507 3826 561 inci-

2254 578 2424 646 piens,
2476 579 2648 634 dicam
2686 585 2863 635 statim
2908 583 2975 638 ab
3027 585 3218 645 initio?
3264 590 3390 658 quid
3440 596 3826 662 protoplastutn

2251 670 2393 736 cepit
2421 680 2475 724 et
2501 676 2866 742 expugnavit?
2893 675 3152 746 Voluptas
3197 689 3250 734 et
3283 682 3387 738 cibi
3431 695 3486 739 et
3535 687 3826 754 imperandi

2249 757 2598 817 desiderium.
2632 765 2766 830 Quid
2796 765 2937 820 illius
2968 767 3132 822 lilium
3151 773 3239 840 qui
3268 787 3390 828 eum
3417 787 3498 828 est
3525 783 3830 847 sequutus?

2253 847 2448 904 Invidia
2474 861 2528 905 et
2556 853 2712 908 livor.
2755 855 2890 921 Quid
2919 872 3012 911 eos
3039 860 3128 928 qui
3160 861 3376 917 fuerunt
3405 877 3645 936 tempore
3673 871 3828 927 Noe?

2247 938 2541 1008 Corporum
2572 945 2893 1013 voluptates,
2925 958 2980 1002 et
3015 965 3216 1019 quaaex
3238 955 3317 1006 eis
3343 968 3637 1014 nascuntur
3661 964 3824 1017 mala.

2249 1029 2384 1095 Quid
2413 1031 2529 1101 ejus
2573 1034 2775 1091 litium?
2818 1038 3118 1095 Petulantia
3146 1051 3202 1097 et
3232 1045 3394 1099 nimia
3429 1047 3659 1104 licentia.
3688 1054 3830 1116 Quid

2248 1119 2593 1175 Sodomitas?
2619 1123 2809 1180 Libido
2854 1137 2909 1182 et
2957 1130 3208 1186 salacitas
3252 1143 3306 1188 et
3334 1151 3526 1203 panum
3552 1142 3822 1197 saturitas.

2246 1208 2396 1279 Saepe
2421 1221 2595 1267 autem
2627 1214 2728 1270 hoc
2773 1233 2983 1288 quoque
3031 1221 3158 1276 facit
3196 1237 3479 1293 paupertas
3501 1245 3519 1281 :
3545 1242 3823 1300 propterea

2246 1297 2454 1355 dicebat
2498 1305 2710 1372 quidam
2756 1309 2968 1376 sapiens
2999 1329 3012 1365 :
3039 1311 3256 1369 Divitias
3297 1327 3345 1370 et
3387 1297 3733 1387 paupertatem
3765 1345 3826 1381 ne

2245 1389 2441 1444 dederis
2467 1395 2592 1447 mihi
2617 1395 2807 1465 (Prov.
2838 1400 2925 1455 30.
2951 1401 3047 1472 8).
3075 1403 3186 1458 imo
3220 1421 3346 1461 vero
3376 1424 3473 1464 nec
3500 1410 3694 1467 divitia:
3721 1432 3826 1474 nec

2245 1490 2548 1547 paupertas,
2597 1486 2689 1539 sed
2716 1488 2854 1555 quod
2883 1489 2963 1544 his
3005 1493 3241 1562 utrisque
3267 1497 3341 1549 uti
3373 1513 3475 1556 non
3498 1504 3663 1569 possit
3689 1505 3823 1559 libe-

2245 1582 2359 1621 rum
2387 1571 2684 1629 arbitrium.
2718 1578 2959 1648 Agnosce,
2990 1582 3179 1654 inquit,
3208 1588 3343 1656 quod
3368 1594 3556 1648 transis
3583 1595 3632 1648 in
3654 1599 3828 1653 medio

2243 1657 2531 1727 laqueorum
2564 1664 2749 1732 (Eccli.
2782 1669 2835 1723 9.
2872 1670 2979 1741 18).

2312 1750 2365 1804 5.
2399 1754 2790 1813 Admirabiliter
2819 1761 2951 1815 dixit
2982 1763 3166 1819 beatus
3193 1767 3385 1824 Paulus
3411 1789 3424 1824 :
3449 1771 3514 1825 In
3536 1774 3629 1827 hoc
3661 1779 3820 1843 positi

2241 1854 2432 1894 sumus.
2465 1843 2578 1899 Non
2599 1847 2730 1902 dixit
2756 1851 2949 1917 solum,
2982 1854 3288 1924 Tentamur,
3315 1861 3429 1926 sed,
3458 1862 3524 1916 In
3548 1865 3642 1918 hoc
3666 1870 3822 1935 positi

2239 1943 2450 1994 smmis;
2478 1948 2540 1988 ac
2563 1935 2611 1996 si.
2633 1938 2854 2003 diceret,
2887 1943 2940 1996 lu
2970 1943 3070 2007 hoc
3095 1949 3201 2001 nati
3234 1964 3434 2005 sumus.
3468 1953 3579 2008 lloc
3606 1965 3689 2010 est
3716 1975 3812 2012 no-

2240 2029 2409 2073 strum
2447 2038 2639 2080 munus
2666 2038 2719 2082 et
2744 2031 2997 2100 officium,
3031 2035 3144 2090 haec
3183 2049 3264 2093 est
3291 2042 3394 2094 vita
3439 2054 3643 2112 nostra,
3675 2059 3726 2101 ct
3763 2058 3822 2103 tu

2239 2109 2433 2174 quaeris
2471 2113 2739 2181 quietem?
2764 2119 2880 2174 Non
2913 2123 3073 2178 instat
3105 2125 3262 2182 lictor
3297 2129 3432 2186 latus
3473 2133 3731 2202 lacerans,
3764 2149 3820 2196 et

2239 2211 2433 2266 cogens
2457 2205 2785 2272 sacriﬁcare;
2816 2212 2911 2267 sed
2943 2214 3104 2270 instat
3132 2219 3420 2277 vehemens
3453 2227 3690 2294 pecunia:
3715 2244 3816 2283 cu-

2241 2286 2430 2353 piditas
2454 2300 2507 2345 et
2533 2297 2774 2366 avaritia,
2803 2303 2958 2357 nobis
2984 2306 3242 2363 eifodieus
3268 2313 3471 2376 oculos.
3499 2314 3687 2384 Nullus
3710 2322 3818 2377 mi-

2239 2375 2318 2432 les
2340 2381 2490 2436 nobis
2517 2391 2756 2444 accendit
2779 2407 2986 2462 rogum,
3011 2413 3113 2453 nee
3135 2415 3231 2455 nos
3261 2403 3483 2473 imponit
3507 2412 3818 2480 craticula;

2237 2468 2330 2522 sed
2373 2486 2653 2542 corporum
2695 2481 3040 2540 inflammatio
3068 2493 3236 2559 magis
3265 2510 3422 2563 quam
3454 2498 3539 2553 illa
3569 2504 3818 2559 accendit

2238 2562 2488 2618 animam.
2521 2567 2635 2624 Non
2662 2572 2811 2628 adest
2831 2592 2920 2632 rex
2952 2579 3088 2633 bona
3114 2585 3428 2650 promittens
3454 2589 3821 2649 innumerabi-

2239 2652 2327 2718 lia,
2359 2665 2412 2708 et
2442 2660 2640 2725 pudore
2668 2663 2940 2732 afficiens;
2971 2672 3063 2724 sed
3095 2675 3246 2728 adest
3275 2677 3488 2733 insanus
3515 2697 3667 2736 amor
3696 2686 3819 2754 glo-

2239 2747 2331 2809 ria:
2357 2764 2472 2816 qua:
2498 2753 2614 2819 plus
2643 2771 2798 2825 quam
2836 2759 2925 2814 ille
2957 2762 3131 2818 titillat
3158 2776 3211 2819 et
3235 2768 3417 2823 allicit.
3445 2747 3817 2842 Magnum'req

2237 2851 2361 2890 vera
2395 2839 2610 2907 bellum,
2634 2855 2688 2898 et
2709 2847 2862 2902 valde
2888 2866 3133 2920 maguum
3175 2856 3219 2912 si
3259 2839 3604 2927 sapiamusvet
3634 2863 3819 2922 simus

2237 2928 2399 2982 sobrii
2430 2947 2443 2980 :
2474 2930 2627 2986 habet
2654 2950 2879 2990 coronas
2908 2954 3143 3008 prtesens
3168 2960 3378 3016 quoque
3407 2961 3612 3019 tempus
3641 2969 3655 3008 :
3687 2956 3816 3013 audi

2237 3019 2456 3076 Paulum
2481 3024 2742 3082 dicentem
2776 3047 2788 3081 :
2823 3029 2899 3084 De
2923 3043 3099 3088 σωτενο
3126 3041 3343 3106 reposita
3368 3052 3442 3095 est
3471 3045 3594 3098 mihi
3623 3023 3817 3104 corona

2226 3111 2463 3179 justititv,
2489 3133 2637 3186 quam
2658 3121 2829 3174 reddet
2852 3125 3156 3195 miltijusttts
3175 3129 3381 3198 Judex;
3413 3151 3511 3188 non
3535 3140 3696 3192 solum
3717 3158 3819 3193 au-

2236 3211 2334 3254 tent
2365 3205 2506 3271 tui/ti,
2533 3207 2622 3261 sed
2651 3220 2695 3262 et
2722 3213 2951 3268 omnibus
2979 3219 3063 3286 qui
3093 3219 3376 3276 dilexerunt
3405 3227 3670 3282 adventum
3698 3232 3818 3299 ejus

2236 3293 2329 3364 (2.
2359 3294 2491 3350 Tim.
2521 3299 2574 3352 4.
2607 3300 2702 3369 8).
2751 3303 2976 3371 Quando.
3011 3311 3255 3366 amiseris
3293 3313 3546 3372 dilectum
3596 3293 3820 3380 unicum

2236 3387 2416 3450 lilium,
2450 3389 2500 3440 iu
2527 3392 2731 3460 mag-nis
2756 3398 3011 3453 nutritum
3036 3402 3312 3470 Opibus,et
3336 3408 3424 3474 qui
3447 3407 3638 3463 bonam
3660 3411 3728 3466 de
3752 3429 3820 3468 se

2235 3491 2382 3547 spem
2411 3483 2731 3550 concitabat,
2761 3497 2813 3554 et
2843 3490 2936 3542 tibi
2965 3491 3108 3544 solus
3134 3497 3338 3550 futurus
3363 3507 3479 3551 erat
3506 3501 3680 3568 heres,
3705 3520 3820 3570 non

2236 3567 2376 3638 lnge,
2415 3573 2507 3628 sed
2543 3575 2649 3628 Deo
2678 3592 2775 3647 age
2800 3581 3085 3646 gratias,et
3119 3584 3350 3652 glorifica
3382 3603 3503 3642 eum
3531 3593 3622 3659 qui
3654 3567 3816 3649 accc?

2237 3660 2344 3727 pit;
2376 3671 2429 3719 et
2450 3663 2499 3716 in
2529 3663 2629 3720 hoc
2658 3669 2960 3722 Abrahamo
2982 3673 3148 3728 nihilo
3168 3677 3274 3729 eris
3304 3678 3543 3736 inferior.
3574 3681 3640 3738 Ut
3665 3687 3816 3743 enim

2236 3750 2322 3806 ille
2350 3753 2456 3808 Deo
2486 3755 2631 3820 dedit
2657 3761 2744 3828 qui
2769 3760 3020 3830 jusserat,
3051 3764 3118 3817 ita
3159 3776 3210 3819 tu
3233 3809 3249 3834 ,
3278 3784 3396 3822 cum
3431 3772 3542 3840 ipse
3565 3776 3811 3845 accepis-

2234 3850 2333 3904 set,
2365 3859 2468 3897 non
2497 3849 2764 3914 gemuisti.
3467 3844 3470 3848 ’

2306 3933 2680 3991 l-ncantationes
2715 3949 2759 3992 et
2797 3941 3039 4010 ligamina
3065 3961 3156 4012 pro
3184 3948 3367 4002 morbis
3396 3952 3633 4005 curandis
3662 3953 3816 4008 adhi-

2233 4023 2354 4076 bita.
2385 4025 2721 4084 Dirinntores.
2746 4061 2814 4070 ——
2845 4031 2902 4086 In
2944 4035 3186 4092 morbum
3215 4054 3429 4108 gravem
3463 4041 3720 4105 incidisti;
3754 4056 3815 4102 et

2234 4117 2386 4170 inulti
2412 4119 2606 4174 adsunt
2623 4123 2709 4192 qui
2734 4135 2951 4194 cogunt,
2975 4128 3062 4181 alii
3091 4130 3303 4198 quidem
3336 4134 3812 4209 incantationibus,

2233 4205 2321 4258 alii
2347 4223 2472 4262 vero
2501 4210 2854 4281 ligaminibus,
2880 4218 2970 4270 alii
2988 4234 3116 4274 vero
3139 4223 3453 4290 quibusdam
3476 4227 3593 4280 aliis
3617 4228 3818 4286 sedare

2233 4297 2472 4352 malum?
2511 4311 2562 4354 tu
2597 4318 2722 4358 vero
2757 4318 2972 4376 propter
2999 4309 3090 4364 Dei
3121 4322 3318 4369 metum
3360 4315 3479 4369 forti
3519 4326 3574 4370 et
3615 4335 3812 4388 magno

2237 4388 2396 4442 tulisti
2437 4406 2499 4444 ac
2540 4393 2794 4449 immobili
2839 4399 3038 4463 animo,
3075 4410 3129 4455 et
3169 4403 3399 4464 maluisti
3444 4407 3652 4475 quidvis
3696 4412 3814 4477 pati

2233 4496 2388 4549 quam
2419 4486 2681 4542 sustinere
2704 4498 2760 4542 ut
2788 4491 2983 4562 aliquid
3006 4509 3192 4562 ageres
3213 4512 3276 4550 ex
3306 4499 3368 4551 iis
3394 4515 3511 4569 qua:
3540 4503 3814 4571 pertinent

2232 4576 2298 4628 ad
2326 4577 2522 4631 cultum
2550 4579 2990 4640 idolorum?‘hoc
3023 4587 3113 4640 tibi
3143 4587 3295 4644 εὕει-ι
3322 4605 3575 4646 coronam
3605 4604 3811 4664 marty-

2231 4665 2325 4727 rii;
2369 4682 2467 4721 nec
2490 4667 2688 4722 dubita.
2718 4673 2995 4739 Quomodo
3024 4685 3114 4730 aut
3142 4694 3369 4747 quanam
3409 4683 3654 4738 ratione?
3693 4685 3810 4754 Ego

2230 4755 2351 4810 dico
2375 4775 2386 4808 :
2412 4759 2531 4827 quia
2559 4761 2693 4814 sicut
2714 4761 2800 4818 ille
2822 4779 3011 4832 magno
3035 4776 3088 4820 et
3116 4767 3236 4822 forti
3260 4771 3438 4824 animo
3459 4771 3560 4827 fert
3587 4773 3812 4830 dolores

2233 4854 2634 4914 tormentorum,
2670 4861 2724 4905 ut
2749 4869 2852 4906 non
2879 4855 3061 4911 adoret
3087 4857 3463 4926 simulacrum;
3493 4865 3563 4917 ita
3595 4875 3647 4918 tu
3669 4882 3813 4934 quo-

2230 4952 2332 5005 que
2361 4937 2469 4992 fers
2496 4940 2706 4995 do'ores
2739 4945 2930 5010 morbi,
2963 4956 3015 4999 ut
3043 4949 3185 5002 nullo
3215 4967 3349 5020 opus
3384 4953 3578 5009 habeas
3608 4970 3810 5011 eorum

2229 5045 2344 5099 qua:
2368 5030 2455 5083 ille
2484 5033 2702 5100 pra-bet,
2731 5051 2900 5105 neque
2938 5039 3096 5093 facias
3121 5057 3240 5110 qua!
3263 5045 3433 5112 jubet.
3463 5050 3530 5100 At
3557 5058 3681 5102 sunt
3704 5050 3811 5106 do-

2230 5120 2370 5176 lores
2409 5123 2482 5177 illi
2511 5125 2991 5211 vehcmtmtiores?‘
3014 5132 3118 5186 Sed
3152 5134 3236 5189 isti
3269 5137 3536 5207 longiores
3566 5159 3580 5194 :
3608 5157 3808 5211 quam-

2227 5211 2409 5265 obrem
2438 5229 2529 5280 par
2553 5225 2631 5268 est
2656 5231 2838 5272 eorum
2872 5202 3064 5279 exitiis.
3099 5223 3251 5293 S;epe
3277 5239 3454 5282 autem
3486 5240 3608 5284 sunt
3637 5233 3806 5287 etiam

2225 5301 2672 5360 vehementiores.
2719 5308 2854 5373 Quid
2899 5312 3061 5378 enim,
3103 5315 3419 5384 die,qu:eso,
3454 5337 3575 5376 cum
3602 5326 3808 5378 ardens

2226 5392 2388 5446 febris
2417 5404 2464 5447 te
2493 5395 2632 5449 intus
2659 5410 2814 5453 vexat
2843 5411 2896 5456 et
2925 5403 3061 5472 urit,
3103 5417 3154 5461 et
3193 5409 3418 5465 aliorum
3460 5415 3804 5472 suadentium

2225 5486 2428 5537 excutis
2468 5487 2902 5558 incantatimicm,
2949 5511 3124 5551 annon
3174 5515 3231 5554 es
3274 5504 3551 5560 redimitus
3596 5521 3806 5561 corona

2225 5579 2503 5647 martyrii?
2546 5580 2746 5636 liursus
2783 5586 2961 5642 amisit
3000 5591 3258 5660 quisiiiam
3300 5596 3611 5663 pecuniam?
3642 5599 3806 5654 multi

2225 5677 2346 5724 sunt
2378 5670 2465 5740 qui
2495 5671 2718 5728 suadent
2757 5685 2812 5738 ut
2851 5687 2938 5733 eat
2975 5679 3038 5734 ad
3081 5683 3402 5741 divinatores
3435 5702 3446 5738 :
3479 5688 3709 5743 maluisti
3742 5699 3808 5747 tu
