4080 6222
291 237 394 295 6H

291 360 408 420 τοῖς
438 353 496 408 δέ
513 350 583 407 τὰ
603 349 783 408 αὐτῶν
813 348 1016 420 ἔχουσι,
1038 348 1224 403 τοῦτο⁸
1244 351 1341 413 Τίς
1359 351 1585 422 ἡρπάγη
1612 351 1871 422 χρήματα

293 443 388 500 δια
416 439 687 513 Χριστόνς
714 437 798 501 τίς
816 436 1158 509 ἐρραπίσθης
1185 436 1268 500 τίς
1288 436 1554 507 ὑϐρίσθης
1587 439 1747 508 μέχρι
1780 438 1876 506 ρη-

297 529 507 601 μάτων,
563 525 727 595 λέγω.
781 524 954 577 Πόθεν
1006 524 1039 593 ἡ
1107 523 1413 594 καύχησις;
1464 523 1629 578 πόθεν
1650 522 1875 577 δύνασαι

297 614 615 688 παρρησίαν
642 612 789 682 ἐχειν
814 627 831 676 ;
862 610 1113 664 Τοσαῦτα
1143 609 1315 664 ἔπαθε
1358 611 1427 663 δι’
1456 612 1621 682 ἡμεῖς
1649 610 1877 681 ἐχθροὺς

294 704 457 763 ὄντας
475 704 505 755 6
534 698 770 771 Χριστός
791 713 806 729 ·
832 697 886 751 τί
913 697 1187 768 δυνάμεθα
1214 697 1478 764 ἐπιδεῖξαι
1513 700 1674 769 ἡμεῖς
1709 693 1784 752 ὧν
1805 698 1874 751 δι’

296 788 463 843 αὑτὸν
520 784 903 855 πεπόνθαμενς
942 776 1043 835 Ὧν
1100 783 1201 853 μὲν
1259 784 1635 856 πεπόνθαμεν,
1677 783 1833 841 οὐδέν
1856 799 1871 816 ⁸

295 869 375 931 ὧν
423 874 482 928 δέ
529 872 816 942 πάσχομεν
853 872 988 941 παρ’
1029 870 1198 923 αὐτοῦ
1238 870 1443 935 καλῶν,
1479 872 1669 942 μυρία.
1705 871 1876 926 Πόθεν

296 963 434 1032 ἡμῖν
474 962 509 1032 ἡ
555 957 842 1032 παρρησία
879 957 1034 1011 ἔσται
1081 958 1204 1011 κατ’
1238 957 1461 1028 ἐκείνην
1482 959 1584 1030 τὴν
1615 959 1829 1030 ἡμέραν
1858 975 1875 1025 ;

298 1048 418 1102 υύκ
460 1048 599 1112 ῖστε,
639 1046 723 1099 ὅτι
765 1044 861 1098 καὶ
885 1045 914 1097 6
950 1041 1311 1114 στρατιώτης,
1343 1045 1473 1097 ὅταν
1502 1044 1673 1116 μυρία
1703 1044 1875 1116 τραύ-

303 1151 452 1206 ματα
514 1133 611 1188 καὶ⁸
657 1131 888 1194 ὠτειλάς
945 1130 1372 1202 ἐπιδεικνύηται,
1412 1132 1534 1185 τότε
1587 1132 1876 1203 δυνήσεται

299 1219 552 1293 λαμπρὸς
592 1214 733 1273 εἶναι
789 1218 943 1291 παρὰ
971 1217 1050 1289 τῷ
1085 1216 1323 1289 βασιλεῖς
1360 1217 1426 1272 ἂν
1469 1219 1525 1271 δὲ
1569 1219 1735 1289 μηδὲν
1776 1218 1875 1290 ἔχη

296 1308 471 1374 δεῖξαι
513 1304 867 1376 κατόρθωμα,
914 1304 1019 1358 κᾶν
1050 1303 1215 1375 μηδὲν
1304 1303 1783 1374 προσκεκρουκὼς,
1817 1307 1875 1359 ἐν

300 1397 415 1459 τοῖς
465 1394 717 1465 ἐσχάτοις
769 1391 1085 1457 τετάξεται;
1151 1390 1293 1444 Ἀλλ’
1336 1390 1438 1443 οὑκ
1491 1390 1608 1444 ἐστι
1634 1390 1875 1461 πολέμου

301 1482 515 1551 καιρὸς,
560 1481 747 1552 φησὶν.
806 1481 872 1534 El
922 1479 1033 1550 γάρ
1052 1474 1142 1550 ἦν,
1172 1478 1295 1533 είπέ
1326 1494 1441 1549 μοι,
1469 1478 1553 1541 τίς
1576 1478 1643 1532 ἂν
1673 1480 1877 1549 ἠγωνί-

305 1585 469 1634 σατο;
502 1568 588 1634 τίς
621 1567 690 1624 ἂν
730 1569 1082 1639 ἐπεπήδησε;
1129 1566 1215 1631 τίς
1251 1566 1320 1621 ἂν
1353 1567 1454 1637 τὴν
1509 1567 1765 1635 φάλαγγα
1793 1567 1877 1620 δι-

303 1658 477 1723 έξωσε
505 1671 531 1701 ι
556 1658 744 1729 ςΤάχα
786 1656 961 1720 οὐδείς
987 1671 1001 1685 ·
1051 1656 1182 1710 ὅταν
1209 1654 1319 1726 γάρ
1340 1653 1435 1708 ῖδω
1460 1655 1544 1708 ὅτι
1579 1654 1875 1725 χρημάτων

300 1747 366 1803 οὐ
398 1746 758 1816 καταφρονεῖς
774 1744 960 1797 ἐνεκεν
981 1740 1076 1796 τοῦ
1102 1740 1361 1813 Χριστοῦ,
1379 1740 1497 1804 πῶς
1526 1758 1609 1795 σοι
1645 1739 1876 1795 πιστεύ-

305 1845 387 1882 σω
435 1828 517 1882 ὅτι
551 1826 779 1899 πληγῶν
814 1828 1250 1897 καταφρονήσεις
1277 1842 1292 1891 ;
1324 1824 1483 1889 Είπέ,
1531 1824 1724 1896 φέρετε
1750 1825 1877 1888 τούς

306 1912 630 1987 ὑϐρίζοντας
671 1911 962 1982 γενναίως,
1013 1912 1109 1966 καὶ
1148 1912 1420 1981 εὐλογεῖτε
1448 1912 1679 1978 αὑτούςς
1707 1912 1881 1965 Τοῦτο

303 2002 369 2055 οὐ
396 2002 588 2065 ποιεῖς,
626 1997 795 2072 [μθ]
821 1998 960 2053 ἀλλὰ
994 1998 1352 2070 παρακούεις.
1402 2000 1469 2052 Ὅ
1505 1997 1746 2053 κίνδυνον
1777 1999 1879 2053 οὐκ

304 2086 443 2158 εχει,
489 2087 550 2140 οὑ
598 2088 794 2150 ποιεῖς,
840 2085 941 2140 καὶ
983 2084 1198 2156 πληγάς
1220 2086 1411 2150 οίσεις,
1443 2084 1567 2139 είπὲ
1602 2102 1715 2156 μοι,
1748 2084 1879 2139 ἔνθα

306 2174 445 2229 πολὺ
492 2174 553 2228 τὸ
598 2174 699 2244 τῆς
758 2173 954 2241 ὀδύνης
994 2173 1211 2242 καὶτῆς
1248 2170 1582 2242 άλγηδόνος;
1616 2174 1730 2225 Οὐκ
1762 2173 1877 2225 ῖστε

305 2261 388 2313 ὅτι
419 2260 479 2313 ἐν
508 2260 699 2333 εἰρήνῃ
727 2261 795 2314 τά
815 2260 909 2314 τοῦ
936 2258 1174 2329 πολέμου
1201 2258 1580 2329 γυμνάζεσθαι
1602 2259 1744 2330 χρή;
1778 2261 1878 2328 οὐχ

305 2347 471 2416 δρᾶτε
501 2348 630 2409 τοὺς
650 2344 990 2417 στρατιώτας
1026 2345 1269 2410 τούτους,
1299 2344 1370 2409 οι,
1400 2344 1496 2398 καὶ
1526 2344 1753 2415 μηδενὸς
1767 2346 1881 2398 ἐνο-

306 2432 558 2503 χλοῦντος
574 2431 831 2503 πολέμου,
849 2430 965 2485 ἀλλ’
984 2431 1205 2502 είρηνης
1218 2429 1385 2501 οὑσης
1403 2429 1643 2501 βαθείας,
1657 2430 1724 2484 τά
1740 2431 1881 2485 ὅπλα

305 2521 785 2590 άποσμηξάμενοι,
836 2518 930 2572 καὶ
969 2518 1110 2589 μετά
1152 2516 1262 2571 τῶν
1304 2516 1638 2571 διδασκάλων
1675 2516 1787 2571 τῶν
1812 2516 1883 2571 τὰ

304 2607 544 2662 τακτικά
578 2607 940 2662 διδασκόντων
994 2604 1218 2670 αὐτοὺς,
1280 2607 1360 2668 είς
1403 2604 1573 2658 ὑπτια
1600 2604 1761 2658 πεδία
1784 2605 1882 2659 καὶ

307 2695 599 2767 εὐρύχωρα
626 2695 746 2751 καθ’
770 2695 1025 2765 ἑκάστην,
1052 2693 1129 2759 ὡς
1150 2695 1349 2759 εἰπεῖν,
1381 2692 1594 2765 ἡμέραν
1620 2692 1878 2759 ἐξιόντες,

306 2781 381 2835 τά
406 2782 503 2836 τοῦ
533 2783 769 2854 πολέμου
797 2780 1168 2853 γυμνάζονται
1192 2781 1332 2852 μετὰ
1354 2779 1554 2849 πολλῆς
1581 2779 1682 2849 τῆς
1725 2781 1883 2850 ἀκρι-

307 2868 498 2936 ϐείαςς
526 2870 623 2934 Τίς
650 2868 809 2923 τοῦτο
840 2869 1134 2940 εἰργάσατο
1165 2868 1273 2921 τῶν
1298 2866 1687 2938 πνευματικῶν
1718 2882 1885 2937 στρα-

309 2955 528 3011 τιωτῶν
554 2972 570 3021 ;
603 2957 740 3012 Οὐδὲ
765 2952 866 3021 εἷς.
902 2955 1002 3011 Διά
1025 2954 1183 3009 τοῦτο
1218 2956 1277 3008 ἐν
1300 2957 1413 3019 τοῖς
1451 2954 1721 3025 πολέμοις
1745 2952 1882 3024 χαῦ-

311 3058 397 3097 νοι
430 3043 528 3096 καὶ
550 3041 834 3112 βάναυσοι,
862 3042 958 3096 καὶ
983 3043 1149 3096 πᾶσιν
1171 3040 1432 3095 εὐάλωτοι
1460 3039 1741 3111 γινόμεθα.
1778 3039 1883 3094 Πό-

313 3145 416 3201 σης
453 3129 512 3183 δέ
540 3128 770 3193 νωθείας
797 3129 858 3182 τὸ
884 3129 959 3199 μὴ
975 3126 1228 3199 ἡγεῖσθαι
1262 3126 1501 3195 πολέμου
1528 3124 1719 3197 καιρὸν
1744 3121 1884 3179 εἶναι

310 3215 406 3269 τὸν
437 3215 701 3286 παρόντα,
734 3213 829 3267 τοῦ
852 3214 1066 3268 Παύλου
1099 3212 1348 3283 βοῶντος·
1368 3211 1597 3279 Πάντες
1624 3211 1694 3265 δὲ
1718 3215 1772 3266 οι
1793 3212 1889 3267 θέο

312 3306 528 3368 ,ιοντες
578 3300 843 3367 εὐσεϐῶς
895 3298 1001 3369 ζῇν
1043 3299 1362 3369 ἐνΧριστῴ
1401 3300 1606 3368 Ἰησοῦ
1630 3298 1885 3371 διωχθή-

313 3400 561 3449 σονταις
605 3386 701 3439 καὶ
733 3383 828 3437 τοῦ
873 3382 1109 3454 Χριστοῦ
1141 3384 1408 3452 λέγοντος*
1452 3383 1550 3437 Ἐν
1572 3384 1653 3450 τῷ
1681 3383 1887 3454 κόσμῳ

314 3473 524 3542 (unm-
542 3472 731 3537 ἕξετες
761 3472 870 3525 Καὶ
898 3471 1058 3525 πάλιν
1085 3470 1179 3524 τοῦ
1208 3470 1478 3543 μακαρίου
1508 3470 1717 3524 Παύλου
1743 3472 1886 3542 λαμ-

316 3562 433 3632 πρᾷ
448 3563 515 3632 τῇ
546 3562 698 3631 φωνῇ
729 3558 962 3629 βοῶντος
995 3558 1099 3625 καὶἸ
1112 3557 1381 3626 λέγοντος·
1407 3560 1528 3612 Οὐκ
1550 3556 1724 3612 ἐστιν
1744 3558 1889 3625 ἡμῖν

316 3650 359 3716 ἡ
386 3647 551 3715 πάλη
580 3646 728 3714 πρὸς
766 3640 910 3714 αἷμα
932 3644 1034 3698 καί
1072 3643 1303 3712 σάρκας
1351 3645 1446 3697 καί⁵
1490 3644 1672 3697 πάλιν·
1698 3643 1889 3713 Στῆτε

317 3729 433 3788 οὖν
452 3730 909 3802 περιζωσάμενοι
937 3729 1053 3799 τὴν
1085 3730 1287 3799 ὀσφὺν
1307 3728 1475 3798 ὑμῶν
1508 3731 1579 3784 ἐν
1603 3730 1851 3799 ἀληθείᾳ
1866 3747 1887 3795 ,-

320 3821 432 3875 Καὶ
470 3819 644 3883 οὐδεὶς
665 3818 890 3873 ἐκείνων
914 3814 1033 3872 εἷπε
1065 3818 1207 3882 τότε,
1235 3818 1299 3871 Τί
1322 3817 1560 3881 δπλίζεις
1593 3819 1761 3889 ἡμᾶς,
1790 3834 1889 3871 πο-

317 3906 487 3978 λέμου
535 3906 636 3959 οὐκ
680 3906 869 3971 δντος;
918 3904 970 3960 τί
1020 3904 1197 3977 μάτην
1229 3907 1361 3976 ἡμῖν
1417 3906 1716 3977 πράγματα
1750 3921 1892 3975 παρ-

320 3994 856 4066 έχειςςθωρακίζεις
896 3994 1024 4059 τοὺς
1070 3993 1425 4065 στρατιώτας,
1467 3993 1587 4059 ἐξὸν
1620 3994 1894 4048 ἀναπαύε-

325 4084 448 4136 σθαι
498 4083 594 4136 καὶ
638 4081 957 4153 ἡσυχάζεινς
999 4079 1144 4134 Ἀλλ’
1191 4078 1350 4151 εἰπερ
1403 4096 1485 4142 τις
1521 4074 1644 4134 εἷπε
1695 4080 1891 4145 ταῦτα,

319 4170 736 4242 ἀνθυπὴνεγκεν
760 4169 854 4223 άνο
874 4167 1126 4222 Μάλιστα
1149 4167 1246 4238 μὲν
1275 4164 1391 4232 οὖν,
1418 4170 1467 4221 εί
1498 4169 1592 4221 καὶ
1607 4168 1682 4240 μὴ
1701 4164 1768 4238 ἦν
1799 4167 1896 4222 πό-

323 4268 523 4329 )εμος,,
562 4256 666 4310 ἔδει
713 4255 782 4308 τά
828 4253 924 4308 τοῦ
972 4253 1209 4323 πολέμου
1269 4257 1557 4326 μεριμνᾷν.
1619 4255 1676 4307 ὐ
1702 4255 1805 4325 γάρ
1835 4256 1893 4307 ἐν

218 4376 227 4381 -
323 4342 657 4417 εἰρήνῃγτῶν
689 4343 788 4413 τῆς
819 4343 1000 4413 μάχης
1034 4339 1362 4412 φροντίζων,
1392 4342 1623 4413 φοϐερὸς
1652 4342 1804 4396 ἐσται
1836 4343 1893 4395 ἐν

321 4432 403 4502 τῷ
446 4431 623 4503 καιρῷ
664 4429 763 4505 τῆς
792 4429 969 4499 μάχης
988 4444 1003 4460 ·
1033 4431 1063 4482 6
1085 4428 1143 4481 δὲ
1169 4428 1395 4501 ἄπειρος
1420 4428 1530 4483 τῶν
1556 4428 1893 4498 πολεμικῶν,

326 4516 528 4590 μᾶλλον
589 4515 1022 4587 θορυϐηθήσεται
1065 4516 1160 4569 καὶ
1203 4517 1261 4569 ἐν
1309 4515 1517 4587 εἰρήνῃ.
1560 4514 1624 4567 Τί
1650 4514 1892 4585 δήποτε;

325 4606 451 4659 Ὀτι
482 4605 827 4676 δακρύσεται,
845 4603 982 4675 ὑπὲρ
1018 4597 1094 4657 ὧν
1118 4603 1253 4679 ἔχει,
1277 4604 1370 4656 καὶ
1394 4605 1475 4657 ὅτι
1504 4603 1579 4674 μὴ
1601 4602 1896 4672 δυνάμενος

324 4693 668 4767 ὑπερμαχεῖν
728 4689 933 4753 αὐτῶν.
996 4690 1406 4765 όδυνηθήσεται.
1456 4689 1562 4743 Τοῦ
1589 4690 1699 4760 γάρ
1720 4688 1894 4742 δειλοῦ

308 4769 421 4833 ’καὶ
462 4779 690 4849 ἀπείρου
739 4777 835 4834 καὶ
854 4775 992 4847 πρὸς
1021 4777 1122 4840 τὰς
1175 4777 1353 4847 μάχας
1383 4775 1652 4845 βαναύσου
1679 4778 1745 4830 τά
1773 4793 1897 4848 κτη-

326 4883 471 4938 ματα
511 4866 727 4919 πάντων
775 4864 894 4919 ἐστὶ
920 4863 1026 4917 τῶν
1055 4863 1314 4936 ἀνδρείων
1345 4865 1439 4919 καὶ
1468 4864 1725 4941 πολεμεῖν
1759 4866 1898 4919 είδό⁸

322 4969 466 5007 των*
494 4951 636 5005 ῶστε
666 4952 753 5005 διὰ
783 4950 940 5005 τοῦτο
976 4952 1194 5021 πρῶτον
1239 4951 1382 5022 ὑμᾶς
1409 4950 1634 5016 όπλίζω.
1667 4952 1899 5007 Ἔπειτα

323 5039 384 5092 δὲ
433 5039 528 5092 καὶ
582 5038 819 5110 πολέμου
880 5040 1071 5110 καιρὸς
1095 5039 1204 5101 πᾶς
1237 5038 1380 5108 ὁτῆς
1409 5036 1554 5109 ζωῆς
1580 5039 1756 5113 ημῶν,
1782 5040 1899 5097 ἐστὶ

326 5126 538 5197 χρόνος.
567 5127 690 5190 Πῶς
721 5127 815 5181 καὶ
846 5128 951 5183 τίνι
977 5127 1202 5200 τρόπῳ;
1236 5126 1296 5180 '0
1324 5126 1569 5192 διάϐολος
1599 5128 1911 5198 ἐφέστηκεν

325 5214 725 5268 άεί.’Δκουσον
743 5214 797 5269 τί
822 5215 950 5285 περὶ¹
975 5213 1139 5268 αὐτοῦ
1170 5231 1325 5286 φησι.
1353 5214 1706 5287 Περιέρχεται
1723 5214 1901 5286 ὠρυό-

331 5316 489 5370 μενος
514 5298 589 5365 ώς
608 5300 768 5367 λέων,
791 5301 1034 5372 ἁρπάσαι
1061 5300 1252 5356 θέλων.
1284 5302 1582 5372 Σωματικά
1624 5301 1767 5373 πάθη
1802 5318 1903 5371 μυ-

331 5387 421 5458 ρία
464 5387 767 5441 ἐπιτίθεται
816 5391 972 5459 ἡμῖν,
1023 5390 1167 5459 ἆπερ
1210 5390 1504 5457 ἀναγκαῖον
1542 5388 1788 5454 διελθεῖν,
1817 5390 1904 5443 ἵνα

332 5474 409 5545 μὴ
443 5474 618 5545 μάτην
646 5475 871 5538 ἐαυτούς
886 5475 1203 5546 άπατῶμεν.
1244 5475 1308 5528 Τί
1338 5476 1466 5546 γάρ,
1490 5474 1611 5528 είπέ
1636 5493 1747 5545 μοι,
1775 5478 1905 5548 ἡμῖν

330 5560 392 5613 οὐ
447 5561 706 5631 πολεμεῖ;
736 5562 798 5614 οὑ
835 5561 1087 5626 πλοῦτος,
1114 5561 1330 5627 κάλλος,
1369 5562 1567 5633 τρυφὴ,
1597 5562 1905 5627 δυναστεία,

392 5663 411 5688 ⁸
441 5663 533 5717 L'n.
556 5665 609 5716 (Σ.
637 5673 689 5716 ει
710 5678 775 5714 ιιι.
820 5662 973 5717 Savil.
1015 5666 1235 5729 διέσεισε,
1279 5666 1427 5717 lcruo
1466 5679 1563 5717 non
1608 5666 1901 5729 spernenda.

1177 234 1242 289 IN
1277 232 1539 307 El‘lST._l
1578 235 1669 290 AD
1709 230 2042 295 TIIESSAL,
2076 234 2585 295 CAPJILHOMIL.
2624 237 2712 293 111.

3435 237 3543 297 ιιι

1977 349 2217 417 ἐξουσία,
2264 351 2551 423 βασκανία,
2595 351 2745 419 δόξα,
2793 351 3048 419 άπόνοια;
3082 352 3157 406 Οὐ
3187 353 3297 425 γὰρ
3331 353 3541 426 μόνονὴ

1976 438 2225 511 ἡμετέρα
2267 438 2397 505 δόξα
2444 439 2674 510 πολεμεῖ
2704 438 2986 493 κωλύουσα
3011 440 3145 509 πρὸς
3182 456 3542 511 ταπεινοφρο-

1978 525 2145 595 σύνην
2194 526 2555 580 καταπίπτειν
2583 566 2597 590 ,
2642 525 2777 580 ἀλλὰ
2811 525 2905 578 καὶ
2930 527 2962 595 ἡ
3012 526 3215 596 ἐτέρων
3242 528 3322 591 είς
3351 527 3547 597 φθόνον

1974 613 2124 681 ἡμᾶς
2150 613 2245 666 καὶ
2276 613 2575 683 βασκανίαν
2604 612 2892 681 ἐξάγουσα.
2914 613 2981 666 Τί
3005 612 3061 666 δὲ
3083 614 3151 666 τά
3180 614 3424 680 ἐναντία,
3456 631 3548 667 πε-

1975 698 2085 761 νία,
2142 700 2356 770 ἀτιμία,
2390 700 2451 754 16
2496 699 2979 772 καταφρονεῖσθαι,
3009 699 3070 753 τὸ
3101 700 3455 772 ἁπερῤῖφθαι,
3485 701 3548 755 τὸ

1980 785 2253 856 μηδεμίαν
2304 786 2449 857 ἔχειν
2498 786 2688 858 ίσχύν;
2749 786 2911 840 Ἀλλά
2944 785 3118 842 ταῦτα
3152 788 3252 856 μὲν
3286 789 3345 839 ἐν
3377 789 3543 857 ἡμῖν’

1976 872 2045 925 τὰ
2080 873 2135 925 δὲ
2170 871 2322 944 παρὰ
2374 873 2700 943 ἀνθρώπων,
2742 874 3018 944 πονηρίαι,
3052 873 3354 937 ἐπιϐουλαὶ,
3380 873 3543 938 δόλοι,

1979 962 2358 1030 συκοφαντίαι,
2415 962 2765 1031 περιστάσεις
2794 961 3015 1031 ’μυρίαι
3042 976 3056 990 ·
3112 961 3314 1029 ὁμοίως
3353 962 3450 1015 καὶ
3478 965 3550 1016 τά

1977 1046 2131 1118 παρὰ
2189 1046 2298 1100 τῶν
2359 1048 2650 1118 δαιμόνων,
2698 1047 2883 1118 ἀρχαὶ,
2922 1047 3186 1113 ἐξουσίαι,
3242 1051 3549 1121 κοσμοκρά-

1975 1150 2137 1206 τορες
2195 1132 2291 1187 τοῦ
2333 1133 2560 1197 σκότους
2596 1132 2690 1187 τοῦ
2735 1134 2931 1197 αἰῶνος
2962 1134 3174 1197 τούτου,
3199 1134 3268 1189 τά
3299 1152 3549 1205 πνευμα-

1977 1221 2105 1275 τικὰ
2155 1220 2255 1291 τῆς
2296 1218 2582 1290 πονηρίας.
2633 1218 2817 1273 Ἄλλοι
2860 1219 3028 1291 ἐσμὲν
3063 1221 3365 1292 χαίροντες,
3399 1222 3550 1277 ἄλλοι

1978 1306 2270 1375 ἀλγοῦντες
2295 1322 2310 1339 ·
2335 1305 2621 1377 ἀμφότερα
2642 1310 3025 1377 παρεκτροπή.
3058 1307 3198 1360 Ἀλλ’
3228 1307 3406 1375 ὑγεία,
3431 1308 3551 1362 ἀλλ’

1977 1393 2257 1449 ἀσθένεια.
2320 1392 2491 1447 Πόθεν
2547 1391 2647 1462 οὐχ
2700 1392 3082 1463 ἁμαρτήσεται
3128 1410 3249 1459 τις;
3288 1394 3548 1448 Βούλεσθε

1978 1481 2073 1534 καὶ
2098 1480 2207 1533 άπὸ
2234 1478 2329 1533 τοῦ
2370 1477 2543 1548 Ἀδάμ
2568 1478 2877 1549 ἀρξάμενος
2897 1479 3026 1549 ὑμῖν
3055 1481 3197 1533 εῖπω
3221 1478 3422 1544 εὐθέως
3445 1481 3555 1534 άπὸ

1976 1568 2079 1636 τῆς
2108 1566 2285 1638 ἀρχῆς
2313 1583 2328 1631 ;
2362 1565 2536 1639 [M7]
2563 1566 2629 1619 Τί
2667 1565 2760 1619 τὸν
2780 1566 3209 1636 πρωτόπλαστον
3237 1562 3415 1634 εἷλενς
3458 1569 3552 1622 Ἥ-

1976 1654 2103 1724 δονὴ
2151 1655 2247 1708 καὶ
2282 1653 2550 1726 βρώματα
2575 1654 2671 1718 καὶ
2699 1653 2997 1723 φιλαρχίας
3025 1654 3184 1726 ἔρως.
3218 1654 3283 1708 Τί
3303 1656 3396 1709 τὸν
3431 1657 3549 1726 μετ’

1979 1743 2186 1794 ἐκεῖνον
2229 1741 2322 1794 16v
2372 1741 2489 1794 υίὸν
2508 1739 2601 1793 τὸν
2623 1739 2831 1793 ἐκείνου
2856 1756 2871 1804 ;
2901 1740 3179 1793 Βασκανία
3219 1741 3315 1794 καὶ
3339 1741 3550 1810 φθόνος.

1979 1826 2045 1879 Τί
2074 1828 2202 1890 τοὺς
2229 1828 2323 1880 ἐπὶ
2344 1826 2468 1880 Νῶε
2490 1843 2505 1893 ;
2529 1824 2805 1896 Σωμάτων
2832 1827 3037 1897 ἡδοναὶ,
3069 1828 3163 1881 καὶ
3192 1826 3262 1881 τά
3291 1828 3401 1881 άπὸ
3430 1827 3555 1880 τού-

1978 1931 2089 1968 των
2145 1914 2443 1981 τικτόμενα
2474 1912 2642 1965 κακά.
2676 1912 2740 1964 Τί
2787 1911 2881 1966 τὸν
2928 1913 3043 1966 υἱὸν
3069 1912 3163 1966 τὸν
3190 1912 3415 1979 τούτου;
3451 1913 3554 1965 '1'-

1980 2000 2104 2071 ϐρις
2130 2001 2225 2054 καὶ
2251 1998 2427 2054 άδεια.
2446 1999 2513 2053 Τί
2536 1999 2663 2061 τούς
2692 1998 2988 2070 Σοδομίτας
3008 2017 3024 2067 ;
3044 1999 3239 2071 Ὕϐρις
3267 2000 3359 2053 καὶ
3392 2000 3554 2053 άσέλ-

1977 2104 2109 2158 γεια
2164 2087 2259 2141 καὶ
2312 2086 2599 2159 πλησμογὴ
2633 2086 2835 2157 ἄρτων.
2869 2087 3138 2152 Πολλάκις
3176 2088 3231 2142 δὲ
3265 2090 3362 2142 καὶ
3394 2089 3557 2143 πενία

1979 2174 2140 2229 τοῦτο
2199 2176 2379 2228 ποιεῖ·
2430 2172 2520 2227 διά
2556 2171 2716 2227 τοῦτο
2745 2173 2909 2242 σοφός
2928 2190 3015 2237 τις
3038 2174 3193 2241 ἐλεγε
3219 2190 3233 2205 ·
3280 2175 3575 2230 Πλοῦτον

1981 2262 2050 2316 δὲ
2080 2261 2179 2315 καί
2207 2262 2428 2315 πενίαν
2445 2260 2530 2330 μή
2556 2276 2659 2330 μοι
2696 2259 2833 2326 δῷς.
2876 2259 3096 2313 Μᾶλλον
3121 2260 3177 2313 δὲ
3211 2262 3272 2314 οὐ
3306 2260 3555 2325 πλοῦτος,

1980 2349 2103 2404 οὐδὲ
2130 2348 2310 2414 πενία,
2345 2347 2460 2400 ἀλλ’
2489 2348 2523 2416 ἡ
2577 2345 2651 2417 μὴ
2689 2346 2965 2415 δυναμένη
3009 2345 3220 2409 τούτοις
3278 2348 3557 2417 ἑκατέροις

1982 2434 2300 2507 προαίρεσις
2344 2431 2675 2503 χρήσασθαι.
2736 2432 3063 2501 Ἐπίγνωοι,
3127 2433 3314 2504 φησὶν,
3364 2432 3453 2487 ὅτι
3486 2433 3559 2487 όν

1976 2509 2145 2594 μέσῳ
2174 2518 2443 2591 παγαίδων
2486 2518 2836 2583 διαϐαίνεις.

2052 2615 2115 2663 ε’.
2131 2605 2471 2679 Θαυμαστῶς
2490 2602 2646 2659 εἶπεν
2669 2607 2697 2659 6
2729 2606 2998 2676 μακάριος
3015 2605 3247 2669 Παῦλος
3269 2606 3374 2671 El;
3385 2608 3567 2661 τοῦτο

1981 2697 2256 2766 κείμεθα·
2300 2694 2404 2748 οὐκ
2443 2691 2598 2747 εἶπεν
2641 2692 2848 2757 ἁπλῶς,
2897 2693 2979 2746 ὅτι
3018 2692 3414 2764 πειραζόμεθα,
3443 2693 3559 2747 ἀλλ’

1982 2788 2087 2851 Et;
2147 2782 2323 2838 τοῦτο
2380 2782 2641 2851 κείμεθα,
2690 2780 2815 2835 ἀντὶ
2852 2779 2969 2845 τοῦ,
3032 2782 3114 2844 εῖς
3176 2779 3336 2834 τοῦτο
3369 2781 3555 2849 ἐγενήο

1983 2872 2177 2942 θημεν.
2235 2868 2407 2923 Τοῦτο
2441 2867 2505 2922 τδ
2549 2866 2709 2937 ἔργον
2741 2866 2920 2939 ἡμῶν,
2953 2860 3108 2930 οὗτος
3149 2868 3180 2920 6
3210 2866 3343 2938 βίος,
3373 2867 3469 2922 καὶ
3494 2868 3572 2920 σὺ.

1985 2958 2173 3014 άνεσιν
2230 2956 2448 3027 ζητεῖςς
2494 2954 2608 3010 οὐκ
2653 2955 2955 3025 ἐφέστηκεν
2993 2956 3022 3008 6
3047 2953 3242 3026 δήμιος
3273 2954 3374 3023 τὴν
3400 2953 3577 3006 πλευ-.

1986 3046 2087 3120 ράν
2139 3044 2506 3110 καταξαίνων,
2575 3042 2669 3097 καὶ
2721 3042 2881 3097 θῦσαι
2928 3042 3391 3112 καταναγκάζων*
3444 3041 3559 3094 ἀλλ’

1984 3132 2285 3203 ἐφέστηκεν
2332 3128 2597 3200 ἐπιθυμία
2638 3129 2848 3199 σφοδρά
2887 3129 3185 3199 χρημάτων
3215 3128 3310 3182 καὶ⁵
3339 3126 3561 3180 πλεονε-

1987 3219 2125 3285 ξίας,
2175 3217 2538 3290 ἐξορύττουσα
2595 3217 2722 3279 τούς
2787 3213 3100 3284 ὀφθαλμοὺς
3154 3215 3306 3283 ημῖν.
3365 3213 3555 3274 Οὐδεὶς

1987 3305 2325 3378 στρατιώτης
2384 3302 2568 3373 πυράν
2632 3304 2766 3371 ἡμῖν
2812 3300 3039 3370 άνῆψεν,
3089 3300 3211 3354 οὑδὲ
3240 3300 3437 3372 έθηκεν
3467 3301 3586 3353 ἐπὶ.

1985 3391 2283 3464 κρατίκλης
2312 3406 2325 3420 ’
2369 3389 2487 3444 ἀλλ’
2524 3391 2553 3442 ό
2611 3388 2721 3442 τῶν
2770 3388 3042 3458 σωμάτων
3078 3385 3317 3456 φλογμὸς
3362 3385 3587 3457 μᾶλλον.

1986 3478 2208 3533 ἐκείνων
2267 3476 2494 3542 ἐξάπτει
2539 3475 2643 3546 τὴν
2671 3474 2871 3545 ψυχήν.
2921 3474 2997 3527 Οὐ
3042 3475 3276 3545 πάρεστι
3308 3473 3564 3544 βασιλεὺς

1991 3566 2162 3638 μυρία
2222 3562 2689 3633 ἐπαγγελλόμενος
2730 3561 2912 3631 ἀγαθά
2959 3562 3054 3615 καὶ
3095 3561 3361 3615 δυσωπῶν
3384 3577 3399 3592 ’
3430 3561 3566 3615 ἀλλὰ

1988 3654 2256 3725 πάρεστιν
2279 3654 2313 3723 η
2346 3650 2636 3721 δοξομανία
2672 3652 2854 3720 χεῖρον
2883 3649 3093 3703 ἐκείνου
3134 3648 3563 3720 γαργαλίζουσα.

1988 3740 2179 3809 Μέγας
2208 3738 2445 3808 πόλεμος
2472 3737 2660 3801 ὅντως,
2682 3737 2780 3791 καὶ
2801 3736 2937 3791 πολὺ
2982 3735 3175 3808 μέγας,
3205 3734 3270 3789 ἂν
3291 3735 3568 3806 ἐθέλωμεν

1989 3828 2181 3897 νήφειν
2205 3843 2218 3857 -
2246 3826 2360 3895 ἔχει
2396 3825 2696 3893 στεφάνους
2730 3829 2827 3878 καῖ
2855 3826 2883 3877 6
2912 3823 3102 3893 παρὼν
3146 3822 3336 3894 καιρὸς
3357 3838 3370 3851 ·
3403 3824 3569 3878 άκουε

1992 3913 2208 3969 Παύλου
2258 3913 2542 3981 λέγοντοςο
2603 3911 2829 3967 Λοιπὸν
2889 3911 3197 3985 ἀπόκειταί
3238 3927 3336 3981 μοι
3389 3913 3421 3965 ό
3462 3910 3587 3980 τῆς.

1992 4000 2381 4067 δικαιοσύνης
2398 3999 2718 4068 στέφανος.
2743 3997 2818 4052 ὃν
2838 3996 3143 4053 ἀποδώσει
3163 4014 3266 4067 μοι
3290 4000 3324 4052 ὁ
3340 3997 3592 4061 δίκαιος-

1993 4086 2237 4155 κριτής-ο
2274 4087 2346 4141 οὺ
2370 4088 2566 4155 μόνον
2610 4084 2680 4139 δὲ
2715 4082 2867 4153 ἐμοὶ,
2920 4084 3082 4138 ἀλλὰ
3118 4084 3217 4137 καὶ
3265 4082 3415 4138 πᾶσι
3447 4082 3569 4149 τοῖς

1992 4174 2336 4245 ἠγαπηκόσι
2371 4172 2487 4239 τὴν
2535 4169 2899 4239 ἐπιφάνειαν
2932 4169 3140 4224 αὐτοῦ.
3177 4170 3349 4223 ’Ὀταν
3371 4170 3570 4223 άπολέα

1996 4280 2095 4333 σῃς
2139 4260 2352 4314 παιδίον
2394 4258 2678 4328 ἀγαπητὸν
2719 4256 3028 4326 μονογενὲς,
3050 4257 3110 4309 ἐν
3148 4255 3363 4327 πλούτῳ
3393 4255 3587 4324 πολλῷ

1992 4347 2348 4420 τρεφόμενον,
2402 4343 2623 4406 ἐλπίδας
2671 4343 2969 4412 ὑποφαίνον
3018 4344 3280 4413 χρηστάς,
3331 4342 3463 4395 αὐτό
3487 4358 3569 4395 σοι

1996 4434 2190 4505 μέλλον
2259 4430 2421 4502 μόνον
2486 4428 2832 4499 διαδέχεσθαι
2900 4428 2993 4482 τὸν
3041 4428 3263 4500 κλῆρον,
3326 4428 3403 4499 μὴ
3446 4445 3569 4481 στε-

1993 4521 2180 4591 νάξῃς,
2229 4517 2347 4572 ἀλλ’
2385 4515 2783 4587 εὐχαρίστησον
2822 4513 2900 4585 τῷ
2944 4514 3084 4584 Θεῷ,
3126 4516 3219 4569 καὶ
3256 4513 3446 4580 δόξαζε
3480 4514 3571 4566 τὸν

1994 4606 2274 4677 εἰληφότα,
2337 4605 2433 4659 καὶ
2475 4603 2626 4657 οὐδὲν
2670 4602 2770 4673 ἐστι
2815 4601 2913 4654 τοῦ
2970 4600 3225 4674 Ἁϐραάμ
3252 4600 3395 4655 κατὰ
3414 4599 3573 4653 τοῦτο

1994 4694 2213 4766 χείρων.
2246 4692 2516 4762 Καθάπερ
2562 4690 2674 4762 γάρ
2696 4691 2903 4753 ἐκεῖνος
2928 4688 3005 4758 τῷ
3031 4688 3151 4760 Θεῷ
3188 4689 3355 4744 ἔδωκε
3387 4688 3571 4747 κελεύ-

1998 4797 2170 4844 σαντι,
2212 4779 2353 4834 οὑτω
2382 4779 2446 4833 σύ
2483 4776 2740 4840 λαϐόντος
2771 4775 2938 4830 αὐτοῦ
2956 4777 3056 4829 οὑκ
3081 4777 3395 4842 ἐστέναξας.

2064 4868 2224 4938 Νόσῳ
2246 4866 2570 4937 περιέπεσες
2588 4863 2824 4935 χαλεπῇ,
2854 4863 2947 4916 καὶ
2964 4863 3148 4918 πολλοὶ
3178 4865 3573 4936 παραγίνονται

1996 4955 2419 5024 ἀναγκάζοντες,
2460 4954 2511 5006 οῖ
2561 4950 2662 5023 μὲν
2705 4950 2963 5022 ἐπῳδαῖς,
3002 4953 3051 5005 οῖ
3082 4950 3141 5004 δὲ
3168 4953 3571 5024 περιάμμασιν.

1997 5044 2048 5101 οί
2084 5042 2138 5096 δὲ
2185 5041 2391 5113 ἐτέροις
2434 5038 2546 5093 τισὶ
2587 5038 3089 5110 παραμυθήσασθαι
3131 5040 3193 5093 τὸ
3245 5039 3450 5103 κακόν;
3481 5038 3572 5092 διὰ

2000 5131 2094 5184 16v
2131 5129 2227 5182 τοῦ
2272 5126 2408 5181 Θεοῦ
2438 5127 2602 5196 φόϐον
2630 5126 2867 5196 ἠνεγκας
2893 5126 3155 5195 γενναίως
3187 5126 3281 5180 καὶ
3308 5125 3563 5191 άκλινῶς,

2003 5218 2095 5271 καὶ
2127 5216 2304 5273 πάντα
2334 5214 2400 5267 ἂν
2422 5214 2565 5267 εἵλου
2591 5212 2840 5282 παθεῖνῆ
2873 5212 3169 5282 ὑποστῆναί
3198 5229 3252 5264 τι
3274 5211 3381 5265 τῶν
3414 5211 3565 5266 είδω·

2001 5304 2170 5360 λικῶν
2201 5301 2440 5374 πράξαις
2466 5300 2625 5355 τοῦτό
2661 5317 2745 5353 σοι
2779 5300 3080 5371 μαρτυρίου
3108 5299 3367 5367 στέφανον
3393 5300 3569 5371 φέρει.

2003 5398 2115 5449 Καὶ
2170 5396 2245 5467 μὴ
2303 5392 2632 5464 ἀμφίϐαλλε.
2708 5391 2820 5445 Καὶ
2891 5390 3008 5453 πῶς
3058 5391 3153 5444 καὶ
3191 5391 3296 5444 τίνι
3343 5392 3574 5462 τρόπῳ;

2004 5481 2115 5550 ἐγὼ
2143 5482 2304 5550 λέγω.
2331 5482 2454 5535 Ὂτι
2485 5478 2738 5550 καθάπερ
2774 5480 2980 5541 ἐκεῖνος
3018 5478 3117 5543 τάς
3142 5478 3251 5532 άπὸ
3276 5478 3383 5533 τῶν
3408 5479 3587 5548 βασάο»

1981 5586 2109 5622 ,νων
2150 5568 2340 5633 ὀδύνας
2394 5567 2550 5637 φέρει
2601 5566 2884 5634 γενναίως,
2922 5565 3065 5619 ὥστε
3101 5567 3175 5637 μὴ
3200 5566 3577 5639 προσκυνῆσαι

2009 5655 2069 5710 τὸ
2109 5654 2346 5725 εἴδωλον,
2388 5651 2531 5709 οὑτω
2576 5653 2668 5709 καὶ
2715 5653 2778 5708 σύ
2820 5652 2917 5718 τάς
2940 5653 3050 5708 άπὸ
3076 5654 3173 5725 τῆς
3202 5654 3359 5708 νόσου
3392 5653 3580 5725 φέρεις
