4080 6222
547 332 868 402 ἀλγηδόνας,
907 333 1046 386 ῶστε
1077 332 1299 403 μηδενὸς
1314 330 1571 402 δεηθῆναι
1593 329 1703 383 τῶν
1731 331 1858 400 παρ’
1892 329 2120 392 ἐκείνου,

549 417 686 487 μηδι
739 419 948 490 πρᾶξαι
1012 419 1156 488 ἅπερ
1197 418 1496 472 ἐπιτάττει.
1563 417 1726 471 Ἀλλά
1767 416 2125 487 σφοδρότεραι

545 507 751 558 ἐκεῖναι
777 523 794 575 ί
841 505 982 560 Ἀλλ’
1007 501 1168 560 αὗται
1197 504 1557 574 μακρότεραι,
1589 503 1730 556 ὥστε
1766 504 1845 566 είς
1879 503 1993 555 ἴσον
2022 518 2125 553 κα-

544 594 794 664 ταλήγει.
831 593 1096 656 Πολλάκις
1129 592 1185 645 δὲ
1207 592 1301 644 καὶ
1335 591 1712 662 σφοδρότεραι.
1748 589 1813 642 Τί
1842 589 1971 660 γάρ,
2004 587 2125 639 είπέ

545 697 658 748 μοι,
718 681 846 735 ὅταν
881 679 1101 734 καύσων
1147 679 1293 733 ἔνδον
1322 678 1513 746 ἐνοχλῇ
1541 677 1638 729 καὶ
1668 676 1862 748 φλέγῃ,
1890 676 1983 728 καὶ
2016 674 2123 727 τῶν

541 766 719 820 ἄλλων
750 765 1158 835 παραινούντων
1183 763 1446 834 ἀποσείσῃ
1469 763 1566 832 τήν
1591 762 1826 833 ἐπῳδήν,
1845 761 1966 831 οὐχὶ
1983 776 2124 831 μαρε

541 853 729 923 τυρίου
782 853 1044 920 στέφανον
1078 853 1327 923 ἀνεδήσιο¹
1353 870 1368 919 ;
1395 851 1564 904 Πάλιν
1603 850 1852 903 ἀπώλεσέ
1875 866 1958 912 τις
1986 849 2123 919 χρή-

545 956 731 1006 ματας
784 939 965 991 πολλοὶ
1007 942 1055 992 οἱ
1091 939 1485 1008 παραινοῦντες
1525 939 1662 1008 πρὸς
1699 937 1924 1008 μάντεις
1951 935 2120 991 άπελε

541 1024 686 1079 θεῖν·
719 1027 784 1080 σὺ
816 1027 873 1079 δὲ
907 1028 997 1080 τὸν
1046 1026 1141 1079 τοῦ
1195 1026 1332 1078 Θεοῦ
1375 1025 1556 1093 φόϐον,
1603 1025 1792 1096 ἐπειδὴ
1824 1023 1992 1096 [448]
2022 1042 2116 1078 κε-

541 1112 802 1179 κώλυται,
860 1115 1002 1167 εἵλου
1050 1114 1249 1184 μᾶλλον
1295 1113 1370 1182 μὴ
1425 1112 1613 1172 λαϐεῖν
1645 1114 1716 1166 τά
1767 1113 2116 1184 χρήματα.ἢ

539 1200 894 1271 παρακοῦσαι
927 1199 1020 1253 τοῦ
1053 1199 1224 1265 Θεοῦ;
1266 1201 1382 1253 ἴσον
1424 1199 1570 1268 ἔχεις
1597 1200 1687 1253 τὸν
1724 1201 1916 1270 μισθὸν
1939 1199 2017 1271 τῷ
2037 1203 2118 1264 είς

537 1289 782 1358 πένητας
807 1288 948 1341 αὐτὰ
976 1287 1232 1346 δεδωκότι
1254 1302 1268 1317 ⁸
1289 1287 1356 1339 ἂν
1385 1287 1659 1350 ἀπολέσας
1683 1289 2114 1359 εὐχαριστήσῃς,

537 1377 632 1428 καὶ
679 1376 982 1444 δυνάμενος
1027 1376 1165 1445 πρὸς
1209 1374 1436 1444 μάντεις
1477 1375 1754 1441 ἀπελθεῖν,
1788 1376 2004 1446 ἀνάσχῃ
2039 1375 2113 1446 μὴ

537 1463 721 1516 λαϐεῖν
765 1463 906 1518 αύτά
949 1463 1170 1531 μᾶλλον,
1215 1463 1247 1533 ἢ
1284 1463 1426 1516 οὕτω
1461 1463 1666 1527 λαϐεῖν,
1717 1464 1832 1518 ἴσον
1857 1462 2002 1533 ἔχεις
2032 1466 2112 1526 είς

536 1550 727 1620 κέρδος
753 1551 832 1621 τῷ
867 1551 952 1604 διά
983 1551 1076 1604 τὸν
1111 1551 1244 1604 Θεὸν
1281 1552 1585 1606 κενώσαντι
1613 1549 1805 1611 ταῦτα.
1843 1550 2112 1621 Καθάπερ

535 1637 644 1707 γάρ
706 1638 914 1701 ἐκεῖνος
946 1638 1037 1692 διά
1071 1639 1165 1691 τὸν
1211 1638 1306 1690 τοῦ
1342 1638 1477 1690 Θεοῦ
1525 1637 1692 1706 φόϐον
1734 1639 1816 1698 είς
1845 1638 1971 1699 τοὺς
1992 1637 2109 1689 δεο·

536 1724 732 1790 μένους
762 1725 1055 1788 ἐκένωσεν,
1079 1724 1224 1779 οὕτω
1254 1725 1349 1778 καὶ
1376 1725 1440 1778 σὺ
1475 1725 1568 1779 διὰ
1596 1726 1689 1778 τὸν
1724 1725 1818 1778 τοῦ
1843 1725 1980 1778 Θεοῦ
2013 1724 2110 1794 φό-

533 1811 648 1874 ϐον,
679 1812 1048 1881 ἁρπασάντων
1068 1813 1313 1876 ἐκείνων,
1343 1813 1446 1865 οὐκ
1473 1812 1758 1876 ἀνέλαϐες.
1794 1813 1986 1883 Ἡμεῖς
2007 1814 2110 1868 κύε

532 1913 639 1966 ριοι
693 1900 788 1952 καὶ
829 1897 924 1952 τοῦ
971 1899 1183 1953 ἀδικεῖν
1226 1900 1478 1964 ἑαυτοὺς.
1519 1898 1740 1952 καὶτοῦ
1776 1900 1850 1970 μή
1875 1914 1890 1931 ⁸
1921 1900 2108 1970 ἕτερος

529 1985 589 2037 δὲ
625 1985 826 2048 οὐδείς.
877 1987 1012 2050 Καὶ,
1043 1989 1091 2039 εἰ
1127 1985 1408 2056 βούλεσθε,
1443 1986 1535 2039 ἐπ’·
1560 1986 1731 2056 αὐτῆς
1761 1986 1863 2056 τῆς
1895 1987 2109 2056 κλοπῆς

528 2072 591 2124 τὸ
620 2074 853 2146 πρᾶγμα
883 2075 1282 2142 γομνάσωμεν.
1312 2073 1558 2144 Διέτεμε.
1574 2072 1667 2124 τὸν
1705 2073 1886 2141 τοῖχον
1923 2075 1952 2126 6
1985 2073 2110 2132 κλέ-

528 2177 691 2232 πτης.
733 2160 1098 2231 εἰσεπήδησεν
1127 2161 1208 2222 είς
1239 2160 1330 2213 τδν
1355 2158 1620 2229 θάλαμον,
1639 2159 1941 2231 ἐξεφόρησε
1970 2177 2106 2232 χρυτ

530 2247 621 2300 σία
666 2247 1015 2317 πολυτίμητα
1051 2248 1150 2300 καὶ¹
1195 2247 1379 2310 λίθους
1406 2247 1644 2317 τιμίους,
1678 2248 1866 2312 ἁπλῶς
1901 2249 2106 2320 θησαυο

529 2335 623 2403 ρὸν
645 2334 940 2406 ὁλόκληρον
969 2334 1214 2399 ἐξέϐαλε,
1257 2335 1355 2388 καὶ
1383 2335 1481 2406 οὐχ
1511 2335 1674 2389 ἑάλω.
1706 2337 1780 2389 Τὸ
1811 2337 1910 2407 μὲν
1948 2337 2105 2405 γενό-

530 2439 692 2489 μενον
728 2422 893 2492 βαρὺ,
929 2425 1034 2477 καὶ⁴
1055 2424 1204 2477 δοκεῖ
1226 2423 1400 2494 ζημία
1429 2425 1489 2477 τὸ
1527 2426 1764 2496 πρᾶγμα
1801 2423 1964 2492 εἶναι,
2003 2429 2104 2482 ούκ

525 2511 641 2563 ἔστι
682 2509 738 2563 δὲ
774 2510 1008 2575 οὐδέπω,
1050 2510 1165 2564 ἀλλ’
1210 2512 1268 2565 έν
1317 2512 1400 2564 σοὶ
1451 2514 1627 2565 κεῖται
1665 2513 1698 2583 ἢ
1735 2511 1943 2583 ζημίαν
1971 2515 2104 2568 αὐτὸ

525 2597 769 2668 ποιῆσαι,
813 2596 846 2668 ἢ
897 2597 1106 2668 κέρδος.
1151 2600 1260 2652 Καὶ
1306 2600 1423 2662 πῶς
1444 2598 1511 2652 ἂν
1543 2599 1754 2667 γένοιτο
1784 2600 1942 2654 τοῦτο
1967 2602 2100 2674 κέρ-

519 2685 644 2747 δοςς
673 2686 858 2756 φησίν.
913 2682 1056 2754 Ἐγὼ
1091 2685 1252 2740 τοῦτο
1274 2687 1556 2754 ἀποδεῖξαι
1587 2690 1924 2759 πειράσομαι
1955 2690 2098 2756 πῶς.

521 2770 624 2824 Σοῦ
685 2772 1035 2844 βουλομένου,
1090 2776 1280 2846 κέρδος
1335 2775 1490 2830 ἔσται
1547 2777 1725 2848 μέγα*
1786 2778 1860 2848 μὴ
1902 2778 2099 2850 βουλητ

521 2858 702 2922 θέντος
727 2861 805 2924 δὲ,
840 2862 1201 2934 χαλεπωτέρα
1243 2865 1344 2934 τῆς
1394 2863 1696 2935 γενομένης
1729 2865 1922 2935 ζημία.
1949 2867 2098 2920 Καθ-

518 2949 662 3018 άπερ
710 2947 816 3020 γὰρ
861 2951 955 3002 ἐπὶ
999 2950 1110 3003 τῶν
1147 2948 1406 3019 τεχνιτῶν
1446 2949 1582 3020 ὕλης
1639 2952 2032 3024 ὑποκειμένης,
2067 2956 2096 3008 6

519 3035 620 3101 μὲν
646 3035 911 3106 ἔμπειρος
937 3037 1036 3106 τῆς
1051 3035 1248 3106 τέχνης
1279 3038 1360 3098 είς
1383 3036 1503 3089 δέον
1525 3036 1665 3107 αὐτῇ
1692 3039 1978 3110 κέχρηται,
1996 3041 2095 3094 όδὲ

517 3123 741 3192 ἄπειρος
775 3124 1025 3194 ἠφάνισε,
1052 3125 1146 3176 καὶ
1188 3124 1444 3192 εποίησεν
1489 3125 1637 3196 αύτῷ
1680 3126 1884 3197 ζημίαν
1906 3144 1920 3158 ·
1951 3129 2095 3184 οὕτω

513 3210 610 3261 καὶ
640 3211 733 3262 ἐπὶ
766 3210 875 3263 τῶν
899 3213 1265 3280 πραγμάτων.
1295 3211 1418 3275 Πῶς
1447 3207 1540 3266 οῦν
1560 3211 1712 3265 ἔσται
1743 3214 1967 3285 κέρδος;
1994 3217 2092 3270 “Av

513 3295 912 3367 εὐχαριστήσῃς
945 3297 1021 3368 τῷ
1046 3298 1182 3368 Θεῷ,
1216 3298 1281 3351 ἂν
1317 3298 1390 3368 μὴ
1418 3300 1638 3371 κωκύῃς
1656 3300 1773 3365 ὀξὺ,
1808 3301 1872 3355 ἂν
1897 3303 1964 3356 τὰ
1994 3305 2089 3359 τοῦ

526 3381 645 3435 Ἰὼϐ
676 3383 837 3456 εἴπῃς
877 3385 1100 3455 ῥήματα
1129 3401 1143 3414 ·
1171 3386 1228 3439 '0.
1273 3388 1492 3454 Κύριος
1521 3387 1768 3455 ἔδωκεν,
1807 3393 1840 3444 ὁ
1877 3391 2092 3459 Κύριος

510 3472 792 3540 ἀφείλετο
811 3488 828 3515 ἰ
851 3471 1077 3541 γυμνὸς
1091 3472 1356 3541 ἐξῆλθον
1367 3475 1435 3527 ἐκ
1458 3476 1692 3542 κοιλίας
1703 3480 1931 3546 μητρός
1946 3497 2084 3548 μου,

507 3560 736 3630 γυμνὸς
789 3561 886 3616 καὶ
941 3562 1371 3631 ἀπελεύσομαι.
1420 3563 1485 3617 Τί
1535 3565 1734 3633 λέγεις,
1777 3567 1829 3618 '0
1871 3570 2088 3636 Κύριος

507 3649 823 3718 ἀφείλετο;
885 3650 942 3702 Ὀ
979 3649 1216 3720 κλέπτης
1248 3650 1521 3720 ἀφείλετο,
1570 3654 1664 3706 καὶ
1719 3654 1836 3717 πῶς
1860 3655 2083 3728 δυνήσῃ,

508 3738 693 3804 φησιν,
723 3740 920 3800 εἰπεῖν,
959 3737 1014 3789 Ὀ
1031 3738 1245 3804 Κύριος
1277 3739 1588 3807 ἀφείλετο;
1630 3743 1720 3810 Μὴ
1753 3742 2040 3815 θαυμάσῃς
2066 3763 2081 3778 ο

505 3822 602 3872 καὶ
633 3822 742 3891 γὰρ
769 3825 863 3874 καὶ
915 3825 942 3874 6
985 3822 1179 3887 ’·Ιὼϐ,ά
1217 3825 1246 3875 6
1283 3825 1530 3888 διάϐολος
1567 3827 1843 3896 ἀφείλετο,
1885 3832 2081 3897 ταῦτα,

504 3907 726 3975 ἔφησεν,
774 3909 1078 3972 ’οΚύριος
1120 3909 1413 3976 ἀφειλετο.
1466 3913 1529 3965 Εἰ
1573 3891 1630 3966 δέ
1661 3917 1871 3977 ἐκεῖνος
1907 3891 2084 3983 οἶτως

504 3994 810 4064 ἐθάρρησεν
834 3996 1027 4058 εἰπεῖν,
1065 3994 1182 4056 πῶς
1207 3996 1242 4049 ἃ.
1267 3999 1294 4050 6
1320 3996 1557 4066 κλέπτης
1573 4000 1781 4067 ἐλαϐεν,
1812 4004 1911 4056 οὐκ
1939 4007 2082 4077 ἐρεῖς

505 4082 689 4147 σὺ,ϐτι
717 4082 746 4134 6
774 4080 977 4152 Κύριος
1004 4080 1288 4148 ἀφείλετο;
1326 4082 1460 4136 Τίνα
1484 4084 1800 4157 θαυμάζεις,
1826 4091 1948 4143 εἰπέ
1966 4109 2076 4161 μοι,

499 4170 593 4222 τὸν
623 4169 692 4224 τά
730 4167 894 4223 αὐτοῦ
926 4168 1242 4223 κενώσαντα
1268 4172 1348 4234 είς
1364 4171 1682 4246 πένητας,ἢ
1711 4174 1804 4227 τὸν
1839 4176 1957 4230 Ἰὼϐ
1985 4181 2078 4233 ἐπὶ

497 4258 608 4310 τῶν
658 4257 921 4328 ῥημάτων
967 4257 1197 4322 τούτων;
1261 4255 1370 4330 ἆρα
1427 4260 1501 4330 μὴ
1559 4260 1777 4317 ἔλαττον
1827 4265 1940 4334 ἔχει
1979 4267 2074 4322 τοῦ

499 4345 866 4416 ἐλεημοσύνην
893 4343 1072 4408 δόντος
1101 4347 1307 4410 ἐκεῖνος
1336 4347 1364 4399 6
1395 4345 1470 4416 μὴ
1499 4347 1622 4410 δοὺς
1643 4350 1797 4414 τότε;
1849 4353 1940 4423 Μὴ
1967 4354 2073 4425 γάρ

495 4430 676 4504 εἴπῃς,
709 4432 823 4484 Οὐκ
847 4431 954 4501 ἔχω
982 4433 1162 4502 χάριν,
1193 4433 1292 4485 οὐκ
1332 4433 1474 4503 ὲμῆς
1501 4434 1727 4505 γνώμης
1752 4437 1812 4489 τὸ
1835 4441 2075 4511 ,πρᾶγμα

493 4515 582 4586 ἦν·
611 4518 713 4571 οὐκ
755 4517 955 4580 εἰδότος
1003 4518 1126 4570 οὐδὲ
1180 4517 1529 4588 βουλομένου,
1570 4523 1599 4573 6
1631 4521 1834 4594 λῃστὴς
1873 4512 2069 4580 ἔλαϐεο

497 4608 647 4669 ποῖος
677 4605 832 4658 ἔσται
875 4623 965 4676 μοι
989 4605 1178 4676 μισθός
1205 4623 1219 4672 ;
1248 4608 1383 4660 Οὐδὲ
1413 4609 1507 4662 τοῦ
1549 4609 1668 4662 Ἰὼϐ
1691 4611 1914 4680 εἰδότος,
1948 4616 2070 4670 οὐδὲ

493 4693 838 4762 βουλομένου,
897 4695 1072 4748 ταῦτα
1116 4695 1308 4749 έλαϐε’
1360 4697 1477 4761 πῶς
1546 4699 1680 4769 γάρ;
1749 4700 1867 4754 ἀλλ’
1921 4705 2070 4773 ὅμως

490 4781 970 4851 ἡθλησεν.Ἔξεστι
1002 4784 1097 4837 καὶ
1126 4786 1207 4838 σοὶ
1231 4785 1482 4839 τοσοῦτον
1510 4787 1694 4841 λαϐεῖν
1711 4789 1920 4858 μισθὸν,
1943 4793 2068 4845 ὃσὼ

495 4872 553 4922 ἢν
579 4872 628 4922 εί
653 4869 793 4923 ἑκὼν
815 4871 1045 4942 ἔρριψας
1073 4873 1230 4926 αὐτά.
1264 4874 1375 4927 Καὶ
1397 4875 1622 4939 εἰκότως
1650 4876 1840 4930 τοῦτον
1869 4879 2067 4948 μᾶλλον

487 4957 842 5027 κλαυμάζομεν
871 4951 1246 5029 τὸνὲπηρείας
1275 4961 1610 5032 εὐχαρίστως
1630 4964 1883 5035 φέροντα,
1912 4966 1944 5037 ἢ
1973 4969 2066 5021 τὸν

487 5044 682 5097 ἑκόντα
722 5043 953 5099 διδόντα.
1005 5046 1069 5098 Τί
1117 5047 1358 5115 δήποτε;
1397 5050 1519 5102 Ὅτι
1556 5053 1761 5115 ἐκεῖνος
1801 5052 1902 5123 μὲν
1951 5057 2065 5120 τοῖς

488 5131 734 5195 ἐπαίνοις
782 5131 1065 5202 τρέφεται,
1116 5134 1211 5186 καὶ
1256 5134 1334 5203 τῷ
1387 5136 1650 5191 συνειδότι
1689 5138 1783 5192 καὶ
1819 5142 2064 5211 χρηστὰς

485 5218 599 5286 ἔχει
637 5219 735 5283 τὰς
764 5219 1017 5285 ἐλπίδαςο
1073 5222 1168 5275 καὶ
1208 5223 1473 5294 πρότερον
1512 5227 1773 5292 γενναίως
1821 5231 2062 5298 ἐνεγκὼν

484 5305 582 5374 τήν
633 5307 891 5378 στέρησιν
935 5309 1046 5364 τῶν
1075 5313 1400 5384 χρημάτων,
1449 5313 1572 5366 τότε
1618 5315 1758 5369 αὐτά
1801 5316 2058 5389 ἔρριψεν·

485 5386 639 5456 οὗτος
672 5393 729 5447 δὲ
766 5395 844 5448 ἔτι
868 5397 1291 5468 προσδεδεμένος
1350 5400 1598 5472 ἀφῃρέθη
1641 5401 1753 5474 βίᾳ.
1799 5386 1911 5458 (λύκ
1946 5406 2061 5461 ἔστι

484 5483 541 5538 δὲ
573 5482 708 5547 ἴσον,
739 5484 1000 5556 πρότερον
1045 5487 1334 5540 πεισθέντα
1387 5489 1692 5560 ἀποστῆναι
1739 5495 2059 5564 χρημάτων,

485 5567 656 5632 οὓτως
687 5571 824 5623 αύτά
863 5573 1120 5640 κενῶσαι,
1149 5575 1244 5628 καὶ
1277 5575 1355 5629 ἔτι
1381 5577 1560 5629 αὐτῶν
1593 5580 1894 5647 κρατοῦντα
1923 5583 2058 5636 ἀπο-

489 5657 840 5739 στερηθῆναι.
878 5662 974 5727 Ἂν
1003 5662 1348 5736 ταῦταεῗπῃς
1384 5664 1448 5718 τά
1478 5665 1716 5737 ῥήματα,
1751 5667 1893 5739 λήψῃ
1925 5671 2056 5723 πολ·

1305 209 1587 266 JOANNIS
1622 207 2110 267 CHRYSOSTOMI
2146 209 2464 266 ARCIIIEP.
2500 209 3048 268 CONSTANTINOP.

3711 210 3822 265 ιη

2232 327 2589 395 λαπλασίονα,
2627 331 2721 383 καὶ
2748 327 3024 397 πλείοναῆ
3052 326 3081 380 6
3121 323 3264 378 Ἰὼϐ.
3306 325 3543 403 Ἐκεῖνος
3577 322 3678 392 μὲν
3706 329 3828 396 γάρ

2237 415 2296 467 τά
2332 416 2648 470 διπλασίονα
2682 414 2916 469 ἐνταῦθα
2949 414 3107 467 ἔλαϐε
3129 431 3142 444 ο
3179 411 3263 465 σοὶ
3290 411 3348 464 δὲ
3379 421 3406 470 ὁ
3437 411 3668 487 Χριστὸς
3693 412 3820 471 tua:

2209 496 2382 567 ξτοντα
2400 503 2664 557 πλασίονα
2687 501 3073 573 ἐπηγγείλατο.
3115 500 3230 552 Οὐκ
3263 498 3354 553 ὲϐλ
3365 500 3698 568 ασφήμησας
3725 499 3820 552 διά

2224 588 2314 642 τὸν
2345 590 2510 660 φόϐον
2538 590 2632 644 τοῦ
2663 589 2822 652 Θεοῦ,
2873 588 3092 658 ἐχρήσω
3125 587 3412 657 μάντεσιν,
3465 583 3620 658 [469]
3652 587 3818 654 εὐχα-

2226 675 2488 745 ρίστησας
2539 676 2724 738 κακῶς
2763 674 2987 740 παθών;
3041 676 3225 743 ὅμοιος
3271 667 3324 725 εἴ
3352 670 3429 742 τῷ
3460 688 3816 743 καταπεφω-

2221 762 2410 832 νηκότι
2457 781 2470 796 ·
2500 763 2594 816 καὶ
2626 763 2734 832 γὰρ
2758 761 3049 816 καὶταῦτα
3075 761 3137 814 οὺ
3166 760 3395 828 γίνεται,
3429 757 3498 818 ἂν
3533 760 3609 829 μὴ
3639 777 3813 824 κατα-

2222 851 2498 920 φρονήσῃς
2525 850 2811 920 πρότερον.
2835 849 2951 902 υύκ
2973 847 3164 901 ἔστιδὲ
3195 847 3310 900 ίσον
3334 847 3392 899 ὲν
3432 847 3611 916 πολλῷ
3629 850 3812 918 χρόνῳ

2225 935 2520 1005 μελετῆσαι
2564 935 2977 1004 καταφρονῆσαι
3004 933 3113 987 τῶν
3142 949 3248 1004 χρη
3258 933 3465 1003 μάτων,
3492 936 3587 987 καὶ
3609 935 3676 987 ἀθ
3686 936 3810 1006 ρόον

2222 1022 2424 1092 ζημίαν
2449 1024 2738 1092 συμϐᾶσαν
2767 1023 3034 1090 ἐνεγκεῖν.
3095 1021 3254 1076 Οῦτω
3284 1021 3493 1088 γίνεται
3545 1022 3741 1094 κέρδος
3771 1027 3804 1095 ἡ

2221 1107 2426 1178 ζημία,
2486 1110 2582 1165 κοιλ⁸
2625 1110 2781 1166 οὐδὲν
2821 1108 3096 1182 βλαϐήσῃ,
3152 1107 3291 1162 ἀλλά
3343 1109 3437 1162 καὶ
3468 1109 3807 1182 ὠφεληθήσῃ

2223 1196 2374 1263 παρὰ
2395 1195 2489 1248 τοῦ
2517 1197 2788 1264 διαϐόλου.

2287 1321 2363 1380 ς’.
2407 1318 2531 1380 Πῶς
2556 1317 2613 1370 δὲ
2651 1318 2746 1371 καὶ
2774 1315 2948 1386 ζημία
2982 1317 3190 1385 γίνεται
3223 1315 3469 1385 χαλεπή;
3498 1317 3669 1370 Ὅταν
3699 1317 3802 1386 τὴν

2213 1401 2391 1472 ψυχὴν
2414 1403 2716 1475 ζημιωθῇς.
2740 1405 2874 1458 Είπὲ
2897 1405 3006 1474 γάρ
3021 1421 3132 1476 μοι,
3151 1404 3492 1475 ἀπεστέρησέ
3509 1422 3568 1457 σε
3579 1406 3803 1475 χρημά-

2214 1506 2323 1542 των
2359 1492 2388 1543 6
2414 1491 2695 1560 κλέπτης;
2735 1492 2825 1545 διά
2849 1491 2902 1544 τί
2933 1493 2997 1545 σὺ
3051 1491 3246 1544 σαυτὸν
3282 1492 3603 1562 ἀποστερεῖς
3631 1509 3804 1561 σωτηο

2215 1575 2367 1645 ρίας,
2400 1576 2488 1631 διὰ
2515 1578 2567 1630 τί
2597 1576 2779 1645 ἀλγῶν
2809 1579 2896 1647 ἐφ’
2923 1571 3007 1640 οἷς
3041 1578 3172 1648 παρ’
3204 1577 3407 1648 ἑτέρων
3439 1579 3628 1642 κακῶς
3657 1579 3799 1632 ἐπα-

2212 1659 2323 1726 θες,
2351 1664 2510 1727 αὐτὸς
2531 1663 2740 1717 πλείοσι
2765 1665 3109 1737 περιϐάλλεις
3139 1666 3332 1720 σάοτὸν
3361 1669 3587 1733 κακοῖς;
3624 1669 3800 1722 Ἐκεῖι

2210 1749 2298 1812 νός
2329 1765 2388 1802 σε
2428 1750 2558 1814 ἴσως
2597 1752 2760 1824 πενίᾳ
2793 1751 3104 1822 περιέϐαλε,
3156 1754 3220 1806 σὺ
3266 1753 3323 1806 δὲ
3355 1754 3548 1808 σαυτὸν
3591 1756 3652 1808 ὲν
3682 1759 3800 1819 τοῖς

2210 1836 2446 1908 καιρίοις
2491 1838 2727 1906 μάλιστα
2753 1839 3158 1903 καταϐλάπτεις
3189 1839 3515 1910 κακούργως
3543 1857 3558 1871 ⁸
3585 1843 3801 1905 ἐκεῖνος

2208 1925 2552 1997 ἀπεστέρησέ
2598 1943 2659 1980 σε
2682 1927 2753 1981 τά
2787 1927 2946 1991 ἐκτός
2979 1944 3072 1980 σου
3101 1927 3251 1992 ὂντα,
3297 1930 3391 1982 καὶ
3430 1927 3660 1999 ὕστερον
3697 1933 3797 1985 καὶ

2209 2008 2436 2074 άκοντός
2462 2029 2555 2065 σου
2583 2012 3007 2084 άποπηδήσοντα
3033 2029 3046 2042 ·
3079 2014 3144 2066 σὺ
3173 2013 3230 2067 δὲ
3259 2012 3586 2068 τδναὶὡνιον
3619 2015 3795 2068 πλοῦ-

2205 2113 2298 2150 τον
2329 2099 2521 2153 σαυτὸν
2548 2101 2774 2172 ἀφαιρῇ.
2820 2100 3091 2170 Ἐλύπησέ
3124 2117 3184 2154 σε
3229 2102 3258 2154 ό
3310 2101 3554 2166 διάϐολος
3593 2103 3797 2170 ἀφελά-

2209 2201 2370 2254 μενος
2396 2185 2462 2239 τὰ
2485 2188 2588 2256 χρή
2599 2204 2779 2256 μάτας
2812 2186 3056 2256 λύπησον
3081 2187 3244 2241 αὐτὸν
3267 2188 3359 2241 καὶ
3389 2189 3454 2241 σὺ
3471 2189 3796 2260 εὐχαριστή-

2207 2285 2326 2333 σας,
2367 2271 2460 2324 καὶ
2491 2273 2565 2343 μὴ
2596 2273 2892 2346 εὐφράνῃς.
2933 2275 3033 2326 Ἂν
3063 2273 3200 2345 πρὸς
3251 2274 3474 2344 μάντεις
3513 2276 3796 2349 ἀπέλθῃς,

2205 2355 2477 2427 εὔφρανας
2496 2378 2510 2392 ·
2545 2359 2612 2413 ἂν
2633 2361 3035 2434 εὐχαριστήσῃς
3063 2360 3141 2432 τῷ
3166 2361 3305 2431 Θεῷ,
3333 2362 3554 2432 καιρίαν
3579 2363 3790 2427 ἔδωκας

2205 2445 2354 2515 αὐτῷ
2380 2447 2478 2516 τὴν
2509 2447 2746 2518 πληγήν.
2803 2449 2914 2502 Καὶ
2966 2450 3069 2519 ὅρα
3122 2448 3174 2501 τί
3207 2451 3444 2518 γίνεταιο
3496 2449 3620 2504 οὔτε
3644 2451 3788 2506 αὐτά

2205 2532 2455 2603 εὑρήσεις
2479 2534 2731 2589 ἀπελθὼν
2784 2535 2918 2606 πρὸς
2950 2537 3076 2599 τοὺς
3107 2535 3329 2606 μάντεις
3355 2553 3369 2567 ·
3404 2538 3467 2591 οὗ
3503 2539 3611 2609 γάρ
3635 2539 3790 2592 ἔστιν

2204 2619 2426 2672 ἐκείνων
2449 2620 2648 2674 είδένάι
2668 2637 2683 2652 ο
2705 2623 2753 2675 εί
2778 2622 2836 2674 δέ
2868 2639 2970 2676 που
2994 2621 3088 2676 καὶ
3115 2618 3267 2676 εἷπον
3291 2625 3661 2694 ἐπιτυχόντες,
3688 2628 3787 2686 καὶ

2198 2704 2298 2774 τὴν
2324 2703 2503 2776 ψυχὴν
2533 2708 2993 2778 προσαπολλύεις,
3021 2710 3116 2763 καὶ
3139 2709 3242 2763 ὑπὸ
3268 2711 3378 2764 τῶν
3404 2711 3646 2782 ἀδελφῶν
3677 2730 3784 2766 κα-

2198 2791 2580 2865 ταγελασθήσῃ
2601 2793 2710 2846 τῶν
2735 2794 2865 2856 σῶν,
2884 2795 2974 2848 καὶ
2990 2795 3153 2849 πάλιν
3168 2797 3306 2850 αὐτά
3330 2797 3518 2860 κακῶς
3534 2799 3779 2862 ἀπολεῖς.

2209 2876 2267 2930 '0
2292 2878 2401 2949 γάρ
2428 2879 2636 2949 δαίμων
2661 2879 2816 2945 εἰδὼς
2835 2881 2916 2934 ὅτι
2947 2881 3152 2952 ζημίαν
3173 2883 3233 2935 οὒ
3259 2884 3468 2953 φέρεις,
3493 2885 3611 2938 ἀλλ’
3636 2886 3782 2956 ὑπὲρ

2195 2964 2400 3018 τούτων
2429 2965 2520 3018 καί
2542 2966 2634 3018 τὸν
2674 2966 2806 3020 Θεὰν
2852 2984 2946 3021 σου
2991 2968 3162 3039 ἀρνῇ,
3215 2969 3378 3023 πάλιν
3421 2973 3681 3042 χρήματα
3700 2972 3783 3026 δίε

2193 3051 2374 3117 δωσιν,
2402 3053 2490 3107 ἵνα
2521 3055 2774 3125 ἀφορμὴν
2823 3057 2923 3126 σχῇ
2948 3055 3041 3109 τοῦ
3076 3057 3243 3110 πάλιν
3275 3075 3333 3110 σε
3361 3059 3658 3129 ἀπατῆσαι.
3712 3061 3780 3115 El

2191 3139 2248 3192 δὲ
2278 3141 2371 3194 καὶ
2401 3141 2610 3210 λέγοιεν
2630 3144 2678 3196 οἱ
2713 3144 2954 3214 μάντεις,
2993 3144 3066 3215 μὴ
3093 3145 3402 3216 Θαυμάξετε
3431 3165 3444 3178 ⁶
3483 3147 3780 3223 ἀσώματός

2191 3227 2337 3280 ἐστιν
2371 3230 2400 3281 6
2435 3228 2673 3298 δαίμων,
2728 3232 3003 3302 πανταχοῦ
3030 3233 3330 3303 περίεισιν’
3368 3235 3531 3298 αὐτὸς
3577 3238 3781 3301 αὐτοὺς

2190 3312 2397 3377 ὁπλίζει
2430 3316 2558 3379 τοὺς
2581 3317 2784 3388 λῃστάς
2804 3334 2818 3349 ο
2845 3319 2906 3371 ού
2935 3319 3045 3390 γάρ
3071 3320 3198 3374 ἄνευ
3228 3321 3482 3391 δαίμονος
3499 3324 3670 3377 ταῦτα
3686 3325 3776 3392 γί-

2189 3416 2355 3453 νεται.
2392 3402 2454 3453 Εἴ
2483 3403 2664 3457 τοίνυν
2685 3404 2894 3469 ὁπλίζει
2925 3406 3168 3470 τούτους,
3191 3409 3283 3460 καὶ
3305 3405 3412 3463 οἶδε
3433 3411 3526 3463 καλ
3548 3410 3653 3464 ποῦ
3671 3429 3776 3470 κας

2187 3485 2493 3541 τατίθενται
2512 3504 2525 3518 ·
2547 3489 2646 3542 οὐκ
2665 3491 2850 3557 ἀγνοεῖ
2864 3493 2991 3557 τοὺς
3007 3494 3171 3546 αὐτοῦ
3189 3495 3299 3566 ύπη
3309 3495 3488 3566 ρέτας.
3525 3499 3641 3550 Οὐκ
3656 3499 3780 3554 ἔστι

2185 3572 2241 3626 δὲ
2269 3574 2579 3644 θαυμαστὸν
2613 3576 2771 3630 τοῦτο
2793 3596 2807 3609 ·
2841 3579 2908 3632 ἂν
2935 3580 3019 3651 ἴδῃ
3044 3579 3319 3650 ἀλγοῦντά
3349 3599 3408 3636 σε
3454 3587 3518 3654 τῇ
3568 3583 3767 3656 ζημίᾳ,

2185 3661 2278 3712 καὶ
2314 3660 2504 3730 ἑτέραν
2541 3661 2732 3731 ἐπάγει
2755 3679 2770 3694 ο
2811 3662 2878 3717 ἂν
2912 3665 2995 3737 ἴδῃ
3032 3669 3420 3734 καταγελῶντα
3457 3670 3553 3723 καλ⁵
3603 3689 3770 3725 κατα-

2185 3746 2505 3815 φρονοῦντα,
2538 3748 2907 3820 ἀποστήσεται
2944 3752 3147 3824 ταύτης
3181 3757 3281 3824 τῆς
3324 3754 3465 3808 ὁδοῦ.
3500 3756 3769 3829 Καθάπερ

2182 3833 2291 3902 γὰρ
2327 3836 2491 3904 ήμεῖς
2520 3837 2703 3889 ἐκεῖνα
2723 3837 2849 3900 τοὺς
2884 3839 3113 3911 ἐχθροὺς
3143 3841 3454 3913 διατίθεμεν
3489 3845 3546 3896 ὲν
3575 3839 3656 3909 οἷς
3673 3847 3768 3898 λυ-

2183 3919 2392 3989 ποῦμεν
2420 3921 2616 3984 αὐτούς
2636 3938 2651 3962 '-
2686 3922 2752 3976 ἂν
2776 3924 2831 3976 δὲ
2870 3925 3067 3996 ἴδωμεν
3092 3928 3292 3983 ὅτιούκ
3323 3930 3599 3998 άλγοῦσιν,
3635 3933 3762 4000 ἀφι-

2183 4005 2426 4075 στάμεθα
2453 4005 2660 4070 λοιπὸν,
2686 4009 2762 4074 ὡς
2785 4011 2883 4064 οὐκ
2904 4011 3117 4084 ἔχοντες
3155 4015 3352 4080 αὐτοὺς
3377 4018 3558 4071 δακεῖν
3579 4034 3592 4047 ·
3619 4018 3761 4072 οὕτω

2180 4093 2276 4145 καὶ
2310 4095 2338 4146 6
2367 4093 2633 4158 διάϐολος.

2249 4196 2315 4250 Τί
2355 4197 2570 4271 λέγεις;
2610 4203 2708 4272 οὐχ
2749 4203 2882 4274 ὁρᾷς
2917 4205 3046 4268 τοὺς
3088 4207 3146 4260 έν
3194 4209 3259 4279 τῇ
3295 4206 3537 4281 θαλάσσῃ
3571 4209 3756 4271 πλέοντ

2175 4299 2295 4348 τας,
2326 4284 2444 4343 πῶς
2477 4287 2538 4339 οὐ
2584 4289 2924 4360 φροντίζουσι
2958 4292 3280 4363 χρημάτων,
3310 4296 3578 4365 χειμῶνος
3605 4315 3752 4366 γινο-

2179 4370 2362 4438 μένου,
2387 4372 2524 4426 άλλά
2545 4376 2639 4428 καὶ
2668 4374 2737 4428 τὰ
2767 4375 2898 4430 ὄντα
2925 4378 3175 4449 ῥίπτουσι
3197 4396 3211 4444 ;
3236 4381 3331 4433 καὶ
3366 4382 3543 4446 οὐδεις
3579 4381 3752 4455 λέγει,

2179 4456 2245 4509 Τί
2307 4461 2521 4523 ποιεῖς,
2593 4460 2880 4532 ἄνθρωπες
2953 4464 3031 4535 τῷ
3093 4467 3325 4536 χειμῶνι
3375 4471 3751 4540 συμπράττεις

2174 4547 2269 4598 καλ⁵
2310 4545 2387 4616 τῷ
2408 4548 2684 4617 ναυαγίῳ;
2742 4551 2874 4619 πρὶν
2919 4552 2952 4622 ἦ
3001 4569 3060 4606 σε
3089 4553 3149 4607 τὸ
3199 4554 3354 4626 κῦμα
3389 4556 3481 4610 τὸν
3523 4558 3752 4616 πλοῦτον

2171 4631 2459 4702 ἀφέληται,
2505 4635 2568 4687 σὺ
2624 4638 2746 4700 ταῖς
2797 4638 2993 4691 σαυτοῦ
3056 4642 3213 4710 χερσὶ¹
3260 4641 3420 4697 τοῦτο
3451 4648 3655 4711 ποιεῖς;
3695 4646 3746 4700 τί

2169 4717 2278 4786 πρὸ
2336 4718 2430 4772 τοῦ
2484 4721 2743 4790 ναυαγίου
2793 4724 3038 4794 ναυαγίῳ
3103 4726 3451 4797 περιϐάλλεις
3512 4733 3743 4796 σαυτόν;

2181 4804 2339 4858 Ἀλλὰ
2357 4799 2647 4878 ταῦτα’μὲν
2673 4809 2739 4863 ἂν
2760 4809 2903 4864 εἴποι
2924 4811 3178 4881 ἄγροικος
3199 4813 3505 4883 ἄνθρωπος,
3529 4817 3744 4870 καὶτῶν

2166 4892 2224 4943 ἐν
2253 4891 2490 4967 θαλάττῃ
2541 4897 2866 4971 πειρασμῶν
2886 4898 3110 4974 ἄπειρος
3145 4916 3160 4930 ·
3195 4901 3223 4952 ό
3251 4901 3438 4971 μέντοι
3469 4906 3740 4967 ναυτικὸς,

2165 4979 2260 5031 καὶ
2291 4979 2342 5031 τί
2385 4981 2487 5050 μὲν
2533 4983 2824 5055 ἐργάζεται
2850 4985 3114 5056 γαλήνην,
3150 4986 3204 5038 τί
3237 4987 3292 5040 δὲ
3322 4992 3468 5042 ποιεῖ
3499 4991 3742 5060 χειμῶνα

2164 5067 2407 5136 ἀκριϐῶς
2430 5071 2810 5141 ἐπιστάμενος,
2845 5072 2938 5123 καὶ
2983 5074 3418 5141 καταγελάσεται
3447 5077 3541 5129 τοῦ
3571 5078 3742 5132 ταῦτα

2164 5151 2413 5219 λέγοντος
2435 5171 2456 5183 ⁸
2486 5155 2586 5209 Διά
2607 5158 2714 5227 γάρ
2740 5158 2896 5210 τοῦτο
2925 5158 3117 5229 ῥίπτω,
3156 5161 3339 5235 φησὶν,
3375 5163 3463 5216 ἴνα
3508 5164 3582 5235 μή
3613 5165 3742 5218 κλυο

2163 5237 2268 5290 δὼν
2297 5240 2540 5319 γένηται.
2605 5241 2766 5303 υύτω,
2790 5245 2887 5317 καὶ¹
2921 5247 2949 5297 6
2981 5233 3243 5322 ἔμπειρος
3294 5247 3404 5301 τῶν
3435 5233 3601 5321 ἐντῷ
3641 5250 3743 5322 βίῳ.

2163 5317 2503 5394 πραγμάτων
2524 5331 2743 5400 καὶτῶν
2762 5332 3101 5402 πειρασμῶν,
3124 5320 3251 5406 ὅταν
3274 5335 3358 5407 ἴδῃ
3380 5337 3469 5389 τὸν
3491 5339 3739 5408 χειμῶνα

2161 5412 2478 5478 ἐπιστάντα,
2503 5417 2594 5468 καὶ
2625 5417 2692 5469 τὰ
2715 5409 3056 5488 πνευματικὰ
3081 5421 3179 5489 τῆς
3197 5422 3460 5493 πονηρίας
3481 5425 3741 5492 ναυάγιον,

2164 5498 2500 5568 ἐργάσασθαι
2533 5502 2852 5574 βουλόμενα,
2884 5507 2980 5559 καὶ
3005 5506 3072 5560 τά
3098 5505 3354 5560 λείποντα
3379 5510 3488 5562 τῶν
3513 5511 3730 5582 χρημά-

2161 5603 2267 5638 τιον
2297 5588 2495 5659 ῥίπτει.
2540 5591 2787 5663 Ἐγένετο
2824 5592 2998 5663 κλοπή
3033 5610 3114 5646 σοι
3140 5633 3152 5655 ,
3188 5595 3412 5664 ποίησον
3432 5597 3731 5668 ἐλεημοσύο

2162 5691 2277 5745 νην,
2310 5677 2407 5730 καὶ
2439 5680 2712 5748 κουφίζεις
2755 5681 2813 5734 τὸ
2846 5681 3045 5739 πλοῖον.
3083 5682 3372 5753 Ἥρπασαν
3414 5687 3460 5739 οί
3499 5685 3731 5764 λῃσταί,
