4106 6208
363 275 467 335 ιιδ

366 397 589 461 propter
629 385 721 444 Dei
764 395 964 443 metum
986 430 1001 453 ,
1030 388 1280 458 quoniam
1308 397 1390 441 est
1419 385 1664 450 vetitum,
1693 381 1947 452 pecunias

364 495 467 535 non
499 478 773 549 accipere,
805 495 963 550 quam
997 479 1104 535 Deo
1134 492 1239 534 non
1264 475 1523 533 obedire?
1561 488 1741 545 parent
1778 471 1949 526 habes

363 572 666 628 mercedem
697 579 856 642 atque
895 570 986 625 ille
1021 570 1110 640 qui
1141 585 1233 624 eas
1258 568 1500 639 erogavit
1524 563 1868 638 pauperibus,
1898 560 1946 616 si

362 661 429 717 iis
464 662 678 718 amissis
715 661 914 732 gratias
938 660 1133 730 egeris,
1160 669 1214 714 et
1239 674 1361 714 cum
1390 672 1579 729 posses
1608 658 1686 712 ire
1714 655 1778 711 ad
1807 653 1945 708 divi-

360 763 597 820 ttatores,
618 752 918 809 sustinuisti
944 767 1036 808 eas
1059 752 1232 822 potius
1261 766 1367 805 non
1398 750 1663 819 accipere,
1683 763 1841 819 quam
1868 746 1947 801 sic

356 845 625 913 accipere.
655 844 787 899 Nam
815 844 950 899 sicut
977 844 1069 898 ille
1093 852 1313 913 propter
1339 840 1437 897 Dei
1466 851 1665 896 metum
1689 855 1782 894 eas
1810 838 1946 894 ellu-

355 937 437 992 dit
466 937 518 992 in
544 952 744 1007 egenos
770 941 873 992 :ita
903 945 959 992 ttt
985 952 1197 1008 quoque
1221 944 1438 1006 propter
1465 935 1556 990 Dei
1579 944 1798 998 metum,
1821 948 1944 988 cum

357 1029 433 1091 illi
459 1029 787 1096 rapuissent,
818 1045 923 1084 non
953 1028 1226 1097 recepisti.
1263 1027 1319 1082 In
1362 1036 1545 1083 nostra
1570 1034 1655 1081 est
1683 1033 1944 1096 potestate

357 1129 414 1175 ut
436 1120 519 1175 vel
541 1135 637 1175 nos
660 1119 805 1195 ipsos
825 1121 1017 1188 injuria
1038 1120 1354 1185 afficiamus,
1381 1119 1467 1175 vel
1497 1132 1601 1174 non
1627 1135 1640 1172 :
1665 1118 1717 1173 in
1745 1116 1943 1172 nullius

353 1220 535 1268 autem
571 1212 813 1283 alterius.
858 1212 926 1268 Et
952 1214 995 1268 si
1023 1214 1182 1267 vultis
1201 1253 1217 1277 ,
1245 1214 1297 1268 in
1324 1213 1441 1284 ipso
1466 1212 1607 1268 furto
1632 1225 1746 1267 rem
1770 1213 1944 1282 agite-

354 1318 495 1356 mus.
529 1301 637 1358 Fur
662 1318 872 1361 murum
899 1304 1188 1374 perfregit,
1224 1303 1510 1359 thalamum
1538 1313 1621 1359 est
1650 1305 1939 1375 ingressus,

354 1409 481 1449 vasa
521 1395 823 1465 exportavit
849 1410 1008 1453 aurea
1039 1396 1212 1466 magni
1244 1396 1436 1466 pretii,
1463 1405 1517 1452 et
1540 1411 1779 1466 gemmas
1819 1411 1941 1467 pre-

355 1476 567 1550 tiosas;
592 1494 648 1539 et
676 1494 733 1539 ut
761 1486 931 1540 semel
956 1485 1127 1540 dicam
1147 1526 1164 1554 ,
1205 1487 1470 1558 integrum
1501 1487 1701 1542 amovit
1728 1487 1941 1542 thesau-

355 1590 515 1640 rum,
568 1590 668 1632 nec
718 1576 814 1631 fuit
875 1576 1316 1647 comprehensus.
1372 1576 1546 1634 Grave
1590 1577 1803 1648 quidem
1858 1584 1945 1633 est

351 1665 496 1733 quod
545 1664 742 1731 factum
788 1676 891 1734 est,
923 1677 979 1722 et
1020 1666 1217 1729 damno
1258 1682 1378 1723 esse
1418 1683 1507 1727 res
1543 1667 1774 1734 videtur,
1807 1682 1943 1723 non-

352 1757 482 1810 dum
512 1766 594 1811 est
621 1765 837 1824 autem;
878 1757 973 1813 sed
1020 1758 1074 1813 in
1114 1768 1167 1814 te
1201 1758 1363 1814 situm
1406 1767 1491 1815 est
1529 1767 1588 1815 ut
1632 1759 1684 1814 id
1731 1759 1804 1815 sit
1842 1759 1940 1814 tibi

354 1852 443 1910 vel
491 1850 686 1907 damno
728 1853 812 1913 vel
860 1852 1029 1913 luero.
1075 1852 1145 1909 Et
1184 1852 1483 1924 quomodo,
1528 1853 1717 1924 inquit,
1763 1862 1940 1925 potest

355 1941 464 2003 hoc
491 1956 612 1998 esse
634 1942 818 2005 lucro?
848 1943 961 2014 Ego
986 1943 1207 2000 tentabo
1228 1945 1515 2001 ostendere
1538 1943 1829 2016 quomodo.
1860 1944 1940 2002 Te

353 2033 573 2088 Valente
618 2032 722 2089 erit
759 2049 1009 2105 magnum
1052 2035 1280 2100 lucrum,
1305 2045 1362 2091 et
1389 2036 1434 2091 si
1462 2035 1735 2102 nolueris,
1766 2034 1941 2106 majus

351 2124 611 2179 damnum
651 2139 811 2193 quam
853 2124 996 2196 quod
1043 2125 1163 2187 fuit.
1206 2124 1339 2181 Nam
1377 2125 1593 2182 sicutin
1618 2126 1939 2193 artiﬁcibus,

348 2212 593 2284 subjecta
618 2213 863 2277 materia.
896 2214 942 2275 is
978 2215 1193 2286 quidem
1223 2217 1312 2286 qui
1338 2225 1418 2273 est
1442 2215 1648 2288 peritus
1675 2218 1808 2273 artis
1826 2258 1841 2283 ,
1873 2232 1938 2274 ea

349 2306 422 2369 ad
464 2304 609 2376 quod
649 2315 862 2377 oportet
899 2308 1099 2376 utitur;
1144 2307 1425 2379 imperitus
1459 2318 1635 2365 autem
1672 2311 1850 2381 perdit
1884 2320 1940 2367 et

348 2398 668 2467 corrumpit,
700 2408 755 2454 et
784 2407 841 2453 ut
871 2398 973 2454 sibi
1001 2398 1199 2455 damno
1223 2400 1294 2453 sit
1314 2400 1479 2455 ellieit
1510 2418 1525 2455 :
1557 2401 1629 2455 ita
1670 2403 1831 2457 etiam
1880 2403 1936 2457 itt

351 2491 436 2554 his
464 2490 644 2546 rebus.
669 2487 951 2558 Quomodo
974 2506 1103 2561 ergo
1122 2492 1225 2547 erit
1252 2491 1496 2547 lucrum?
1526 2492 1580 2548 Si
1609 2493 1719 2548 Deo
1736 2495 1936 2564 gratias

349 2582 550 2651 egeris,
575 2584 619 2637 si
648 2598 755 2638 non
783 2583 967 2653 lugeas
992 2599 1092 2642 nec
1118 2585 1307 2654 ejules,
1339 2584 1386 2639 si
1410 2584 1527 2639 Jobi
1556 2586 1716 2641 verba
1742 2586 1888 2642 dicas
1917 2605 1932 2643 :

348 2671 605 2728 Dominus
631 2674 791 2739 dedit,
820 2673 1069 2735 Dominus
1097 2675 1303 2731 abstulit
1325 2671 1344 2732 Ξ
1378 2676 1547 2733 nudus
1573 2693 1686 2731 sunt
1711 2694 1936 2749 (gressus

348 2780 415 2825 ea:
442 2774 586 2818 utero
610 2766 789 2820 matris
814 2780 958 2833 mare,
988 2765 1156 2825 nudus
1191 2766 1344 2820 etiam
1380 2767 1526 2821 abibo
1552 2768 1570 2836 (
1593 2765 1692 2821 Job
1721 2769 1772 2822 l.
1800 2767 1863 2823 Ἡ
1890 2771 1932 2839 ).

348 2853 488 2920 Quid
532 2852 690 2920 dicis,
736 2853 995 2910 Dominus
1037 2853 1295 2913 abstulit?
1338 2854 1421 2912 fur
1456 2856 1696 2921 abstulit,
1723 2865 1779 2913 et
1798 2872 1938 2929 quo-

349 2945 516 3007 mndo
556 2946 778 3015 poteris,
808 2947 997 3017 inquit,
1028 2947 1230 3014 dicere,
1270 2948 1528 3005 Dominus
1559 2949 1819 3006 abstulit?
1859 2950 1935 3007 Ne

350 3036 565 3102 mireris
593 3055 607 3091 :
636 3038 833 3093 etenim
861 3037 961 3094 Job
978 3054 1099 3109 qua:
1117 3039 1362 3094 diabolus
1387 3040 1624 3108 abstulit,
1648 3041 1743 3106 Ea,
1776 3041 1931 3109 dixit,

351 3126 605 3189 Dominus
632 3128 857 3183 abstulit.
897 3130 953 3185 Si
983 3127 1167 3186 autem
1196 3130 1286 3186 ille
1312 3131 1391 3187 sic
1417 3146 1580 3187 ausus
1604 3143 1687 3188 est
1712 3133 1894 3190 dicere
1915 3174 1931 3200 ,
1966 3169 1988 3192 .

349 3219 622 3288 quomodo
646 3234 765 3288 quae
796 3218 1123 3289 fur‘accepit,
1146 3236 1251 3277 non
1278 3220 1425 3277 dices
1449 3222 1736 3279 abstulisse
1764 3224 1935 3280 Domi-

350 3310 519 3363 num?
545 3309 717 3376 Quem
744 3311 977 3377 miraris,
1003 3311 1315 3382 dic,qua:so,
1343 3329 1537 3370 eumne
1560 3315 1647 3385 qui
1678 3329 1772 3370 sua
1801 3316 1936 3372 etfu-

349 3402 427 3466 dit
453 3404 507 3456 in
534 3417 827 3473 pauperes,
856 3418 925 3458 an
949 3402 1139 3459 Jobum
1171 3412 1390 3475 propter
1416 3404 1534 3461 haec
1565 3406 1763 3463 verba?
1804 3423 1931 3463 nutu

350 3495 439 3549 ille
467 3497 556 3565 qui
586 3506 712 3550 tunc
740 3510 846 3550 non
875 3495 1043 3560 dedit,
1068 3495 1245 3551 minus
1275 3497 1435 3553 habet
1458 3512 1617 3568 quam
1647 3500 1735 3570 qui
1763 3499 1932 3555 dede-

350 3586 516 3641 runt?
538 3586 616 3641 Ne
641 3587 805 3653 dicas,
834 3587 950 3641 Non
983 3587 1151 3643 habeo
1175 3588 1434 3659 gratiam;
1462 3604 1567 3643 non
1594 3604 1658 3644 ex
1687 3590 1791 3645 mei
1813 3591 1932 3645 ani-

348 3677 421 3741 mi
447 3677 719 3731 sententia
744 3690 831 3733 res
852 3676 951 3732 fuit
976 3692 991 3730 :
1020 3692 1108 3733 me
1134 3693 1233 3733 nec
1255 3678 1460 3734 sciente
1485 3693 1583 3733 nec
1613 3680 1826 3735 volente
1850 3679 1935 3736 fur

348 3769 599 3838 accepit:
631 3783 877 3838 quamam
924 3768 1026 3825 erit
1067 3769 1307 3825 merces?
1354 3769 1537 3839 Neque
1583 3772 1787 3826 sciente
1834 3786 1934 3827 nec

348 3860 562 3914 volente
581 3857 720 3914 .lobo
742 3858 854 3914 Inec
873 3858 1082 3929 accepit
1105 3877 1119 3913 :
1142 3858 1409 3929 quomodo
1428 3859 1612 3914 enim?
1637 3862 1731 3915 sed
1756 3870 1931 3919 tamen

350 3950 666 4005 decertavit.
697 3949 846 4005 Licet
870 3960 1049 4005 autem
1090 3949 1183 4005 tibi
1223 3958 1422 4005 tantam
1450 3950 1696 4021 accipere
1722 3968 1930 4009 merce.

349 4042 495 4108 dem,
526 4051 776 4111 quantam
797 4044 841 4097 si
862 4057 955 4098 eas
981 4052 1068 4098 tua
1091 4052 1283 4112 sponte
1310 4042 1622 4114 abjeeisses.
1652 4045 1721 4101 Et
1740 4048 1932 4104 merito

352 4132 493 4195 hunc
519 4134 690 4205 magis
713 4133 1040 4193 admiramur
1068 4133 1158 4205 qui
1181 4134 1403 4204 injurias
1429 4146 1582 4206 grato
1603 4134 1704 4192 fert
1726 4138 1929 4208 animo,

349 4239 508 4290 quam
535 4238 658 4277 eum
681 4221 769 4292 qui
801 4222 891 4278 dat
911 4237 1007 4279 sua
1031 4232 1241 4294 sponte.
1280 4223 1496 4293 Quare?
1538 4225 1800 4295 Quoniam
1847 4228 1933 4285 hic

258 4324 271 4329 '
349 4316 566 4385 quidem
606 4314 852 4371 laudibus
887 4317 1047 4371 alitur
1074 4323 1131 4373 et
1153 4317 1500 4386 conscientia,
1530 4328 1585 4373 et
1614 4317 1809 4375 bonam
1838 4321 1935 4379 ha-

349 4408 437 4468 bet
468 4424 642 4479 spem,
671 4418 728 4465 et
752 4424 872 4464 cum
899 4410 1141 4480 pecuniae
1170 4411 1521 4479 privationem
1552 4412 1699 4482 prius
1723 4413 1934 4471 fortiter

348 4500 579 4566 tulisset,
610 4510 738 4554 tunc
763 4515 880 4555 eam
914 4499 1111 4569 abjecit
1138 4516 1152 4553 :
1185 4499 1277 4557 ille
1300 4510 1431 4557 Vero
1453 4543 1469 4569 ,
1496 4517 1618 4559 cum
1648 4503 1727 4559 eis
1758 4503 1935 4561 adhuc

344 4599 495 4645 esset
537 4590 823 4661 alligatus,
861 4591 911 4647 vi
955 4591 1054 4646 fuit
1093 4592 1371 4663 spoliatus.
1415 4593 1531 4650 Non
1579 4605 1705 4651 sunt
1751 4606 1930 4657 autem

345 4683 516 4750 paria,
539 4697 661 4743 eum
689 4683 836 4754 prius
861 4683 1026 4746 fueris
1043 4699 1331 4756 persuasus
1353 4696 1411 4741 ut
1435 4702 1464 4740 a
1495 4690 1732 4757 pecuniis
1761 4689 1935 4746 disce-

343 4772 524 4838 dcres,
548 4788 641 4828 eas
668 4774 739 4832 ita
759 4774 1031 4838 eﬂ'udisse,
1054 4785 1110 4831 et
1135 4790 1258 4835 cum
1287 4791 1377 4831 eas
1400 4776 1577 4833 adhuc
1606 4780 1929 4849 possideres,

344 4865 427 4918 eis
470 4878 591 4919 esse
630 4866 911 4935 privatum.
959 4860 1014 4922 Si
1060 4867 1175 4921 ltaee
1221 4866 1383 4922 verba
1427 4867 1661 4935 dixeris,
1703 4871 1932 4940 accipies

348 4956 729 5027 multiplicata,
782 4968 840 5014 et
885 4960 1044 5030 longe
1099 4962 1255 5030 plura
1308 4977 1470 5031 quam
1500 4961 1621 5016 .lob.
1651 4961 1788 5017 Nam
1837 4963 1929 5022 ille

347 5046 573 5115 quidem
616 5048 704 5102 hic
748 5049 958 5119 accepit
997 5049 1231 5119 duplicia
1270 5049 1385 5119 (Job
1434 5050 1565 5121 42);
1601 5051 1701 5107 tibi
1745 5061 1926 5108 autem

348 5138 605 5194 Christus
651 5139 742 5194 hic
785 5140 1055 5210 pollicitus
1108 5149 1192 5197 est
1242 5142 1578 5213 centuplum.
1637 5142 1753 5201 Non
1814 5144 1929 5199 ωε,

345 5229 647 5297 sphemasti
674 5240 896 5300 propter
933 5240 1140 5298 metum
1172 5232 1288 5295 Dei,
1311 5247 1422 5287 non
1462 5247 1595 5289 usus
1627 5247 1687 5288 es
1722 5232 1930 5288 divina-

347 5320 579 5385 t-iribus,
611 5321 809 5391 gratias
853 5322 1011 5391 egisti
1051 5322 1206 5377 malis
1260 5322 1489 5377 allectus
1513 5322 1537 5376 ?
1565 5337 1626 5378 es
1650 5323 1850 5379 similis
1877 5322 1927 5377 ei

339 5410 443 5478 qui
485 5409 727 5480 despexit
776 5430 790 5466 :
835 5412 1039 5467 etenim
1084 5412 1207 5467 haec-
1250 5428 1362 5467 non
1416 5412 1554 5467 fiunt
1607 5412 1716 5468 nisi
1779 5413 1929 5482 prius

339 5501 686 5570 despexeris.
724 5502 845 5558 Non
885 5513 1013 5559 sunt
1040 5512 1220 5560 autem
1265 5505 1433 5574 paria,
1464 5504 1637 5559 multo
1686 5514 1929 5574 tempore

339 5592 600 5655 meditari
632 5593 910 5665 despicere
937 5596 1218 5667 pecunias,
1242 5603 1299 5650 et
1333 5595 1475 5651 ferre
1492 5596 1750 5651 damnum
1784 5596 1926 5665 quod

316 5692 572 5765 repente
620 5684 894 5755 acciderit.
949 5687 1037 5754 Sic
1081 5686 1340 5755 damnum
1387 5684 1619 5758 edicitur
1669 5685 1878 5742 lucrum
1911 5728 1924 5753 ,

1151 273 1219 332 IN
1257 272 1470 332 EPIST.
1515 271 1531 326 Ι
1598 271 1688 328 AD
1725 264 2054 327 TllESS.\L.
2083 265 2231 323 CAP.
2264 264 2348 324 ill.
2388 267 2622 326 IIOMIL.
2653 271 2742 327 Ill.

3520 276 3630 333 ΔΗ

2055 386 2108 433 et
2134 380 2271 435 nihil
2303 389 2355 436 te
2390 382 2564 449 laedet,
2596 384 2689 439 sed
2730 383 2894 440 etiam
2939 386 3033 442 tibi
3077 388 3319 459 proderit
3356 390 3625 448 diabolus.

2127 470 2181 525 ϐ.
2243 468 2525 536 Quomodo
2586 480 2765 527 autem
2818 473 2876 527 lit
2923 476 3085 530 etiam
3130 492 3292 548 grave
3338 480 3635 540 damnum?

2052 557 2277 627 Quando
2322 560 2576 616 damnum
2608 565 2883 631 acceperit
2924 568 3123 622 anima.
3167 568 3259 625 Dic
3286 571 3427 626 enim
3459 574 3633 634 mihi:

2053 647 2138 703 fur
2176 658 2228 706 te
2267 652 2493 721 privavit
2535 654 2773 723 pecuniis
2793 655 2818 707 Ἰ
2846 662 2898 710 ιιι
2935 672 3034 712 cur
3059 666 3111 713 te
3136 658 3308 729 ipsum
3338 663 3520 732 privas
3548 681 3636 722 sa-

2051 739 2201 796 lute?
2235 756 2402 812 quare
2430 742 2618 799 dolens
2650 753 2867 815 propter
2903 749 3039 802 tnala
3078 766 3198 820 quae
3243 766 3429 821 passus
3467 772 3528 812 es
3567 760 3637 812 ah

2051 829 2190 895 aliis,
2227 831 2341 901 ipse
2384 841 2435 889 te
2478 833 2532 888 itt
2576 835 2728 903 plura
2772 837 2911 891 mala
2958 837 3170 910 injicis‘!
3200 841 3294 897 Ille
3323 852 3376 901 te
3404 845 3635 905 fortasse

2049 923 2276 994 conjeeit
2307 926 2358 979 in
2388 936 2788 997 paupertatem;
2838 939 2891 985 ttt
2925 941 2976 987 te
3002 943 3183 990 autem
3226 940 3457 996 maxime
3483 940 3635 1000 laedis

2049 1016 2104 1072 iu
2127 1018 2404 1090 praecipuis
2436 1020 2565 1076 :ille
2591 1030 2643 1077 te
2665 1025 2904 1080 externis
2932 1027 3162 1095 privavit
3191 1030 3551 1100 facultatibus,
3580 1048 3636 1091 et

2047 1122 2169 1178 quae
2195 1110 2279 1165 vel
2309 1122 2360 1167 te
2385 1112 2552 1167 invito
2570 1123 2693 1169 sunt
2713 1124 2899 1184 postea
2923 1118 3238 1189 resilitune;
3273 1131 3327 1178 tu
3348 1137 3525 1181 autem
3552 1128 3634 1182 di-

2049 1199 2201 1254 vitias
2228 1208 2460 1257 aeternas
2491 1203 2583 1257 tibi
2620 1203 2724 1275 ipsi
2760 1204 2971 1261 adimis.
3001 1207 3077 1265 Te
3104 1211 3347 1268 diabolus
3372 1216 3631 1273 modestia

2045 1291 2225 1349 affecit
2265 1293 2459 1350 ablatis
2501 1298 2781 1367 pecuniis?
2816 1300 2990 1370 ipsum
3034 1313 3091 1357 ιιι
3131 1319 3342 1376 quoque
3386 1309 3631 1365 molestia

2045 1383 2200 1439 attice
2224 1386 2426 1454 gratias
2449 1402 2645 1458 agens;
2678 1403 2746 1445 ne
2773 1391 2823 1446 ei
2846 1391 3084 1449 lzetitiam
3109 1395 3304 1453 alferas
3328 1415 3343 1453 :
3371 1400 3419 1454 si
3446 1416 3540 1457 eas
3562 1404 3631 1458 ad

2044 1473 2395 1543 divinatores,
2422 1476 2602 1533 laetitia
2633 1479 2832 1546 amcis;
2862 1483 2905 1538 si
2941 1483 3051 1540 Deo
3076 1501 3202 1557 agas
3228 1491 3462 1560 gratias,
3496 1493 3630 1549 leta-

2044 1562 2150 1655 lem
2178 1564 2383 1635 plagam
2419 1567 2468 1623 ei
2508 1568 2723 1638 inﬂigis.
2766 1570 2899 1628 Vide
2928 1584 3106 1631 autem
3136 1579 3263 1648 quid
3291 1580 3418 1635 fiat:
3454 1598 3631 1655 neque

2045 1654 2189 1723 ipsas
2236 1656 2498 1726 invenies,
2529 1660 2573 1714 si
2614 1661 2775 1717 iveris
2804 1664 2869 1718 ad
2900 1665 3260 1737 divinatores;
3306 1687 3413 1728 non
3454 1654 3631 1745 potest

2042 1747 2185 1801 enim
2224 1762 2345 1804 esse
2385 1759 2443 1804 ut
2486 1750 2559 1806 illi
2604 1752 2804 1820 sciant;
2846 1755 2989 1826 quod
3036 1757 3082 1813 si
3129 1759 3289 1816 etiam
3332 1763 3623 1836 aliquando

2042 1852 2172 1893 casu
2224 1838 2493 1907 dixerint,
2548 1852 2603 1899 et
2652 1844 2887 1901 animam
2930 1858 3187 1918 prmterea
3243 1854 3441 1923 perdis,
3480 1868 3533 1914 et
3587 1875 3620 1919 a

2044 1925 2299 1985 fratribus
2328 1931 2432 1985 tuis
2462 1930 2792 2001 irrideberis,
2824 1947 2877 1990 et
2906 1951 2997 1992 eas
3023 1954 3215 1996 rursus
3243 1944 3385 2000 male
3413 1947 3625 2016 perdes.

2043 2018 2263 2076 Daemon
2300 2023 2443 2079 enim
2484 2024 2661 2079 sciens
2701 2034 2754 2082 to
2788 2042 2894 2081 non
2934 2044 3090 2099 aequo
3126 2033 3305 2090 animo
3349 2035 3491 2094 ferre
3528 2039 3627 2094 da-

2042 2124 2249 2179 mnum,
2277 2110 2371 2167 sed
2398 2126 2496 2184 pro
2523 2112 2607 2169 his
2632 2117 2794 2174 etiam
2823 2117 2987 2173 Deum
3017 2129 3164 2177 tuum
3192 2138 3408 2195 negare,
3438 2144 3627 2187 rursus

2041 2201 2135 2256 dat
2175 2203 2447 2272 pecunias.
2477 2212 2536 2259 ut
2564 2204 2758 2263 habeat
2782 2213 3120 2267 occasionem
3153 2222 3208 2268 te
3247 2215 3545 2287 decipiendi
3573 2232 3627 2279 et

2042 2291 2309 2353 efﬁciendi
2340 2303 2399 2350 ut
2426 2294 2667 2353 delicias.
2698 2297 2851 2371 quod
2882 2301 2926 2356 si
2957 2301 3117 2358 etiam
3150 2303 3331 2363 dicant
3355 2307 3624 2369 divinato-

2041 2401 2160 2454 res,
2192 2401 2261 2442 ne
2290 2388 2556 2444 miremini
2588 2408 2606 2447 :
2635 2390 2845 2448 daemon
2890 2404 2973 2450 est
3018 2396 3368 2473 incorporeus
3390 2443 3407 2469 ,
3448 2407 3626 2461 omnis

2041 2477 2155 2533 obit
2175 2477 2322 2534 orbis
2346 2488 2545 2549 partes,
2572 2481 2687 2553 ipse
2713 2493 2886 2538 armat
2906 2484 3141 2542 latrones
3171 2505 3186 2542 :
3212 2505 3316 2545 non
3345 2493 3487 2548 enim
3510 2493 3626 2551 lucc

2041 2568 2176 2625 fiunt
2213 2571 2417 2643 absque
2443 2572 2708 2631 daemone.
2737 2575 2795 2631 Si
2824 2592 2952 2648 ergo
2981 2593 3076 2634 eos
3101 2590 3308 2648 armat,
3334 2583 3435 2639 scit
3462 2587 3623 2642 etiam

2040 2662 2133 2718 tibi
2163 2663 2269 2719 illa:
2307 2674 2433 2720 sunt
2472 2667 2724 2738 reposita:
2754 2685 2768 2723 :
2794 2684 2899 2724 non
2932 2670 3143 2741 ignorat
3169 2686 3297 2729 suos
3324 2676 3621 2733 ministros.

2041 2754 2159 2811 Non
2204 2763 2288 2815 est
2330 2766 2508 2813 autem
2554 2758 2657 2813 hoe
2701 2759 2894 2814 mirum
2925 2779 2939 2816 :
2969 2762 3014 2816 si
3057 2771 3109 2817 te
3137 2763 3331 2819 viderit
3368 2766 3625 2826 damnum

2040 2861 2185 2918 :cgre
2211 2846 2494 2915 ferentem,
2526 2860 2583 2904 et
2610 2850 2837 2905 alterum
2864 2850 3052 2910 sileret
3083 2856 3107 2905 :'
3129 2853 3174 2911 si
3201 2863 3252 2910 te
3283 2855 3476 2911 viderit
3503 2858 3626 2915 irri-

2039 2937 2257 2993 dentem
2305 2946 2362 2994 et
2405 2937 2813 3008 despicientem,
2843 2941 2910 2996 ab
2937 2940 3036 2998 hac
3064 2943 3150 2998 via
3190 2944 3426 3001 recedet.
3473 2946 3625 3004 Sicut

2039 3030 2184 3084 enim
2212 3043 2310 3084 nos
2331 3030 2397 3084 iis
2425 3029 2686 3085 aftieimus
2708 3032 2952 3089 inimicos
2975 3034 3168 3107 quibus
3187 3051 3280 3091 eos
3302 3040 3622 3111 pungimus;

2038 3118 2315 3175 sinautem
2342 3117 2631 3175 viderimus
2656 3136 2868 3179 cosnuu
2896 3123 3101 3195 dolere,
3127 3124 3382 3198 deinceps
3410 3128 3625 3187 desisti-

2039 3224 2179 3277 mus,
2197 3219 2253 3264 ut
2273 3211 2363 3281 qui
2388 3226 2493 3265 non
2514 3213 2776 3282 possimus
2799 3214 3045 3272 mordere
3061 3233 3075 3271 :
3090 3218 3161 3273 ita
3180 3219 3339 3274 etiam
3355 3219 3621 3279 diabolus.

2111 3299 2366 3356 Pecunias
2412 3312 2728 3359 contemnere
2765 3306 2965 3362 suadet.
2985 3338 3056 3349 —
3084 3308 3220 3376 Quid
3248 3310 3420 3367 dicis?
3445 3328 3624 3370 annon

2041 3395 2194 3452 vides
2238 3410 2333 3452 eos
2366 3397 2457 3467 qui
2499 3397 2550 3451 in
2597 3398 2730 3454 mari
2774 3402 3045 3473 navigant,
3076 3406 3345 3474 quomodo
3375 3410 3626 3479 pecunias

2040 3501 2146 3541 non
2172 3494 2364 3542 curent
2389 3487 2433 3542 si
2463 3496 2580 3542 orta
2606 3488 2677 3545 sit
2702 3497 2994 3561 tempestas
3015 3533 3031 3559 ,
3062 3495 3157 3549 sed
3189 3496 3348 3552 etiam
3380 3514 3505 3556 suas
3531 3501 3625 3555 ab-

2033 3581 2223 3650 jiciant
2246 3579 2564 3635 facultates?
2586 3589 2641 3636 et
2670 3597 2829 3638 nemo
2847 3584 2993 3650 dicit,
3017 3585 3154 3654 Quid
3183 3585 3333 3655 facis,
3362 3604 3396 3644 ο
3426 3591 3626 3648 homo?

2039 3680 2094 3729 tu
2121 3687 2243 3727 cum
2273 3681 2589 3742 tempestate
2614 3672 2747 3729 facis
2766 3684 2819 3730 et
2839 3675 3157 3748 naufragio?
3185 3679 3492 3751 priusquam
3522 3683 3625 3739 llu-

2037 3772 2155 3818 ctus
2183 3761 2278 3818 tibi
2303 3761 2564 3818 ademerit
2584 3762 2815 3829 divitias,
2841 3773 2896 3820 tu
2925 3765 3029 3821 tuis
3055 3769 3299 3824 manibus
3331 3769 3433 3826 hoc
3457 3768 3625 3831 facis?

2038 3872 2134 3912 cur
2161 3865 2286 3911 ante
2317 3854 2652 3927 naufragium
2696 3866 2748 3913 te
2787 3857 2841 3912 in
2888 3861 3227 3931 naulragium
3270 3860 3481 3933 injicis?
3518 3864 3623 3922 Sed

2039 3946 2155 4003 lucc
2182 3945 2398 4018 quidem
2427 3946 2627 4002 dixerit
2666 3949 2928 4017 rusticus,
2961 3962 3018 4007 et
3062 3953 3227 4009 maris
3266 3956 3621 4024 procellarum

2039 4039 2256 4111 ignarus
2285 4055 2300 4094 :
2330 4038 2407 4095 rei
2433 4049 2610 4095 autem
2641 4042 2871 4097 nauticae
2894 4044 3116 4113 peritus,
3141 4054 3196 4101 et
3219 4047 3308 4116 qui
3337 4047 3439 4102 scit
3462 4064 3624 4105 accu-

2037 4141 2153 4187 rate
2174 4130 2303 4202 qttid
2330 4130 2527 4186 efficiat
2557 4132 2997 4202 tranquillitatem
3022 4175 3038 4201 ,
3070 4135 3195 4205 quid
3225 4146 3621 4205 tempestatem,

2036 4235 2160 4275 eum
2188 4222 2279 4290 qui
2310 4221 2428 4276 hinc
2452 4220 2582 4276 dicit
2607 4222 2769 4277 etiam
2799 4223 3044 4279 irridebit
3074 4242 3087 4277 :
3116 4224 3405 4294 Propterea
3433 4228 3576 4282 enim
3602 4270 3622 4295 ,

2038 4311 2231 4382 inquit,
2254 4311 2416 4381 jacio,
2444 4325 2513 4366 ne
2541 4309 2735 4366 ﬂuctus
2762 4312 3010 4368 obruant.
3054 4312 3128 4369 ιω
3158 4314 3320 4370 etiam
3359 4332 3538 4371 rerum
3571 4330 3623 4375 ct

2040 4401 2393 4459 tentatiouum
2417 4415 2535 4471 quae
2557 4400 2611 4455 in
2634 4400 2736 4457 hac
2755 4411 2885 4462 sunt
2909 4403 3010 4458 vita
3035 4405 3260 4475 peritus,
3283 4422 3404 4462 cum
3426 4408 3625 4467 viderit

2039 4492 2322 4548 imminere
2362 4499 2758 4562 tempestatem,
2786 4503 2841 4550 et
2868 4495 3163 4565 spiritualia
3206 4499 3459 4568 nequitiae
3503 4516 3623 4573 qua:

2040 4587 2231 4642 volunt
2260 4584 2437 4640 facere
2464 4584 2800 4656 naufragium
2823 4627 2840 4652 ,
2871 4587 3055 4656 abjieit
3079 4587 3221 4659 quod
3251 4598 3336 4645 est
3358 4591 3623 4663 reliquum

2038 4678 2300 4750 pecunias.
2335 4677 2642 4735 Admissum
2667 4686 2750 4734 est
2779 4679 2831 4733 in
2860 4687 2912 4735 te
2942 4679 3183 4736 furtum?
3211 4681 3294 4738 fac
3316 4684 3621 4761 cleemosy-

2039 4787 2184 4835 nam,
2216 4779 2270 4826 et
2294 4771 2465 4835 levius
2486 4770 2668 4826 reddis
2694 4772 2984 4843 navigium.
3016 4772 3326 4843 llapuerunt
3350 4777 3624 4837 latrones?

2041 4872 2094 4921 tu
2120 4863 2334 4918 Christo
2363 4862 2431 4918 da
2456 4862 2752 4933 reliquias:
2785 4863 2865 4919 sie
2901 4879 3019 4919 eam
3059 4880 3180 4936 qua:
3220 4868 3372 4938 prius
3418 4872 3625 4928 exstitit

2039 4956 2305 5013 solaberis
2326 4964 2713 5027 paupertatem.
2731 4954 2925 5012 Levius
2946 4955 3111 5015 redde
3135 4960 3425 5032 navigium,
3453 4977 3518 5017 ne
3540 4979 3625 5019 rc-

2040 5046 2211 5101 tineas
2232 5060 2294 5100 ea
2320 5061 2440 5115 quae
2468 5056 2800 5112 manserunt,
2834 5063 2903 5103 ne
2923 5048 3121 5120 scapha
3151 5050 3430 5106 obruatur.
3462 5051 3538 5108 Illi
3571 5064 3628 5110 ut

2038 5147 2256 5195 servent
2288 5152 2545 5209 corpora,
2573 5140 2796 5210 ejiciunt
2838 5143 3247 5214 supellcctilem,
3287 5160 3389 5200 nec
3428 5160 3625 5217 exspe-

2038 5238 2188 5286 ctant
2228 5229 2355 5285 dum
2395 5230 2654 5301 ingruens
2688 5230 2883 5289 ﬂuctus
2919 5244 3128 5289 evertat
3155 5237 3409 5307 scapham
3442 5258 3455 5294 :
3486 5248 3539 5292 tu
3569 5250 3628 5294 ιιι

2037 5335 2221 5377 serves
2248 5320 2474 5387 animas,
2500 5336 2605 5375 non
2628 5323 2891 5390 reprimes
2919 5321 3289 5392 naufragium?
3317 5326 3619 5383 Periculum

2038 5410 2371 5480 facite.rogo,
2400 5411 2443 5466 si
2467 5426 2572 5466 non
2599 5412 2853 5477 credatis,
2882 5421 2936 5467 et
2967 5412 3217 5470 videbitis
3242 5415 3467 5488 gloriam
3501 5419 3619 5476 Dei.

2037 5505 2261 5575 Quando
2283 5506 2374 5562 tibi
2400 5506 2598 5577 aliquid
2621 5507 2830 5562 molesti
2849 5508 3151 5578 contigerit,
3170 5508 3234 5564 da
3267 5513 3444 5568 statim
3472 5514 3624 5572 eice-

2038 5612 2313 5670 tnosynam
2340 5638 2355 5666 ,
2383 5600 2581 5670 gratias
2626 5614 2723 5670 age
2768 5599 2911 5671 quod
2958 5602 3279 5673 contigerit;
3320 5614 3376 5661 et
3418 5605 3623 5663 videbis

2040 5698 2294 5771 quantum
2341 5689 2529 5748 subeat
2575 5691 2842 5767 gaudium.
2894 5692 3122 5751 Lucrum
3151 5698 3291 5753 cuint
3320 5696 3619 5777 spirituale.
