  <div class='ocr_page' id='page_1' title='image "/cluster/home/n/w/nwhite01/storage/ocr_20150623/62/hvd.32044054086319/419.png"; bbox 0 0 4106 6208; ppageno 0'>
   <div class='ocr_carea' id='block_1_1' title="bbox 504 183 611 239">
    <p class='ocr_par' dir='ltr' id='par_1_1' title="bbox 504 183 611 239">
     <span class='ocr_line' id='line_1_1' title="bbox 504 183 611 239; baseline 0 0"><span class='ocrx_word' id='word_1_1' title='bbox 504 183 611 239; x_wconf 64' lang='grc' dir='ltr'><strong>ιιι</strong></span> 
     </span>
    </p>
   </div>
   <div class='ocr_carea' id='block_1_2' title="bbox 503 293 2083 366">
    <p class='ocr_par' dir='ltr' id='par_1_2' title="bbox 503 293 2083 366">
     <span class='ocr_line' id='line_1_2' title="bbox 503 293 2083 366; baseline 0.001 -16"><span class='ocrx_word' id='word_1_2' title='bbox 503 293 708 351; x_wconf 84' lang='lat' dir='ltr'><strong>etiamsi</strong></span> <span class='ocrx_word' id='word_1_3' title='bbox 738 294 810 350; x_wconf 89' lang='lat' dir='ltr'><strong>sit</strong></span> <span class='ocrx_word' id='word_1_4' title='bbox 835 308 1080 366; x_wconf 85' lang='lat' dir='ltr'><strong>parvum,</strong></span> <span class='ocrx_word' id='word_1_5' title='bbox 1112 304 1316 352; x_wconf 86' lang='lat' dir='ltr'><strong>tantum</strong></span> <span class='ocrx_word' id='word_1_6' title='bbox 1342 304 1425 350; x_wconf 83' lang='lat' dir='ltr'><strong>est</strong></span> <span class='ocrx_word' id='word_1_7' title='bbox 1447 305 1504 350; x_wconf 95' lang='lat' dir='ltr'><strong>ut</strong></span> <span class='ocrx_word' id='word_1_8' title='bbox 1528 310 1689 350; x_wconf 89' lang='lat' dir='ltr'><strong>omne</strong></span> <span class='ocrx_word' id='word_1_9' title='bbox 1717 294 2010 350; x_wconf 72' lang='lat' dir='ltr'><strong>abscondat</strong></span> <span class='ocrx_word' id='word_1_10' title='bbox 2027 303 2083 351; x_wconf 83' lang='lat' dir='ltr'><strong>et</strong></span> 
     </span>
    </p>
   </div>
   <div class='ocr_carea' id='block_1_3' title="bbox 503 384 2079 457">
    <p class='ocr_par' dir='ltr' id='par_1_3' title="bbox 503 384 2079 457">
     <span class='ocr_line' id='line_1_3' title="bbox 503 384 2079 457; baseline -0.001 -16"><span class='ocrx_word' id='word_1_11' title='bbox 503 387 754 441; x_wconf 84' lang='lat' dir='ltr'><strong>obscuret</strong></span> <span class='ocrx_word' id='word_1_12' title='bbox 792 385 1043 440; x_wconf 84' lang='lat' dir='ltr'><strong>damnum</strong></span> <span class='ocrx_word' id='word_1_13' title='bbox 1079 387 1381 457; x_wconf 76' lang='lat' dir='ltr'><strong>corporale.</strong></span> <span class='ocrx_word' id='word_1_14' title='bbox 1423 385 1684 454; x_wconf 82' lang='lat' dir='ltr'><strong>Quamdiu</strong></span> <span class='ocrx_word' id='word_1_15' title='bbox 1727 384 1892 440; x_wconf 86' lang='lat' dir='ltr'><strong>habes</strong></span> <span class='ocrx_word' id='word_1_16' title='bbox 1936 388 2079 455; x_wconf 81' lang='lat' dir='ltr'><strong>quod</strong></span> 
     </span>
    </p>
   </div>
   <div class='ocr_carea' id='block_1_4' title="bbox 500 477 2081 548">
    <p class='ocr_par' dir='ltr' id='par_1_4' title="bbox 500 477 2081 548">
     <span class='ocr_line' id='line_1_4' title="bbox 500 477 2081 548; baseline 0.001 -17"><span class='ocrx_word' id='word_1_17' title='bbox 500 477 598 531; x_wconf 88' lang='lat' dir='ltr'><strong>des</strong></span> <span class='ocrx_word' id='word_1_18' title='bbox 619 477 853 544; x_wconf 81' lang='lat' dir='ltr'><strong>Christo,</strong></span> <span class='ocrx_word' id='word_1_19' title='bbox 880 493 942 533; x_wconf 90' lang='lat' dir='ltr'><strong>es</strong></span> <span class='ocrx_word' id='word_1_20' title='bbox 969 479 1140 534; x_wconf 88' lang='lat' dir='ltr'><strong>dives.</strong></span> <span class='ocrx_word' id='word_1_21' title='bbox 1172 479 1498 548; x_wconf 73' lang='lat' dir='ltr'><strong>Dic,qua:so,</strong></span> <span class='ocrx_word' id='word_1_22' title='bbox 1527 478 1572 532; x_wconf 89' lang='lat' dir='ltr'><strong>si</strong></span> <span class='ocrx_word' id='word_1_23' title='bbox 1605 477 1697 532; x_wconf 89' lang='lat' dir='ltr'><strong>tibi</strong></span> <span class='ocrx_word' id='word_1_24' title='bbox 1724 477 2081 547; x_wconf 85' lang='lat' dir='ltr'><strong>spoliatorex</strong></span> 
     </span>
    </p>
   </div>
   <div class='ocr_carea' id='block_1_5' title="bbox 500 568 2069 638">
    <p class='ocr_par' dir='ltr' id='par_1_5' title="bbox 500 568 2069 638">
     <span class='ocr_line' id='line_1_5' title="bbox 500 568 2069 638; baseline 0.002 -17"><span class='ocrx_word' id='word_1_25' title='bbox 500 568 765 625; x_wconf 81' lang='lat' dir='ltr'><strong>accedens</strong></span> <span class='ocrx_word' id='word_1_26' title='bbox 792 584 1006 624; x_wconf 88' lang='lat' dir='ltr'><strong>manum</strong></span> <span class='ocrx_word' id='word_1_27' title='bbox 1034 569 1236 636; x_wconf 89' lang='lat' dir='ltr'><strong>tendat,</strong></span> <span class='ocrx_word' id='word_1_28' title='bbox 1265 583 1461 637; x_wconf 84' lang='lat' dir='ltr'><strong>rogans</strong></span> <span class='ocrx_word' id='word_1_29' title='bbox 1491 579 1551 622; x_wconf 92' lang='lat' dir='ltr'><strong>ut</strong></span> <span class='ocrx_word' id='word_1_30' title='bbox 1578 583 1608 622; x_wconf 89' lang='lat' dir='ltr'><strong>a</strong></span> <span class='ocrx_word' id='word_1_31' title='bbox 1636 578 1687 623; x_wconf 92' lang='lat' dir='ltr'><strong>te</strong></span> <span class='ocrx_word' id='word_1_32' title='bbox 1714 568 1912 638; x_wconf 91' lang='lat' dir='ltr'><strong>aliquid</strong></span> <span class='ocrx_word' id='word_1_33' title='bbox 1941 568 2069 624; x_wconf 81' lang='lat' dir='ltr'><strong>acci-</strong></span> 
     </span>
    </p>
   </div>
   <div class='ocr_carea' id='block_1_6' title="bbox 502 657 2080 729">
    <p class='ocr_par' dir='ltr' id='par_1_6' title="bbox 502 657 2080 729">
     <span class='ocr_line' id='line_1_6' title="bbox 502 657 2080 729; baseline 0.003 -19"><span class='ocrx_word' id='word_1_34' title='bbox 502 659 634 729; x_wconf 84' lang='lat' dir='ltr'><strong>piat,</strong></span> <span class='ocrx_word' id='word_1_35' title='bbox 660 674 841 715; x_wconf 85' lang='lat' dir='ltr'><strong>annon</strong></span> <span class='ocrx_word' id='word_1_36' title='bbox 882 670 933 714; x_wconf 89' lang='lat' dir='ltr'><strong>te</strong></span> <span class='ocrx_word' id='word_1_37' title='bbox 970 658 1362 713; x_wconf 80' lang='lat' dir='ltr'><strong>existimaveris</strong></span> <span class='ocrx_word' id='word_1_38' title='bbox 1387 659 1627 715; x_wconf 89' lang='lat' dir='ltr'><strong>omnium</strong></span> <span class='ocrx_word' id='word_1_39' title='bbox 1666 658 2009 725; x_wconf 84' lang='lat' dir='ltr'><strong>ditissimum,</strong></span> <span class='ocrx_word' id='word_1_40' title='bbox 2033 657 2080 715; x_wconf 97' lang='lat' dir='ltr'><strong>si</strong></span> 
     </span>
    </p>
   </div>
   <div class='ocr_carea' id='block_1_7' title="bbox 502 751 2080 820">
    <p class='ocr_par' dir='ltr' id='par_1_7' title="bbox 502 751 2080 820">
     <span class='ocr_line' id='line_1_7' title="bbox 502 751 2080 820; baseline 0.001 -17"><span class='ocrx_word' id='word_1_41' title='bbox 502 767 571 806; x_wconf 91' lang='lat' dir='ltr'><strong>ne</strong></span> <span class='ocrx_word' id='word_1_42' title='bbox 599 760 717 819; x_wconf 89' lang='lat' dir='ltr'><strong>post</strong></span> <span class='ocrx_word' id='word_1_43' title='bbox 757 761 954 805; x_wconf 84' lang='lat' dir='ltr'><strong>tantam</strong></span> <span class='ocrx_word' id='word_1_44' title='bbox 981 751 1193 820; x_wconf 84' lang='lat' dir='ltr'><strong>quidem</strong></span> <span class='ocrx_word' id='word_1_45' title='bbox 1225 760 1591 819; x_wconf 90' lang='lat' dir='ltr'><strong>paupertatem</strong></span> <span class='ocrx_word' id='word_1_46' title='bbox 1637 752 1713 806; x_wconf 91' lang='lat' dir='ltr'><strong>tui</strong></span> <span class='ocrx_word' id='word_1_47' title='bbox 1760 751 1954 820; x_wconf 82' lang='lat' dir='ltr'><strong>pudeat</strong></span> <span class='ocrx_word' id='word_1_48' title='bbox 1996 765 2080 805; x_wconf 91' lang='lat' dir='ltr'><strong>re-</strong></span> 
     </span>
    </p>
   </div>
   <div class='ocr_carea' id='block_1_8' title="bbox 498 840 2079 911">
    <p class='ocr_par' dir='ltr' id='par_1_8' title="bbox 498 840 2079 911">
     <span class='ocr_line' id='line_1_8' title="bbox 498 840 2079 911; baseline 0.001 -16"><span class='ocrx_word' id='word_1_49' title='bbox 498 842 660 910; x_wconf 76' lang='lat' dir='ltr'><strong>gem?</strong></span> <span class='ocrx_word' id='word_1_50' title='bbox 687 841 763 896; x_wconf 87' lang='lat' dir='ltr'><strong>Ne</strong></span> <span class='ocrx_word' id='word_1_51' title='bbox 788 841 1106 910; x_wconf 85' lang='lat' dir='ltr'><strong>abripiaris;</strong></span> <span class='ocrx_word' id='word_1_52' title='bbox 1156 850 1209 896; x_wconf 90' lang='lat' dir='ltr'><strong>te</strong></span> <span class='ocrx_word' id='word_1_53' title='bbox 1247 842 1421 895; x_wconf 89' lang='lat' dir='ltr'><strong>solum</strong></span> <span class='ocrx_word' id='word_1_54' title='bbox 1466 844 1681 911; x_wconf 86' lang='lat' dir='ltr'><strong>su&#39;pera,</strong></span> <span class='ocrx_word' id='word_1_55' title='bbox 1712 851 1766 896; x_wconf 88' lang='lat' dir='ltr'><strong>et</strong></span> <span class='ocrx_word' id='word_1_56' title='bbox 1801 840 2079 910; x_wconf 87' lang='lat' dir='ltr'><strong>superahis</strong></span> 
     </span>
    </p>
   </div>
   <div class='ocr_carea' id='block_1_9' title="bbox 500 931 2077 1002">
    <p class='ocr_par' dir='ltr' id='par_1_9' title="bbox 500 931 2077 1002">
     <span class='ocr_line' id='line_1_9' title="bbox 500 931 2077 1002; baseline -0.003 -12"><span class='ocrx_word' id='word_1_57' title='bbox 500 933 720 999; x_wconf 82' lang='lat' dir='ltr'><strong>insidias</strong></span> <span class='ocrx_word' id='word_1_58' title='bbox 743 932 961 988; x_wconf 88' lang='lat' dir='ltr'><strong>diaboli.</strong></span> <span class='ocrx_word' id='word_1_59' title='bbox 1004 931 1155 989; x_wconf 82' lang='lat' dir='ltr'><strong>Licet</strong></span> <span class='ocrx_word' id='word_1_60' title='bbox 1183 931 1279 987; x_wconf 84' lang='lat' dir='ltr'><strong>tibi</strong></span> <span class='ocrx_word' id='word_1_61' title='bbox 1310 946 1500 1002; x_wconf 89' lang='lat' dir='ltr'><strong>magna</strong></span> <span class='ocrx_word' id='word_1_62' title='bbox 1540 932 1756 987; x_wconf 88' lang='lat' dir='ltr'><strong>lucrari.</strong></span> <span class='ocrx_word' id='word_1_63' title='bbox 1801 932 2077 1001; x_wconf 60' lang='lat' dir='ltr'><strong>Despicia.</strong></span> 
     </span>
    </p>
   </div>
   <div class='ocr_carea' id='block_1_10' title="bbox 497 1020 2076 1092">
    <p class='ocr_par' dir='ltr' id='par_1_10' title="bbox 497 1020 2076 1092">
     <span class='ocr_line' id='line_1_10' title="bbox 497 1020 2076 1092; baseline -0.001 -14"><span class='ocrx_word' id='word_1_64' title='bbox 497 1040 616 1079; x_wconf 90' lang='lat' dir='ltr'><strong>mus</strong></span> <span class='ocrx_word' id='word_1_65' title='bbox 657 1023 888 1088; x_wconf 71' lang='lat' dir='ltr'><strong>divitias,</strong></span> <span class='ocrx_word' id='word_1_66' title='bbox 920 1032 979 1078; x_wconf 91' lang='lat' dir='ltr'><strong>ut</strong></span> <span class='ocrx_word' id='word_1_67' title='bbox 1017 1039 1085 1078; x_wconf 90' lang='lat' dir='ltr'><strong>ne</strong></span> <span class='ocrx_word' id='word_1_68' title='bbox 1126 1022 1485 1092; x_wconf 86' lang='lat' dir='ltr'><strong>despiciamus</strong></span> <span class='ocrx_word' id='word_1_69' title='bbox 1510 1024 1767 1077; x_wconf 83' lang='lat' dir='ltr'><strong>animum.</strong></span> <span class='ocrx_word' id='word_1_70' title='bbox 1797 1020 2076 1088; x_wconf 86' lang='lat' dir='ltr'><strong>Quomodo</strong></span> 
     </span>
    </p>
   </div>
   <div class='ocr_carea' id='block_1_11' title="bbox 495 1112 2075 1184">
    <p class='ocr_par' dir='ltr' id='par_1_11' title="bbox 495 1112 2075 1184">
     <span class='ocr_line' id='line_1_11' title="bbox 495 1112 2075 1184; baseline -0.003 -13"><span class='ocrx_word' id='word_1_71' title='bbox 495 1123 677 1171; x_wconf 83' lang='lat' dir='ltr'><strong>autem</strong></span> <span class='ocrx_word' id='word_1_72' title='bbox 717 1113 1069 1184; x_wconf 85' lang='lat' dir='ltr'><strong>despexeris?</strong></span> <span class='ocrx_word' id='word_1_73' title='bbox 1098 1112 1213 1168; x_wconf 82' lang='lat' dir='ltr'><strong>Non</strong></span> <span class='ocrx_word' id='word_1_74' title='bbox 1241 1113 1431 1168; x_wconf 84' lang='lat' dir='ltr'><strong>videtis</strong></span> <span class='ocrx_word' id='word_1_75' title='bbox 1458 1113 1711 1182; x_wconf 68' lang='lat' dir='ltr'><strong>przcclara</strong></span> <span class='ocrx_word' id='word_1_76' title='bbox 1744 1127 1992 1181; x_wconf 88' lang='lat' dir='ltr'><strong>corpora,</strong></span> <span class='ocrx_word' id='word_1_77' title='bbox 2019 1120 2075 1167; x_wconf 88' lang='lat' dir='ltr'><strong>ct</strong></span> 
     </span>
    </p>
   </div>
   <div class='ocr_carea' id='block_1_12' title="bbox 492 1204 2072 1275">
    <p class='ocr_par' dir='ltr' id='par_1_12' title="bbox 492 1204 2072 1275">
     <span class='ocr_line' id='line_1_12' title="bbox 492 1204 2072 1275; baseline -0.002 -14"><span class='ocrx_word' id='word_1_78' title='bbox 492 1219 588 1261; x_wconf 89' lang='lat' dir='ltr'><strong>eos</strong></span> <span class='ocrx_word' id='word_1_79' title='bbox 622 1205 712 1275; x_wconf 92' lang='lat' dir='ltr'><strong>qui</strong></span> <span class='ocrx_word' id='word_1_80' title='bbox 750 1205 891 1275; x_wconf 87' lang='lat' dir='ltr'><strong>capti</strong></span> <span class='ocrx_word' id='word_1_81' title='bbox 926 1211 1051 1259; x_wconf 90' lang='lat' dir='ltr'><strong>sunt</strong></span> <span class='ocrx_word' id='word_1_82' title='bbox 1086 1218 1276 1259; x_wconf 86' lang='lat' dir='ltr'><strong>eorum</strong></span> <span class='ocrx_word' id='word_1_83' title='bbox 1317 1219 1522 1270; x_wconf 88' lang='lat' dir='ltr'><strong>amore,</strong></span> <span class='ocrx_word' id='word_1_84' title='bbox 1565 1204 1817 1274; x_wconf 81' lang='lat' dir='ltr'><strong>quamdiu</strong></span> <span class='ocrx_word' id='word_1_85' title='bbox 1858 1204 2072 1274; x_wconf 86' lang='lat' dir='ltr'><strong>quidem</strong></span> 
     </span>
    </p>
   </div>
   <div class='ocr_carea' id='block_1_13' title="bbox 493 1295 2070 1368">
    <p class='ocr_par' dir='ltr' id='par_1_13' title="bbox 493 1295 2070 1368">
     <span class='ocr_line' id='line_1_13' title="bbox 493 1295 2070 1368; baseline -0.001 -16"><span class='ocrx_word' id='word_1_86' title='bbox 493 1306 618 1352; x_wconf 91' lang='lat' dir='ltr'><strong>sunt</strong></span> <span class='ocrx_word' id='word_1_87' title='bbox 657 1299 709 1351; x_wconf 93' lang='lat' dir='ltr'><strong>in</strong></span> <span class='ocrx_word' id='word_1_88' title='bbox 752 1305 1066 1368; x_wconf 88' lang='lat' dir='ltr'><strong>conspectu,</strong></span> <span class='ocrx_word' id='word_1_89' title='bbox 1094 1295 1404 1352; x_wconf 86' lang='lat' dir='ltr'><strong>accenditur</strong></span> <span class='ocrx_word' id='word_1_90' title='bbox 1429 1297 1588 1366; x_wconf 80' lang='lat' dir='ltr'><strong>ignis,</strong></span> <span class='ocrx_word' id='word_1_91' title='bbox 1621 1296 1859 1366; x_wconf 78' lang='lat' dir='ltr'><strong>exsurgit</strong></span> <span class='ocrx_word' id='word_1_92' title='bbox 1886 1296 2070 1367; x_wconf 71' lang='lat' dir='ltr'><strong>splen-</strong></span> 
     </span>
    </p>
   </div>
   <div class='ocr_carea' id='block_1_14' title="bbox 491 1386 2073 1458">
    <p class='ocr_par' dir='ltr' id='par_1_14' title="bbox 491 1386 2073 1458">
     <span class='ocr_line' id='line_1_14' title="bbox 491 1386 2073 1458; baseline -0.001 -15"><span class='ocrx_word' id='word_1_93' title='bbox 491 1388 616 1444; x_wconf 91' lang='lat' dir='ltr'><strong>dida</strong></span> <span class='ocrx_word' id='word_1_94' title='bbox 663 1387 907 1452; x_wconf 79' lang='lat' dir='ltr'><strong>ﬂamma;</strong></span> <span class='ocrx_word' id='word_1_95' title='bbox 956 1395 1237 1458; x_wconf 87' lang='lat' dir='ltr'><strong>postquam</strong></span> <span class='ocrx_word' id='word_1_96' title='bbox 1280 1396 1458 1443; x_wconf 89' lang='lat' dir='ltr'><strong>autem</strong></span> <span class='ocrx_word' id='word_1_97' title='bbox 1498 1389 1762 1458; x_wconf 82' lang='lat' dir='ltr'><strong>quispiam</strong></span> <span class='ocrx_word' id='word_1_98' title='bbox 1791 1403 1852 1443; x_wconf 87' lang='lat' dir='ltr'><strong>ea</strong></span> <span class='ocrx_word' id='word_1_99' title='bbox 1884 1386 2073 1457; x_wconf 87' lang='lat' dir='ltr'><strong>procul</strong></span> 
     </span>
    </p>
   </div>
   <div class='ocr_carea' id='block_1_15' title="bbox 492 1477 2071 1548">
    <p class='ocr_par' dir='ltr' id='par_1_15' title="bbox 492 1477 2071 1548">
     <span class='ocr_line' id='line_1_15' title="bbox 492 1477 2071 1548; baseline -0.002 -12"><span class='ocrx_word' id='word_1_100' title='bbox 492 1477 812 1545; x_wconf 80' lang='lat' dir='ltr'><strong>abduxerit,</strong></span> <span class='ocrx_word' id='word_1_101' title='bbox 852 1478 1115 1534; x_wconf 86' lang='lat' dir='ltr'><strong>exstincta</strong></span> <span class='ocrx_word' id='word_1_102' title='bbox 1138 1486 1263 1533; x_wconf 90' lang='lat' dir='ltr'><strong>sunt</strong></span> <span class='ocrx_word' id='word_1_103' title='bbox 1288 1479 1466 1533; x_wconf 86' lang='lat' dir='ltr'><strong>omnia</strong></span> <span class='ocrx_word' id='word_1_104' title='bbox 1492 1486 1549 1534; x_wconf 91' lang='lat' dir='ltr'><strong>et</strong></span> <span class='ocrx_word' id='word_1_105' title='bbox 1572 1478 1782 1548; x_wconf 82' lang='lat' dir='ltr'><strong>sOpita?</strong></span> <span class='ocrx_word' id='word_1_106' title='bbox 1809 1478 1884 1533; x_wconf 89' lang='lat' dir='ltr'><strong>lta</strong></span> <span class='ocrx_word' id='word_1_107' title='bbox 1908 1479 2071 1533; x_wconf 88' lang='lat' dir='ltr'><strong>etiam</strong></span> 
     </span>
    </p>
   </div>
   <div class='ocr_carea' id='block_1_16' title="bbox 489 1569 2068 1640">
    <p class='ocr_par' dir='ltr' id='par_1_16' title="bbox 489 1569 2068 1640">
     <span class='ocr_line' id='line_1_16' title="bbox 489 1569 2068 1640; baseline -0.002 -14"><span class='ocrx_word' id='word_1_108' title='bbox 489 1572 545 1631; x_wconf 90' lang='lat' dir='ltr'><strong>in</strong></span> <span class='ocrx_word' id='word_1_109' title='bbox 573 1570 772 1626; x_wconf 81' lang='lat' dir='ltr'><strong>divitiis</strong></span> <span class='ocrx_word' id='word_1_110' title='bbox 799 1588 815 1625; x_wconf 91' lang='lat'><strong>:</strong></span> <span class='ocrx_word' id='word_1_111' title='bbox 840 1584 999 1625; x_wconf 91' lang='lat' dir='ltr'><strong>nemo</strong></span> <span class='ocrx_word' id='word_1_112' title='bbox 1022 1585 1212 1626; x_wconf 82' lang='lat' dir='ltr'><strong>aurum</strong></span> <span class='ocrx_word' id='word_1_113' title='bbox 1239 1570 1338 1625; x_wconf 90' lang='lat' dir='ltr'><strong>sibi</strong></span> <span class='ocrx_word' id='word_1_114' title='bbox 1367 1578 1661 1639; x_wconf 85' lang='lat' dir='ltr'><strong>comparet,</strong></span> <span class='ocrx_word' id='word_1_115' title='bbox 1684 1585 1843 1626; x_wconf 89' lang='lat' dir='ltr'><strong>nemo</strong></span> <span class='ocrx_word' id='word_1_116' title='bbox 1864 1569 2068 1640; x_wconf 76' lang='lat' dir='ltr'><strong>lapides</strong></span> 
     </span>
    </p>
   </div>
   <div class='ocr_carea' id='block_1_17' title="bbox 503 1663 3581 1691">
    <p class='ocr_par' dir='ltr' id='par_1_17' title="bbox 503 1663 3581 1691">
     <span class='ocr_line' id='line_1_17' title="bbox 503 1663 3581 1691; baseline 0 -8"><span class='ocrx_word' id='word_1_117' title='bbox 503 1663 3581 1691; x_wconf 50' lang='lat' dir='ltr'><strong>NW</strong></span> 
     </span>
    </p>
   </div>
   <div class='ocr_carea' id='block_1_18' title="bbox 1283 180 3094 250">
    <p class='ocr_par' dir='ltr' id='par_1_18' title="bbox 1283 180 3094 250">
     <span class='ocr_line' id='line_1_18' title="bbox 1283 180 3094 250; baseline 0.005 -9"><span class='ocrx_word' id='word_1_118' title='bbox 1283 182 1343 241; x_wconf 79' lang='lat'><strong>3.</strong></span> <span class='ocrx_word' id='word_1_119' title='bbox 1384 182 1662 241; x_wconf 76' lang='lat' dir='ltr'><strong>JOANNIS</strong></span> <span class='ocrx_word' id='word_1_120' title='bbox 1696 180 2168 240; x_wconf 73' lang='lat' dir='ltr'><strong>CIIRYSOSTOMI</strong></span> <span class='ocrx_word' id='word_1_121' title='bbox 2205 184 2522 243; x_wconf 75' lang='lat' dir='ltr'><strong>ARCHIEP.</strong></span> <span class='ocrx_word' id='word_1_122' title='bbox 2560 186 3094 250; x_wconf 69' lang='lat' dir='ltr'><strong>CONSTANTINOP.</strong></span> 
     </span>
    </p>
   </div>
   <div class='ocr_carea' id='block_1_19' title="bbox 2197 298 3770 377">
    <p class='ocr_par' dir='ltr' id='par_1_19' title="bbox 2197 298 3770 377">
     <span class='ocr_line' id='line_1_19' title="bbox 2197 298 3770 377; baseline 0.016 -25"><span class='ocrx_word' id='word_1_123' title='bbox 2197 298 2459 370; x_wconf 86' lang='lat' dir='ltr'><strong>pretiosos</strong></span> <span class='ocrx_word' id='word_1_124' title='bbox 2477 341 2494 368; x_wconf 92' lang='lat'><strong>,</strong></span> <span class='ocrx_word' id='word_1_125' title='bbox 2537 316 2696 357; x_wconf 84' lang='lat' dir='ltr'><strong>nemo</strong></span> <span class='ocrx_word' id='word_1_126' title='bbox 2724 311 2941 374; x_wconf 85' lang='lat' dir='ltr'><strong>torques</strong></span> <span class='ocrx_word' id='word_1_127' title='bbox 2966 315 3019 360; x_wconf 90' lang='lat' dir='ltr'><strong>et</strong></span> <span class='ocrx_word' id='word_1_128' title='bbox 3044 307 3263 364; x_wconf 89' lang='lat' dir='ltr'><strong>monilia</strong></span> <span class='ocrx_word' id='word_1_129' title='bbox 3294 326 3309 364; x_wconf 89' lang='lat'><strong>:</strong></span> <span class='ocrx_word' id='word_1_130' title='bbox 3338 325 3401 366; x_wconf 85' lang='lat' dir='ltr'><strong>ea</strong></span> <span class='ocrx_word' id='word_1_131' title='bbox 3429 313 3557 370; x_wconf 91' lang='lat' dir='ltr'><strong>dum</strong></span> <span class='ocrx_word' id='word_1_132' title='bbox 3583 318 3770 377; x_wconf 83' lang='lat' dir='ltr'><strong>viden-</strong></span> 
     </span>
    </p>
   </div>
   <div class='ocr_carea' id='block_1_20' title="bbox 2188 390 3768 475">
    <p class='ocr_par' dir='ltr' id='par_1_20' title="bbox 2188 390 3768 475">
     <span class='ocr_line' id='line_1_20' title="bbox 2188 390 3768 475; baseline 0.018 -34"><span class='ocrx_word' id='word_1_133' title='bbox 2188 395 2291 454; x_wconf 90' lang='lat' dir='ltr'><strong>tur,</strong></span> <span class='ocrx_word' id='word_1_134' title='bbox 2325 390 2566 447; x_wconf 89' lang='lat' dir='ltr'><strong>inescant</strong></span> <span class='ocrx_word' id='word_1_135' title='bbox 2592 394 2796 448; x_wconf 89' lang='lat' dir='ltr'><strong>oculos.</strong></span> <span class='ocrx_word' id='word_1_136' title='bbox 2827 395 2883 451; x_wconf 89' lang='lat' dir='ltr'><strong>Si</strong></span> <span class='ocrx_word' id='word_1_137' title='bbox 2909 399 2987 451; x_wconf 91' lang='lat' dir='ltr'><strong>vis</strong></span> <span class='ocrx_word' id='word_1_138' title='bbox 3010 414 3130 455; x_wconf 89' lang='lat' dir='ltr'><strong>esse</strong></span> <span class='ocrx_word' id='word_1_139' title='bbox 3148 400 3300 457; x_wconf 88' lang='lat' dir='ltr'><strong>dives</strong></span> <span class='ocrx_word' id='word_1_140' title='bbox 3326 412 3383 458; x_wconf 91' lang='lat' dir='ltr'><strong>ut</strong></span> <span class='ocrx_word' id='word_1_141' title='bbox 3413 416 3637 475; x_wconf 82' lang='lat' dir='ltr'><strong>veteres,</strong></span> <span class='ocrx_word' id='word_1_142' title='bbox 3661 428 3768 470; x_wconf 88' lang='lat' dir='ltr'><strong>non</strong></span> 
     </span>
    </p>
   </div>
   <div class='ocr_carea' id='block_1_21' title="bbox 2188 479 3766 562">
    <p class='ocr_par' dir='ltr' id='par_1_21' title="bbox 2188 479 3766 562">
     <span class='ocr_line' id='line_1_21' title="bbox 2188 479 3766 562; baseline 0.016 -29"><span class='ocrx_word' id='word_1_143' title='bbox 2188 479 2240 534; x_wconf 93' lang='lat' dir='ltr'><strong>in</strong></span> <span class='ocrx_word' id='word_1_144' title='bbox 2267 497 2400 537; x_wconf 89' lang='lat' dir='ltr'><strong>auro</strong></span> <span class='ocrx_word' id='word_1_145' title='bbox 2423 484 2675 551; x_wconf 89' lang='lat' dir='ltr'><strong>ditescas,</strong></span> <span class='ocrx_word' id='word_1_146' title='bbox 2703 487 2798 541; x_wconf 81' lang='lat' dir='ltr'><strong>sed</strong></span> <span class='ocrx_word' id='word_1_147' title='bbox 2830 488 2885 543; x_wconf 90' lang='lat' dir='ltr'><strong>in</strong></span> <span class='ocrx_word' id='word_1_148' title='bbox 2922 490 3084 545; x_wconf 88' lang='lat' dir='ltr'><strong>rebus</strong></span> <span class='ocrx_word' id='word_1_149' title='bbox 3123 500 3457 562; x_wconf 82' lang='lat' dir='ltr'><strong>necessariis,</strong></span> <span class='ocrx_word' id='word_1_150' title='bbox 3504 510 3558 554; x_wconf 92' lang='lat' dir='ltr'><strong>ut</strong></span> <span class='ocrx_word' id='word_1_151' title='bbox 3606 504 3766 558; x_wconf 87' lang='lat' dir='ltr'><strong>etiam</strong></span> 
     </span>
    </p>
   </div>
   <div class='ocr_carea' id='block_1_22' title="bbox 2184 574 3771 650">
    <p class='ocr_par' dir='ltr' id='par_1_22' title="bbox 2184 574 3771 650">
     <span class='ocr_line' id='line_1_22' title="bbox 2184 574 3771 650; baseline 0.018 -27"><span class='ocrx_word' id='word_1_152' title='bbox 2184 580 2367 640; x_wconf 89' lang='lat' dir='ltr'><strong>parata</strong></span> <span class='ocrx_word' id='word_1_153' title='bbox 2397 574 2520 629; x_wconf 88' lang='lat' dir='ltr'><strong>aliis</strong></span> <span class='ocrx_word' id='word_1_154' title='bbox 2545 575 2911 634; x_wconf 85' lang='lat' dir='ltr'><strong>distribuenda</strong></span> <span class='ocrx_word' id='word_1_155' title='bbox 2943 580 3178 650; x_wconf 84' lang='lat' dir='ltr'><strong>habeas;</strong></span> <span class='ocrx_word' id='word_1_156' title='bbox 3224 601 3292 642; x_wconf 85' lang='lat' dir='ltr'><strong>ne</strong></span> <span class='ocrx_word' id='word_1_157' title='bbox 3317 594 3647 647; x_wconf 84' lang='lat' dir='ltr'><strong>ornamentis</strong></span> <span class='ocrx_word' id='word_1_158' title='bbox 3671 595 3771 650; x_wconf 75' lang='lat' dir='ltr'><strong>de-</strong></span> 
     </span>
    </p>
   </div>
   <div class='ocr_carea' id='block_1_23' title="bbox 2185 663 3765 750">
    <p class='ocr_par' dir='ltr' id='par_1_23' title="bbox 2185 663 3765 750">
     <span class='ocr_line' id='line_1_23' title="bbox 2185 663 3765 750; baseline 0.015 -33"><span class='ocrx_word' id='word_1_159' title='bbox 2185 663 2399 720; x_wconf 89' lang='lat' dir='ltr'><strong>lecteris</strong></span> <span class='ocrx_word' id='word_1_160' title='bbox 2428 683 2442 720; x_wconf 91' lang='lat'><strong>:</strong></span> <span class='ocrx_word' id='word_1_161' title='bbox 2472 668 2735 736; x_wconf 88' lang='lat' dir='ltr'><strong>ejusmodi</strong></span> <span class='ocrx_word' id='word_1_162' title='bbox 2772 671 2972 727; x_wconf 63' lang='lat' dir='ltr'><strong>divitiae</strong></span> <span class='ocrx_word' id='word_1_163' title='bbox 2999 683 3183 743; x_wconf 88' lang='lat' dir='ltr'><strong>patent</strong></span> <span class='ocrx_word' id='word_1_164' title='bbox 3221 678 3429 734; x_wconf 86' lang='lat' dir='ltr'><strong>insidiis</strong></span> <span class='ocrx_word' id='word_1_165' title='bbox 3456 681 3723 740; x_wconf 83' lang='lat' dir='ltr'><strong>latronum</strong></span> <span class='ocrx_word' id='word_1_166' title='bbox 3747 726 3765 750; x_wconf 89' lang='lat'><strong>,</strong></span> 
     </span>
    </p>
   </div>
   <div class='ocr_carea' id='block_1_24' title="bbox 2183 756 3769 831">
    <p class='ocr_par' dir='ltr' id='par_1_24' title="bbox 2183 756 3769 831">
     <span class='ocr_line' id='line_1_24' title="bbox 2183 756 3769 831; baseline 0.013 -22"><span class='ocrx_word' id='word_1_167' title='bbox 2183 763 2241 810; x_wconf 88' lang='lat' dir='ltr'><strong>et</strong></span> <span class='ocrx_word' id='word_1_168' title='bbox 2282 756 2436 812; x_wconf 89' lang='lat' dir='ltr'><strong>nobis</strong></span> <span class='ocrx_word' id='word_1_169' title='bbox 2483 759 2722 829; x_wconf 71' lang='lat' dir='ltr'><strong>przebent</strong></span> <span class='ocrx_word' id='word_1_170' title='bbox 2764 763 3169 821; x_wconf 84' lang='lat' dir='ltr'><strong>sollicitudines.</strong></span> <span class='ocrx_word' id='word_1_171' title='bbox 3212 766 3329 824; x_wconf 81' lang='lat' dir='ltr'><strong>Non</strong></span> <span class='ocrx_word' id='word_1_172' title='bbox 3358 785 3482 825; x_wconf 80' lang='lat' dir='ltr'><strong>vasa</strong></span> <span class='ocrx_word' id='word_1_173' title='bbox 3512 787 3672 828; x_wconf 86' lang='lat' dir='ltr'><strong>aurea</strong></span> <span class='ocrx_word' id='word_1_174' title='bbox 3711 789 3769 831; x_wconf 85' lang='lat' dir='ltr'><strong>et</strong></span> 
     </span>
    </p>
   </div>
   <div class='ocr_carea' id='block_1_25' title="bbox 2181 850 3761 930">
    <p class='ocr_par' dir='ltr' id='par_1_25' title="bbox 2181 850 3761 930">
     <span class='ocr_line' id='line_1_25' title="bbox 2181 850 3761 930; baseline 0.015 -33"><span class='ocrx_word' id='word_1_175' title='bbox 2181 856 2433 914; x_wconf 87' lang='lat' dir='ltr'><strong>argentea</strong></span> <span class='ocrx_word' id='word_1_176' title='bbox 2463 850 2709 918; x_wconf 86' lang='lat' dir='ltr'><strong>posside;</strong></span> <span class='ocrx_word' id='word_1_177' title='bbox 2754 853 2850 908; x_wconf 89' lang='lat' dir='ltr'><strong>sed</strong></span> <span class='ocrx_word' id='word_1_178' title='bbox 2890 855 2999 911; x_wconf 90' lang='lat' dir='ltr'><strong>sint</strong></span> <span class='ocrx_word' id='word_1_179' title='bbox 3035 857 3312 926; x_wconf 71' lang='lat' dir='ltr'><strong>apotheca:</strong></span> <span class='ocrx_word' id='word_1_180' title='bbox 3343 860 3619 930; x_wconf 80' lang='lat' dir='ltr'><strong>frumenti,</strong></span> <span class='ocrx_word' id='word_1_181' title='bbox 3652 865 3761 921; x_wconf 79' lang='lat' dir='ltr'><strong>riui</strong></span> 
     </span>
    </p>
   </div>
   <div class='ocr_carea' id='block_1_26' title="bbox 2182 938 3770 1019">
    <p class='ocr_par' dir='ltr' id='par_1_26' title="bbox 2182 938 3770 1019">
     <span class='ocr_line' id='line_1_26' title="bbox 2182 938 3770 1019; baseline 0.01 -26"><span class='ocrx_word' id='word_1_182' title='bbox 2182 946 2238 993; x_wconf 84' lang='lat' dir='ltr'><strong>et</strong></span> <span class='ocrx_word' id='word_1_183' title='bbox 2259 938 2364 993; x_wconf 85' lang='lat' dir='ltr'><strong>olei</strong></span> <span class='ocrx_word' id='word_1_184' title='bbox 2392 955 2406 992; x_wconf 88' lang='lat'><strong>:</strong></span> <span class='ocrx_word' id='word_1_185' title='bbox 2439 940 2565 1004; x_wconf 89' lang='lat' dir='ltr'><strong>sint,</strong></span> <span class='ocrx_word' id='word_1_186' title='bbox 2596 956 2703 997; x_wconf 92' lang='lat' dir='ltr'><strong>non</strong></span> <span class='ocrx_word' id='word_1_187' title='bbox 2736 949 2793 997; x_wconf 93' lang='lat' dir='ltr'><strong>ut</strong></span> <span class='ocrx_word' id='word_1_188' title='bbox 2823 960 3004 1000; x_wconf 86' lang='lat' dir='ltr'><strong>rursus</strong></span> <span class='ocrx_word' id='word_1_189' title='bbox 3029 948 3258 1005; x_wconf 75' lang='lat' dir='ltr'><strong>vendita:</strong></span> <span class='ocrx_word' id='word_1_190' title='bbox 3284 953 3564 1019; x_wconf 89' lang='lat' dir='ltr'><strong>pecuniam</strong></span> <span class='ocrx_word' id='word_1_191' title='bbox 3594 957 3770 1009; x_wconf 85' lang='lat' dir='ltr'><strong>conli-</strong></span> 
     </span>
    </p>
   </div>
   <div class='ocr_carea' id='block_1_27' title="bbox 2180 1031 3765 1107">
    <p class='ocr_par' dir='ltr' id='par_1_27' title="bbox 2180 1031 3765 1107">
     <span class='ocr_line' id='line_1_27' title="bbox 2180 1031 3765 1107; baseline 0.011 -24"><span class='ocrx_word' id='word_1_192' title='bbox 2180 1031 2360 1096; x_wconf 89' lang='lat' dir='ltr'><strong>ciant,</strong></span> <span class='ocrx_word' id='word_1_193' title='bbox 2389 1032 2481 1085; x_wconf 88' lang='lat' dir='ltr'><strong>sed</strong></span> <span class='ocrx_word' id='word_1_194' title='bbox 2510 1040 2566 1087; x_wconf 93' lang='lat' dir='ltr'><strong>ut</strong></span> <span class='ocrx_word' id='word_1_195' title='bbox 2593 1044 2879 1103; x_wconf 87' lang='lat' dir='ltr'><strong>erogentnr</strong></span> <span class='ocrx_word' id='word_1_196' title='bbox 2907 1038 3204 1107; x_wconf 81' lang='lat' dir='ltr'><strong>egentibus.</strong></span> <span class='ocrx_word' id='word_1_197' title='bbox 3257 1040 3311 1097; x_wconf 89' lang='lat' dir='ltr'><strong>Si</strong></span> <span class='ocrx_word' id='word_1_198' title='bbox 3345 1057 3443 1098; x_wconf 92' lang='lat' dir='ltr'><strong>nos</strong></span> <span class='ocrx_word' id='word_1_199' title='bbox 3473 1044 3765 1100; x_wconf 85' lang='lat' dir='ltr'><strong>abduxeri-</strong></span> 
     </span>
    </p>
   </div>
   <div class='ocr_carea' id='block_1_28' title="bbox 2181 1122 3763 1201">
    <p class='ocr_par' dir='ltr' id='par_1_28' title="bbox 2181 1122 3763 1201">
     <span class='ocr_line' id='line_1_28' title="bbox 2181 1122 3763 1201; baseline 0.011 -27"><span class='ocrx_word' id='word_1_200' title='bbox 2181 1135 2301 1176; x_wconf 88' lang='lat' dir='ltr'><strong>tnus</strong></span> <span class='ocrx_word' id='word_1_201' title='bbox 2325 1122 2393 1176; x_wconf 90' lang='lat' dir='ltr'><strong>ab</strong></span> <span class='ocrx_word' id='word_1_202' title='bbox 2419 1122 2526 1178; x_wconf 88' lang='lat' dir='ltr'><strong>illis</strong></span> <span class='ocrx_word' id='word_1_203' title='bbox 2559 1129 2972 1194; x_wconf 83' lang='lat' dir='ltr'><strong>supervacaneis</strong></span> <span class='ocrx_word' id='word_1_204' title='bbox 2994 1169 3010 1194; x_wconf 91' lang='lat'><strong>,</strong></span> <span class='ocrx_word' id='word_1_205' title='bbox 3052 1144 3402 1201; x_wconf 87' lang='lat' dir='ltr'><strong>assequemur</strong></span> <span class='ocrx_word' id='word_1_206' title='bbox 3430 1134 3569 1189; x_wconf 87' lang='lat' dir='ltr'><strong>bona</strong></span> <span class='ocrx_word' id='word_1_207' title='bbox 3602 1136 3763 1192; x_wconf 72' lang='lat' dir='ltr'><strong>cade-</strong></span> 
     </span>
    </p>
   </div>
   <div class='ocr_carea' id='block_1_29' title="bbox 2181 1213 3763 1293">
    <p class='ocr_par' dir='ltr' id='par_1_29' title="bbox 2181 1213 3763 1293">
     <span class='ocr_line' id='line_1_29' title="bbox 2181 1213 3763 1293; baseline 0.011 -29"><span class='ocrx_word' id='word_1_208' title='bbox 2181 1213 2303 1278; x_wconf 89' lang='lat' dir='ltr'><strong>stia,</strong></span> <span class='ocrx_word' id='word_1_209' title='bbox 2349 1228 2467 1281; x_wconf 70' lang='lat' dir='ltr'><strong>quae</strong></span> <span class='ocrx_word' id='word_1_210' title='bbox 2508 1216 2661 1269; x_wconf 88' lang='lat' dir='ltr'><strong>nobis</strong></span> <span class='ocrx_word' id='word_1_211' title='bbox 2708 1218 2955 1273; x_wconf 90' lang='lat' dir='ltr'><strong>omnibus</strong></span> <span class='ocrx_word' id='word_1_212' title='bbox 2993 1222 3247 1293; x_wconf 90' lang='lat' dir='ltr'><strong>consequi</strong></span> <span class='ocrx_word' id='word_1_213' title='bbox 3275 1222 3435 1279; x_wconf 89' lang='lat' dir='ltr'><strong>detur</strong></span> <span class='ocrx_word' id='word_1_214' title='bbox 3463 1226 3515 1279; x_wconf 90' lang='lat' dir='ltr'><strong>in</strong></span> <span class='ocrx_word' id='word_1_215' title='bbox 3543 1225 3763 1281; x_wconf 90' lang='lat' dir='ltr'><strong>Christo</strong></span> 
     </span>
    </p>
   </div>
   <div class='ocr_carea' id='block_1_30' title="bbox 2178 1300 3761 1385">
    <p class='ocr_par' dir='ltr' id='par_1_30' title="bbox 2178 1300 3761 1385">
     <span class='ocr_line' id='line_1_30' title="bbox 2178 1300 3761 1385; baseline 0.009 -30"><span class='ocrx_word' id='word_1_216' title='bbox 2178 1300 2303 1356; x_wconf 82' lang='lat' dir='ltr'><strong>Jesu</strong></span> <span class='ocrx_word' id='word_1_217' title='bbox 2334 1303 2559 1360; x_wconf 89' lang='lat' dir='ltr'><strong>Domino</strong></span> <span class='ocrx_word' id='word_1_218' title='bbox 2588 1315 2793 1373; x_wconf 92' lang='lat' dir='ltr'><strong>nostro,</strong></span> <span class='ocrx_word' id='word_1_219' title='bbox 2823 1323 2943 1365; x_wconf 88' lang='lat' dir='ltr'><strong>cum</strong></span> <span class='ocrx_word' id='word_1_220' title='bbox 2971 1325 3079 1380; x_wconf 90' lang='lat' dir='ltr'><strong>quo</strong></span> <span class='ocrx_word' id='word_1_221' title='bbox 3110 1310 3253 1366; x_wconf 82' lang='lat' dir='ltr'><strong>Patri</strong></span> <span class='ocrx_word' id='word_1_222' title='bbox 3279 1313 3542 1385; x_wconf 87' lang='lat' dir='ltr'><strong>simulque</strong></span> <span class='ocrx_word' id='word_1_223' title='bbox 3569 1329 3761 1371; x_wconf 86' lang='lat' dir='ltr'><strong>sancto</strong></span> 
     </span>
    </p>
   </div>
   <div class='ocr_carea' id='block_1_31' title="bbox 2178 1391 3755 1477">
    <p class='ocr_par' dir='ltr' id='par_1_31' title="bbox 2178 1391 3755 1477">
     <span class='ocr_line' id='line_1_31' title="bbox 2178 1391 3755 1477; baseline 0.013 -34"><span class='ocrx_word' id='word_1_224' title='bbox 2178 1391 2398 1463; x_wconf 86' lang='lat' dir='ltr'><strong>Spiritui</strong></span> <span class='ocrx_word' id='word_1_225' title='bbox 2426 1394 2616 1464; x_wconf 87' lang='lat' dir='ltr'><strong>gloria,</strong></span> <span class='ocrx_word' id='word_1_226' title='bbox 2642 1405 2898 1465; x_wconf 87' lang='lat' dir='ltr'><strong>potestas,</strong></span> <span class='ocrx_word' id='word_1_227' title='bbox 2925 1408 2979 1453; x_wconf 94' lang='lat' dir='ltr'><strong>et</strong></span> <span class='ocrx_word' id='word_1_228' title='bbox 3019 1401 3213 1469; x_wconf 85' lang='lat' dir='ltr'><strong>honor,</strong></span> <span class='ocrx_word' id='word_1_229' title='bbox 3245 1418 3385 1459; x_wconf 92' lang='lat' dir='ltr'><strong>nunc</strong></span> <span class='ocrx_word' id='word_1_230' title='bbox 3423 1415 3478 1461; x_wconf 91' lang='lat' dir='ltr'><strong>et</strong></span> <span class='ocrx_word' id='word_1_231' title='bbox 3517 1420 3755 1477; x_wconf 87' lang='lat' dir='ltr'><strong>semper,</strong></span> 
     </span>
    </p>
   </div>
   <div class='ocr_carea' id='block_1_32' title="bbox 2175 1484 3114 1545">
    <p class='ocr_par' dir='ltr' id='par_1_32' title="bbox 2175 1484 3114 1545">
     <span class='ocr_line' id='line_1_32' title="bbox 2175 1484 3114 1545; baseline 0.006 -6"><span class='ocrx_word' id='word_1_232' title='bbox 2175 1494 2230 1539; x_wconf 91' lang='lat' dir='ltr'><strong>et</strong></span> <span class='ocrx_word' id='word_1_233' title='bbox 2254 1484 2307 1538; x_wconf 90' lang='lat' dir='ltr'><strong>in</strong></span> <span class='ocrx_word' id='word_1_234' title='bbox 2337 1485 2530 1543; x_wconf 61' lang='lat' dir='ltr'><strong>macula</strong></span> <span class='ocrx_word' id='word_1_235' title='bbox 2559 1486 2895 1543; x_wconf 76' lang='lat' dir='ltr'><strong>szeculornm.</strong></span> <span class='ocrx_word' id='word_1_236' title='bbox 2924 1492 3114 1545; x_wconf 86' lang='lat' dir='ltr'><strong>Amen.</strong></span> 
     </span>
    </p>
   </div>
   <div class='ocr_carea' id='block_1_33' title="bbox 3585 1680 3727 1697">
    <p class='ocr_par' dir='ltr' id='par_1_33' title="bbox 3585 1680 3727 1697">
     <span class='ocr_line' id='line_1_33' title="bbox 3585 1680 3727 1697; baseline 0 0"><span class='ocrx_word' id='word_1_237' title='bbox 3585 1680 3727 1697; x_wconf 57' lang='grc' dir='ltr'><strong>...ι-ι-</strong></span> 
     </span>
    </p>
   </div>
   <div class='ocr_carea' id='block_1_34' title="bbox 1963 1704 2463 1766">
    <p class='ocr_par' dir='ltr' id='par_1_34' title="bbox 1963 1704 2463 1766">
     <span class='ocr_line' id='line_1_34' title="bbox 1963 1704 2463 1766; baseline -0.002 0"><span class='ocrx_word' id='word_1_238' title='bbox 1963 1704 2313 1766; x_wconf 78' lang='lat' dir='ltr'><strong>HOMILIA</strong></span> <span class='ocrx_word' id='word_1_239' title='bbox 2356 1705 2463 1766; x_wconf 87' lang='lat' dir='ltr'><strong>IV.</strong></span> 
     </span>
    </p>
   </div>
   <div class='ocr_carea' id='block_1_35' title="bbox 488 1802 2064 1878">
    <p class='ocr_par' dir='ltr' id='par_1_35' title="bbox 488 1802 2064 1878">
     <span class='ocr_line' id='line_1_35' title="bbox 488 1802 2064 1878; baseline -0.003 -16"><span class='ocrx_word' id='word_1_240' title='bbox 488 1806 619 1869; x_wconf 75' lang='lat' dir='ltr'><strong>CAP.</strong></span> <span class='ocrx_word' id='word_1_241' title='bbox 650 1807 701 1862; x_wconf 77' lang='grc'><strong>5.</strong></span> <span class='ocrx_word' id='word_1_242' title='bbox 731 1822 784 1862; x_wconf 83' lang='lat' dir='ltr'><strong>v.</strong></span> <span class='ocrx_word' id='word_1_243' title='bbox 813 1807 868 1863; x_wconf 87' lang='lat'><strong>5.</strong></span> <span class='ocrx_word' id='word_1_244' title='bbox 914 1802 1199 1878; x_wconf 77' lang='lat' dir='ltr'><strong>PrOpterea</strong></span> <span class='ocrx_word' id='word_1_245' title='bbox 1228 1815 1272 1859; x_wconf 90' lang='lat' dir='ltr'><strong>et</strong></span> <span class='ocrx_word' id='word_1_246' title='bbox 1302 1822 1392 1874; x_wconf 77' lang='lat' dir='ltr'><strong>rgo</strong></span> <span class='ocrx_word' id='word_1_247' title='bbox 1417 1805 1638 1877; x_wconf 88' lang='lat' dir='ltr'><strong>amplius</strong></span> <span class='ocrx_word' id='word_1_248' title='bbox 1665 1822 1767 1859; x_wconf 88' lang='lat' dir='ltr'><strong>non</strong></span> <span class='ocrx_word' id='word_1_249' title='bbox 1791 1805 2064 1870; x_wconf 79' lang='lat' dir='ltr'><strong>sustinens,</strong></span> 
     </span>
    </p>
   </div>
   <div class='ocr_carea' id='block_1_36' title="bbox 562 1896 2064 1970">
    <p class='ocr_par' dir='ltr' id='par_1_36' title="bbox 562 1896 2064 1970">
     <span class='ocr_line' id='line_1_36' title="bbox 562 1896 2064 1970; baseline -0.003 -16"><span class='ocrx_word' id='word_1_250' title='bbox 562 1899 678 1954; x_wconf 84' lang='lat' dir='ltr'><strong>misi</strong></span> <span class='ocrx_word' id='word_1_251' title='bbox 727 1898 797 1953; x_wconf 91' lang='lat' dir='ltr'><strong>ad</strong></span> <span class='ocrx_word' id='word_1_252' title='bbox 835 1897 1231 1970; x_wconf 81' lang='lat' dir='ltr'><strong>cognoscendam</strong></span> <span class='ocrx_word' id='word_1_253' title='bbox 1257 1896 1427 1966; x_wconf 33' lang='lat' dir='ltr'><strong>ﬁdem,</strong></span> <span class='ocrx_word' id='word_1_254' title='bbox 1449 1907 1682 1964; x_wconf 78' lang='lat' dir='ltr'><strong>vestram,</strong></span> <span class='ocrx_word' id='word_1_255' title='bbox 1705 1907 1767 1951; x_wconf 84' lang='lat' dir='ltr'><strong>ne</strong></span> <span class='ocrx_word' id='word_1_256' title='bbox 1797 1900 1926 1968; x_wconf 80' lang='lat' dir='ltr'><strong>forte</strong></span> <span class='ocrx_word' id='word_1_257' title='bbox 1954 1905 2064 1950; x_wconf 87' lang='lat' dir='ltr'><strong>ten-</strong></span> 
     </span>
    </p>
   </div>
   <div class='ocr_carea' id='block_1_37' title="bbox 558 1987 2062 2063">
    <p class='ocr_par' dir='ltr' id='par_1_37' title="bbox 558 1987 2062 2063">
     <span class='ocr_line' id='line_1_37' title="bbox 558 1987 2062 2063; baseline -0.004 -17"><span class='ocrx_word' id='word_1_258' title='bbox 558 1992 735 2047; x_wconf 89' lang='lat' dir='ltr'><strong>taverit</strong></span> <span class='ocrx_word' id='word_1_259' title='bbox 761 2008 846 2047; x_wconf 89' lang='lat' dir='ltr'><strong>vos</strong></span> <span class='ocrx_word' id='word_1_260' title='bbox 870 1993 913 2047; x_wconf 93' lang='lat' dir='ltr'><strong>is</strong></span> <span class='ocrx_word' id='word_1_261' title='bbox 938 1989 1023 2063; x_wconf 87' lang='lat' dir='ltr'><strong>qui</strong></span> <span class='ocrx_word' id='word_1_262' title='bbox 1050 2000 1225 2055; x_wconf 88' lang='lat' dir='ltr'><strong>tentat,</strong></span> <span class='ocrx_word' id='word_1_263' title='bbox 1259 1999 1308 2043; x_wconf 88' lang='lat' dir='ltr'><strong>et</strong></span> <span class='ocrx_word' id='word_1_264' title='bbox 1350 1990 1518 2043; x_wconf 90' lang='lat' dir='ltr'><strong>inanis</strong></span> <span class='ocrx_word' id='word_1_265' title='bbox 1552 1989 1644 2057; x_wconf 89' lang='lat' dir='ltr'><strong>ﬁat</strong></span> <span class='ocrx_word' id='word_1_266' title='bbox 1688 1987 1831 2043; x_wconf 87' lang='lat' dir='ltr'><strong>labor</strong></span> <span class='ocrx_word' id='word_1_267' title='bbox 1874 1996 2062 2040; x_wconf 88' lang='lat' dir='ltr'><strong>noster.</strong></span> 
     </span>
    </p>
   </div>
   <div class='ocr_carea' id='block_1_38' title="bbox 558 2077 2066 2143">
    <p class='ocr_par' dir='ltr' id='par_1_38' title="bbox 558 2077 2066 2143">
     <span class='ocr_line' id='line_1_38' title="bbox 558 2077 2066 2143; baseline -0.005 -5"><span class='ocrx_word' id='word_1_268' title='bbox 558 2084 614 2139; x_wconf 81' lang='lat'><strong>6.</strong></span> <span class='ocrx_word' id='word_1_269' title='bbox 647 2082 801 2137; x_wconf 82' lang='lat' dir='ltr'><strong>Nunc</strong></span> <span class='ocrx_word' id='word_1_270' title='bbox 825 2092 991 2137; x_wconf 86' lang='lat' dir='ltr'><strong>autem</strong></span> <span class='ocrx_word' id='word_1_271' title='bbox 1019 2084 1243 2136; x_wconf 89' lang='lat' dir='ltr'><strong>veniente</strong></span> <span class='ocrx_word' id='word_1_272' title='bbox 1279 2080 1347 2134; x_wconf 89' lang='lat' dir='ltr'><strong>ad</strong></span> <span class='ocrx_word' id='word_1_273' title='bbox 1372 2096 1462 2133; x_wconf 89' lang='lat' dir='ltr'><strong>nos</strong></span> <span class='ocrx_word' id='word_1_274' title='bbox 1492 2077 1756 2132; x_wconf 78' lang='lat' dir='ltr'><strong>Timotheo</strong></span> <span class='ocrx_word' id='word_1_275' title='bbox 1780 2094 1813 2130; x_wconf 92' lang='lat' dir='ltr'><strong>a</strong></span> <span class='ocrx_word' id='word_1_276' title='bbox 1838 2077 1995 2143; x_wconf 86' lang='lat' dir='ltr'><strong>vobis,</strong></span> <span class='ocrx_word' id='word_1_277' title='bbox 2018 2085 2066 2131; x_wconf 89' lang='lat' dir='ltr'><strong>et</strong></span> 
     </span>
    </p>
   </div>
   <div class='ocr_carea' id='block_1_39' title="bbox 559 2169 2066 2241">
    <p class='ocr_par' dir='ltr' id='par_1_39' title="bbox 559 2169 2066 2241">
     <span class='ocr_line' id='line_1_39' title="bbox 559 2169 2066 2241; baseline -0.003 -13"><span class='ocrx_word' id='word_1_278' title='bbox 559 2175 890 2229; x_wconf 86' lang='lat' dir='ltr'><strong>annuntiante</strong></span> <span class='ocrx_word' id='word_1_279' title='bbox 909 2173 1052 2229; x_wconf 86' lang='lat' dir='ltr'><strong>nobis</strong></span> <span class='ocrx_word' id='word_1_280' title='bbox 1076 2174 1230 2241; x_wconf 84' lang='lat' dir='ltr'><strong>ﬁdem</strong></span> <span class='ocrx_word' id='word_1_281' title='bbox 1253 2180 1298 2226; x_wconf 91' lang='lat' dir='ltr'><strong>et</strong></span> <span class='ocrx_word' id='word_1_282' title='bbox 1318 2173 1579 2226; x_wconf 84' lang='lat' dir='ltr'><strong>caritatem</strong></span> <span class='ocrx_word' id='word_1_283' title='bbox 1606 2178 1841 2234; x_wconf 80' lang='lat' dir='ltr'><strong>vestram,</strong></span> <span class='ocrx_word' id='word_1_284' title='bbox 1864 2169 2066 2240; x_wconf 90' lang='lat' dir='ltr'><strong>etquod</strong></span> 
     </span>
    </p>
   </div>
   <div class='ocr_carea' id='block_1_40' title="bbox 557 2262 2064 2333">
    <p class='ocr_par' dir='ltr' id='par_1_40' title="bbox 557 2262 2064 2333">
     <span class='ocr_line' id='line_1_40' title="bbox 557 2262 2064 2333; baseline -0.003 -14"><span class='ocrx_word' id='word_1_285' title='bbox 557 2267 853 2320; x_wconf 87' lang='lat' dir='ltr'><strong>memoriam</strong></span> <span class='ocrx_word' id='word_1_286' title='bbox 898 2266 1058 2320; x_wconf 84' lang='lat' dir='ltr'><strong>nostri</strong></span> <span class='ocrx_word' id='word_1_287' title='bbox 1100 2264 1294 2318; x_wconf 85' lang='lat' dir='ltr'><strong>habetis</strong></span> <span class='ocrx_word' id='word_1_288' title='bbox 1331 2279 1548 2333; x_wconf 84' lang='lat' dir='ltr'><strong>semper,</strong></span> <span class='ocrx_word' id='word_1_289' title='bbox 1595 2262 1933 2316; x_wconf 85' lang='lat' dir='ltr'><strong>desiderantes</strong></span> <span class='ocrx_word' id='word_1_290' title='bbox 1972 2277 2064 2315; x_wconf 90' lang='lat' dir='ltr'><strong>nos</strong></span> 
     </span>
    </p>
   </div>
   <div class='ocr_carea' id='block_1_41' title="bbox 554 2353 2065 2427">
    <p class='ocr_par' dir='ltr' id='par_1_41' title="bbox 554 2353 2065 2427">
     <span class='ocr_line' id='line_1_41' title="bbox 554 2353 2065 2427; baseline -0.004 -15"><span class='ocrx_word' id='word_1_291' title='bbox 554 2357 744 2426; x_wconf 78' lang='lat' dir='ltr'><strong>videre,</strong></span> <span class='ocrx_word' id='word_1_292' title='bbox 772 2357 901 2412; x_wconf 82' lang='lat' dir='ltr'><strong>sicut</strong></span> <span class='ocrx_word' id='word_1_293' title='bbox 930 2366 977 2411; x_wconf 92' lang='lat' dir='ltr'><strong>et</strong></span> <span class='ocrx_word' id='word_1_294' title='bbox 1020 2372 1113 2411; x_wconf 90' lang='lat' dir='ltr'><strong>nos</strong></span> <span class='ocrx_word' id='word_1_295' title='bbox 1145 2372 1343 2427; x_wconf 85' lang='lat' dir='ltr'><strong>quoque</strong></span> <span class='ocrx_word' id='word_1_296' title='bbox 1380 2370 1467 2409; x_wconf 86' lang='lat' dir='ltr'><strong>vos</strong></span> <span class='ocrx_word' id='word_1_297' title='bbox 1517 2370 1537 2409; x_wconf 91' lang='lat'><strong><em>:</em></strong></span> <span class='ocrx_word' id='word_1_298' title='bbox 1580 2354 1634 2408; x_wconf 86' lang='lat'><strong>7.</strong></span> <span class='ocrx_word' id='word_1_299' title='bbox 1664 2353 1778 2408; x_wconf 82' lang='lat' dir='ltr'><strong>ideo</strong></span> <span class='ocrx_word' id='word_1_300' title='bbox 1815 2353 2065 2407; x_wconf 87' lang='lat' dir='ltr'><strong>consolati</strong></span> 
     </span>
    </p>
   </div>
   <div class='ocr_carea' id='block_1_42' title="bbox 554 2446 2062 2522">
    <p class='ocr_par' dir='ltr' id='par_1_42' title="bbox 554 2446 2062 2522">
     <span class='ocr_line' id='line_1_42' title="bbox 554 2446 2062 2522; baseline -0.003 -19"><span class='ocrx_word' id='word_1_301' title='bbox 554 2466 748 2516; x_wconf 81' lang='lat' dir='ltr'><strong>sumus,</strong></span> <span class='ocrx_word' id='word_1_302' title='bbox 776 2453 981 2522; x_wconf 74' lang='lat' dir='ltr'><strong>fratres,</strong></span> <span class='ocrx_word' id='word_1_303' title='bbox 1014 2448 1065 2502; x_wconf 88' lang='lat' dir='ltr'><strong>in</strong></span> <span class='ocrx_word' id='word_1_304' title='bbox 1112 2447 1270 2513; x_wconf 80' lang='lat' dir='ltr'><strong>vobis,</strong></span> <span class='ocrx_word' id='word_1_305' title='bbox 1300 2448 1353 2501; x_wconf 90' lang='lat' dir='ltr'><strong>in</strong></span> <span class='ocrx_word' id='word_1_306' title='bbox 1383 2448 1521 2501; x_wconf 90' lang='lat' dir='ltr'><strong>omni</strong></span> <span class='ocrx_word' id='word_1_307' title='bbox 1560 2447 1854 2501; x_wconf 82' lang='lat' dir='ltr'><strong>necessitate</strong></span> <span class='ocrx_word' id='word_1_308' title='bbox 1895 2457 1943 2500; x_wconf 88' lang='lat' dir='ltr'><strong>et</strong></span> <span class='ocrx_word' id='word_1_309' title='bbox 1968 2446 2062 2500; x_wconf 62' lang='lat' dir='ltr'><strong>tri-</strong></span> 
     </span>
    </p>
   </div>
   <div class='ocr_carea' id='block_1_43' title="bbox 554 2538 2064 2609">
    <p class='ocr_par' dir='ltr' id='par_1_43' title="bbox 554 2538 2064 2609">
     <span class='ocr_line' id='line_1_43' title="bbox 554 2538 2064 2609; baseline -0.001 -15"><span class='ocrx_word' id='word_1_310' title='bbox 554 2540 809 2594; x_wconf 83' lang='lat' dir='ltr'><strong>balatioue</strong></span> <span class='ocrx_word' id='word_1_311' title='bbox 827 2548 1001 2593; x_wconf 86' lang='lat' dir='ltr'><strong>nostra</strong></span> <span class='ocrx_word' id='word_1_312' title='bbox 1029 2556 1118 2609; x_wconf 86' lang='lat' dir='ltr'><strong>per</strong></span> <span class='ocrx_word' id='word_1_313' title='bbox 1144 2539 1296 2608; x_wconf 88' lang='lat' dir='ltr'><strong>ﬁdem</strong></span> <span class='ocrx_word' id='word_1_314' title='bbox 1324 2548 1574 2593; x_wconf 88' lang='lat' dir='ltr'><strong>vestram:</strong></span> <span class='ocrx_word' id='word_1_315' title='bbox 1594 2538 1648 2595; x_wconf 91' lang='lat'><strong>8.</strong></span> <span class='ocrx_word' id='word_1_316' title='bbox 1671 2539 1909 2608; x_wconf 88' lang='lat' dir='ltr'><strong>quoniam</strong></span> <span class='ocrx_word' id='word_1_317' title='bbox 1929 2554 2064 2592; x_wconf 81' lang='lat' dir='ltr'><strong>nunc</strong></span> 
     </span>
    </p>
   </div>
   <div class='ocr_carea' id='block_1_44' title="bbox 554 2627 1478 2693">
    <p class='ocr_par' dir='ltr' id='par_1_44' title="bbox 554 2627 1478 2693">
     <span class='ocr_line' id='line_1_44' title="bbox 554 2627 1478 2693; baseline -0.001 -8"><span class='ocrx_word' id='word_1_318' title='bbox 554 2631 784 2693; x_wconf 83' lang='lat' dir='ltr'><strong>vivimus,</strong></span> <span class='ocrx_word' id='word_1_319' title='bbox 815 2629 862 2684; x_wconf 90' lang='lat' dir='ltr'><strong>si</strong></span> <span class='ocrx_word' id='word_1_320' title='bbox 887 2646 972 2684; x_wconf 84' lang='lat' dir='ltr'><strong>vos</strong></span> <span class='ocrx_word' id='word_1_321' title='bbox 995 2628 1141 2683; x_wconf 87' lang='lat' dir='ltr'><strong>statis</strong></span> <span class='ocrx_word' id='word_1_322' title='bbox 1161 2630 1212 2682; x_wconf 93' lang='lat' dir='ltr'><strong>in</strong></span> <span class='ocrx_word' id='word_1_323' title='bbox 1237 2627 1478 2684; x_wconf 89' lang='lat' dir='ltr'><strong>Domino.</strong></span> 
     </span>
    </p>
   </div>
   <div class='ocr_carea' id='block_1_45' title="bbox 554 2720 2061 2793">
    <p class='ocr_par' dir='ltr' id='par_1_45' title="bbox 554 2720 2061 2793">
     <span class='ocr_line' id='line_1_45' title="bbox 554 2720 2061 2793; baseline -0.002 -14"><span class='ocrx_word' id='word_1_324' title='bbox 554 2725 610 2779; x_wconf 94' lang='grc'><strong>1.</strong></span> <span class='ocrx_word' id='word_1_325' title='bbox 651 2720 975 2793; x_wconf 86' lang='lat' dir='ltr'><strong>Proponitur</strong></span> <span class='ocrx_word' id='word_1_326' title='bbox 1006 2722 1160 2776; x_wconf 88' lang='lat' dir='ltr'><strong>nobis</strong></span> <span class='ocrx_word' id='word_1_327' title='bbox 1190 2720 1349 2776; x_wconf 81' lang='lat' dir='ltr'><strong>hodie</strong></span> <span class='ocrx_word' id='word_1_328' title='bbox 1370 2721 1616 2791; x_wconf 77' lang='lat' dir='ltr'><strong>quaestio,</strong></span> <span class='ocrx_word' id='word_1_329' title='bbox 1649 2736 1768 2791; x_wconf 71' lang='lat' dir='ltr'><strong>qua:</strong></span> <span class='ocrx_word' id='word_1_330' title='bbox 1808 2736 1839 2775; x_wconf 90' lang='lat' dir='ltr'><strong>a</strong></span> <span class='ocrx_word' id='word_1_331' title='bbox 1881 2720 2061 2776; x_wconf 88' lang='lat' dir='ltr'><strong>multis</strong></span> 
     </span>
    </p>
   </div>
   <div class='ocr_carea' id='block_1_46' title="bbox 478 2811 2058 2890">
    <p class='ocr_par' dir='ltr' id='par_1_46' title="bbox 478 2811 2058 2890">
     <span class='ocr_line' id='line_1_46' title="bbox 478 2811 2058 2890; baseline 0.001 -24"><span class='ocrx_word' id='word_1_332' title='bbox 478 2814 757 2890; x_wconf 67' lang='lat' dir='ltr'><strong>qna&#39;ritur,</strong></span> <span class='ocrx_word' id='word_1_333' title='bbox 792 2822 848 2867; x_wconf 90' lang='lat' dir='ltr'><strong>et</strong></span> <span class='ocrx_word' id='word_1_334' title='bbox 889 2811 1126 2882; x_wconf 86' lang='lat' dir='ltr'><strong>undique</strong></span> <span class='ocrx_word' id='word_1_335' title='bbox 1163 2811 1450 2881; x_wconf 82' lang='lat' dir='ltr'><strong>colligitur.</strong></span> <span class='ocrx_word' id='word_1_336' title='bbox 1480 2812 1737 2878; x_wconf 71' lang='lat' dir='ltr'><strong>Quaenam</strong></span> <span class='ocrx_word' id='word_1_337' title='bbox 1776 2819 1858 2865; x_wconf 90' lang='lat' dir='ltr'><strong>est</strong></span> <span class='ocrx_word' id='word_1_338' title='bbox 1881 2821 2058 2867; x_wconf 84' lang='lat' dir='ltr'><strong>autem</strong></span> 
     </span>
    </p>
   </div>
   <div class='ocr_carea' id='block_1_47' title="bbox 477 2900 2058 2975">
    <p class='ocr_par' dir='ltr' id='par_1_47' title="bbox 477 2900 2058 2975">
     <span class='ocr_line' id='line_1_47' title="bbox 477 2900 2058 2975; baseline -0.003 -15"><span class='ocrx_word' id='word_1_339' title='bbox 477 2903 742 2975; x_wconf 71' lang='lat' dir='ltr'><strong>qumstio?</strong></span> <span class='ocrx_word' id='word_1_340' title='bbox 773 2901 1051 2973; x_wconf 80' lang='lat' dir='ltr'><strong>PrOpterea</strong></span> <span class='ocrx_word' id='word_1_341' title='bbox 1087 2912 1135 2955; x_wconf 79' lang='lat' dir='ltr'><strong>et</strong></span> <span class='ocrx_word' id='word_1_342' title='bbox 1164 2918 1275 2973; x_wconf 88' lang='lat' dir='ltr'><strong>ego,</strong></span> <span class='ocrx_word' id='word_1_343' title='bbox 1300 2901 1492 2971; x_wconf 85' lang='lat' dir='ltr'><strong>inquit,</strong></span> <span class='ocrx_word' id='word_1_344' title='bbox 1527 2901 1746 2971; x_wconf 81' lang='lat' dir='ltr'><strong>amplius</strong></span> <span class='ocrx_word' id='word_1_345' title='bbox 1775 2917 1875 2954; x_wconf 90' lang='lat' dir='ltr'><strong>non</strong></span> <span class='ocrx_word' id='word_1_346' title='bbox 1902 2900 2058 2955; x_wconf 79' lang='lat' dir='ltr'><strong>susti—</strong></span> 
     </span>
    </p>
   </div>
   <div class='ocr_carea' id='block_1_48' title="bbox 479 2991 2055 3063">
    <p class='ocr_par' dir='ltr' id='par_1_48' title="bbox 479 2991 2055 3063">
     <span class='ocr_line' id='line_1_48' title="bbox 479 2991 2055 3063; baseline -0.002 -13"><span class='ocrx_word' id='word_1_347' title='bbox 479 3013 620 3059; x_wconf 84' lang='lat' dir='ltr'><strong>nens,</strong></span> <span class='ocrx_word' id='word_1_348' title='bbox 654 2995 754 3049; x_wconf 71' lang='lat' dir='ltr'><strong>nisi</strong></span> <span class='ocrx_word' id='word_1_349' title='bbox 782 2993 1100 3048; x_wconf 85' lang='lat' dir='ltr'><strong>Timotheum</strong></span> <span class='ocrx_word' id='word_1_350' title='bbox 1124 2991 1192 3044; x_wconf 87' lang='lat' dir='ltr'><strong>ad</strong></span> <span class='ocrx_word' id='word_1_351' title='bbox 1215 2993 1615 3063; x_wconf 83' lang='lat' dir='ltr'><strong>cognoscendam</strong></span> <span class='ocrx_word' id='word_1_352' title='bbox 1643 2992 1794 3060; x_wconf 89' lang='lat' dir='ltr'><strong>ﬁdem</strong></span> <span class='ocrx_word' id='word_1_353' title='bbox 1819 3001 2055 3047; x_wconf 74' lang='lat' dir='ltr'><strong>vestram.</strong></span> 
     </span>
    </p>
   </div>
   <div class='ocr_carea' id='block_1_49' title="bbox 477 3083 2059 3157">
    <p class='ocr_par' dir='ltr' id='par_1_49' title="bbox 477 3083 2059 3157">
     <span class='ocr_line' id='line_1_49' title="bbox 477 3083 2059 3157; baseline -0.001 -17"><span class='ocrx_word' id='word_1_354' title='bbox 477 3087 614 3157; x_wconf 86' lang='lat' dir='ltr'><strong>Quid</strong></span> <span class='ocrx_word' id='word_1_355' title='bbox 658 3086 832 3142; x_wconf 84' lang='lat' dir='ltr'><strong>dicis?</strong></span> <span class='ocrx_word' id='word_1_356' title='bbox 860 3085 951 3157; x_wconf 92' lang='lat' dir='ltr'><strong>qui</strong></span> <span class='ocrx_word' id='word_1_357' title='bbox 1001 3093 1108 3139; x_wconf 88' lang='lat' dir='ltr'><strong>tam</strong></span> <span class='ocrx_word' id='word_1_358' title='bbox 1156 3084 1320 3138; x_wconf 88' lang='lat' dir='ltr'><strong>multa</strong></span> <span class='ocrx_word' id='word_1_359' title='bbox 1370 3084 1486 3149; x_wconf 88' lang='lat' dir='ltr'><strong>scit,</strong></span> <span class='ocrx_word' id='word_1_360' title='bbox 1515 3084 1605 3153; x_wconf 90' lang='lat' dir='ltr'><strong>qui</strong></span> <span class='ocrx_word' id='word_1_361' title='bbox 1647 3083 1852 3139; x_wconf 91' lang='lat' dir='ltr'><strong>audivit</strong></span> <span class='ocrx_word' id='word_1_362' title='bbox 1897 3083 2059 3138; x_wconf 79' lang='lat' dir='ltr'><strong>verba</strong></span> 
     </span>
    </p>
   </div>
   <div class='ocr_carea' id='block_1_50' title="bbox 475 3173 2058 3248">
    <p class='ocr_par' dir='ltr' id='par_1_50' title="bbox 475 3173 2058 3248">
     <span class='ocr_line' id='line_1_50' title="bbox 475 3173 2058 3248; baseline -0.003 -16"><span class='ocrx_word' id='word_1_363' title='bbox 475 3194 693 3242; x_wconf 66' lang='lat' dir='ltr'><strong>at&#39;eana,</strong></span> <span class='ocrx_word' id='word_1_364' title='bbox 751 3177 839 3248; x_wconf 91' lang='lat' dir='ltr'><strong>qui</strong></span> <span class='ocrx_word' id='word_1_365' title='bbox 883 3177 949 3231; x_wconf 86' lang='lat' dir='ltr'><strong>ad</strong></span> <span class='ocrx_word' id='word_1_366' title='bbox 994 3175 1208 3230; x_wconf 90' lang='lat' dir='ltr'><strong>tertium</strong></span> <span class='ocrx_word' id='word_1_367' title='bbox 1250 3191 1419 3244; x_wconf 86' lang='lat' dir='ltr'><strong>usque</strong></span> <span class='ocrx_word' id='word_1_368' title='bbox 1463 3173 1652 3229; x_wconf 69' lang='lat' dir='ltr'><strong>cmlum</strong></span> <span class='ocrx_word' id='word_1_369' title='bbox 1702 3174 1962 3242; x_wconf 86' lang='lat' dir='ltr'><strong>ascendit,</strong></span> <span class='ocrx_word' id='word_1_370' title='bbox 2012 3174 2058 3229; x_wconf 90' lang='lat' dir='ltr'><strong>is</strong></span> 
     </span>
    </p>
   </div>
   <div class='ocr_carea' id='block_1_51' title="bbox 483 3265 2058 3338">
    <p class='ocr_par' dir='ltr' id='par_1_51' title="bbox 483 3265 2058 3338">
     <span class='ocr_line' id='line_1_51' title="bbox 483 3265 2058 3338; baseline -0.002 -15"><span class='ocrx_word' id='word_1_371' title='bbox 483 3284 589 3324; x_wconf 85' lang='lat' dir='ltr'><strong>non</strong></span> <span class='ocrx_word' id='word_1_372' title='bbox 622 3268 791 3335; x_wconf 80' lang='lat' dir='ltr'><strong>novit,</strong></span> <span class='ocrx_word' id='word_1_373' title='bbox 825 3268 982 3338; x_wconf 85' lang='lat' dir='ltr'><strong>idque</strong></span> <span class='ocrx_word' id='word_1_374' title='bbox 1013 3283 1133 3322; x_wconf 88' lang='lat' dir='ltr'><strong>cum</strong></span> <span class='ocrx_word' id='word_1_375' title='bbox 1183 3266 1255 3320; x_wconf 82' lang='lat' dir='ltr'><strong>sit</strong></span> <span class='ocrx_word' id='word_1_376' title='bbox 1285 3265 1551 3321; x_wconf 80' lang='lat' dir='ltr'><strong>Athenis?</strong></span> <span class='ocrx_word' id='word_1_377' title='bbox 1597 3281 1916 3338; x_wconf 87' lang='lat' dir='ltr'><strong>quamquam</strong></span> <span class='ocrx_word' id='word_1_378' title='bbox 1958 3281 2058 3321; x_wconf 91' lang='lat' dir='ltr'><strong>nec</strong></span> 
     </span>
    </p>
   </div>
   <div class='ocr_carea' id='block_1_52' title="bbox 480 3357 2057 3430">
    <p class='ocr_par' dir='ltr' id='par_1_52' title="bbox 480 3357 2057 3430">
     <span class='ocr_line' id='line_1_52' title="bbox 480 3357 2057 3430; baseline -0.001 -16"><span class='ocrx_word' id='word_1_379' title='bbox 480 3374 729 3430; x_wconf 89' lang='lat' dir='ltr'><strong>magnum</strong></span> <span class='ocrx_word' id='word_1_380' title='bbox 761 3358 1435 3423; x_wconf 80' lang='lat' dir='ltr'><strong>intercedatintervallum,</strong></span> <span class='ocrx_word' id='word_1_381' title='bbox 1456 3372 1628 3428; x_wconf 88' lang='lat' dir='ltr'><strong>neque</strong></span> <span class='ocrx_word' id='word_1_382' title='bbox 1655 3357 1727 3412; x_wconf 88' lang='lat' dir='ltr'><strong>ita</strong></span> <span class='ocrx_word' id='word_1_383' title='bbox 1757 3357 1959 3427; x_wconf 89' lang='lat' dir='ltr'><strong>pridem</strong></span> <span class='ocrx_word' id='word_1_384' title='bbox 1988 3358 2057 3413; x_wconf 85' lang='lat' dir='ltr'><strong>ab</strong></span> 
     </span>
    </p>
   </div>
   <div class='ocr_carea' id='block_1_53' title="bbox 478 3450 2058 3521">
    <p class='ocr_par' dir='ltr' id='par_1_53' title="bbox 478 3450 2058 3521">
     <span class='ocr_line' id='line_1_53' title="bbox 478 3450 2058 3521; baseline -0.002 -15"><span class='ocrx_word' id='word_1_385' title='bbox 478 3453 558 3506; x_wconf 87' lang='lat' dir='ltr'><strong>eis</strong></span> <span class='ocrx_word' id='word_1_386' title='bbox 582 3454 653 3507; x_wconf 80' lang='lat' dir='ltr'><strong>sit</strong></span> <span class='ocrx_word' id='word_1_387' title='bbox 681 3451 997 3521; x_wconf 86' lang='lat' dir='ltr'><strong>separatus?</strong></span> <span class='ocrx_word' id='word_1_388' title='bbox 1023 3450 1201 3504; x_wconf 81' lang='lat' dir='ltr'><strong>Urbati</strong></span> <span class='ocrx_word' id='word_1_389' title='bbox 1220 3450 1387 3514; x_wconf 89' lang='lat' dir='ltr'><strong>enim,</strong></span> <span class='ocrx_word' id='word_1_390' title='bbox 1413 3452 1602 3521; x_wconf 89' lang='lat' dir='ltr'><strong>inquit,</strong></span> <span class='ocrx_word' id='word_1_391' title='bbox 1625 3466 1657 3503; x_wconf 90' lang='lat' dir='ltr'><strong>a</strong></span> <span class='ocrx_word' id='word_1_392' title='bbox 1680 3450 1817 3505; x_wconf 82' lang='lat' dir='ltr'><strong>vobis</strong></span> <span class='ocrx_word' id='word_1_393' title='bbox 1840 3450 1907 3504; x_wconf 88' lang='lat' dir='ltr'><strong>ad</strong></span> <span class='ocrx_word' id='word_1_394' title='bbox 1934 3460 2058 3504; x_wconf 84' lang='lat' dir='ltr'><strong>tent-</strong></span> 
     </span>
    </p>
   </div>
   <div class='ocr_carea' id='block_1_54' title="bbox 478 3541 2058 3614">
    <p class='ocr_par' dir='ltr' id='par_1_54' title="bbox 478 3541 2058 3614">
     <span class='ocr_line' id='line_1_54' title="bbox 478 3541 2058 3614; baseline 0.001 -18"><span class='ocrx_word' id='word_1_395' title='bbox 478 3561 574 3614; x_wconf 82' lang='lat' dir='ltr'><strong>pus</strong></span> <span class='ocrx_word' id='word_1_396' title='bbox 617 3543 759 3598; x_wconf 77' lang='lat' dir='ltr'><strong>hora:</strong></span> <span class='ocrx_word' id='word_1_397' title='bbox 788 3541 985 3613; x_wconf 85' lang='lat' dir='ltr'><strong>(Supra</strong></span> <span class='ocrx_word' id='word_1_398' title='bbox 1011 3543 1066 3596; x_wconf 74' lang='lat'><strong>2.</strong></span> <span class='ocrx_word' id='word_1_399' title='bbox 1101 3542 1214 3612; x_wconf 84' lang='grc'><strong>17).</strong></span> <span class='ocrx_word' id='word_1_400' title='bbox 1244 3541 1359 3596; x_wconf 88' lang='lat' dir='ltr'><strong>Non</strong></span> <span class='ocrx_word' id='word_1_401' title='bbox 1389 3543 1539 3598; x_wconf 81' lang='lat' dir='ltr'><strong>novit</strong></span> <span class='ocrx_word' id='word_1_402' title='bbox 1567 3543 1726 3612; x_wconf 79' lang='lat' dir='ltr'><strong>igitur</strong></span> <span class='ocrx_word' id='word_1_403' title='bbox 1751 3543 1869 3598; x_wconf 86' lang='lat' dir='ltr'><strong>talis</strong></span> <span class='ocrx_word' id='word_1_404' title='bbox 1895 3542 2058 3598; x_wconf 87' lang='lat' dir='ltr'><strong>homo</strong></span> 
     </span>
    </p>
   </div>
   <div class='ocr_carea' id='block_1_55' title="bbox 473 3634 2057 3699">
    <p class='ocr_par' dir='ltr' id='par_1_55' title="bbox 473 3634 2057 3699">
     <span class='ocr_line' id='line_1_55' title="bbox 473 3634 2057 3699; baseline 0 -9"><span class='ocrx_word' id='word_1_405' title='bbox 473 3650 563 3690; x_wconf 83' lang='lat' dir='ltr'><strong>res</strong></span> <span class='ocrx_word' id='word_1_406' title='bbox 610 3634 1193 3699; x_wconf 82' lang='lat' dir='ltr'><strong>Thessalonicensium,</strong></span> <span class='ocrx_word' id='word_1_407' title='bbox 1241 3634 1335 3689; x_wconf 91' lang='lat' dir='ltr'><strong>scd</strong></span> <span class='ocrx_word' id='word_1_408' title='bbox 1387 3649 1608 3690; x_wconf 90' lang='lat' dir='ltr'><strong>necesse</strong></span> <span class='ocrx_word' id='word_1_409' title='bbox 1638 3634 1796 3691; x_wconf 86' lang='lat' dir='ltr'><strong>habet</strong></span> <span class='ocrx_word' id='word_1_410' title='bbox 1842 3635 2057 3690; x_wconf 87' lang='lat' dir='ltr'><strong>mittere</strong></span> 
     </span>
    </p>
   </div>
   <div class='ocr_carea' id='block_1_56' title="bbox 473 3723 2058 3793">
    <p class='ocr_par' dir='ltr' id='par_1_56' title="bbox 473 3723 2058 3793">
     <span class='ocr_line' id='line_1_56' title="bbox 473 3723 2058 3793; baseline 0.001 -15"><span class='ocrx_word' id='word_1_411' title='bbox 473 3723 818 3778; x_wconf 79' lang='lat' dir='ltr'><strong>Timetheum</strong></span> <span class='ocrx_word' id='word_1_412' title='bbox 866 3725 931 3778; x_wconf 90' lang='lat' dir='ltr'><strong>ad</strong></span> <span class='ocrx_word' id='word_1_413' title='bbox 984 3725 1411 3793; x_wconf 81' lang='lat' dir='ltr'><strong>cognoscendam</strong></span> <span class='ocrx_word' id='word_1_414' title='bbox 1479 3725 1638 3779; x_wconf 86' lang='lat' dir='ltr'><strong>tidem</strong></span> <span class='ocrx_word' id='word_1_415' title='bbox 1683 3740 1869 3779; x_wconf 90' lang='lat' dir='ltr'><strong>eorum</strong></span> <span class='ocrx_word' id='word_1_416' title='bbox 1911 3742 1925 3779; x_wconf 92' lang='lat'><strong>:</strong></span> <span class='ocrx_word' id='word_1_417' title='bbox 1973 3723 2058 3779; x_wconf 88' lang='lat' dir='ltr'><strong>Ne</strong></span> 
     </span>
    </p>
   </div>
   <div class='ocr_carea' id='block_1_57' title="bbox 484 3814 2055 3885">
    <p class='ocr_par' dir='ltr' id='par_1_57' title="bbox 484 3814 2055 3885">
     <span class='ocr_line' id='line_1_57' title="bbox 484 3814 2055 3885; baseline 0 -17"><span class='ocrx_word' id='word_1_418' title='bbox 484 3816 635 3883; x_wconf 75' lang='lat' dir='ltr'><strong>forte,</strong></span> <span class='ocrx_word' id='word_1_419' title='bbox 664 3814 856 3884; x_wconf 88' lang='lat' dir='ltr'><strong>inquit,</strong></span> <span class='ocrx_word' id='word_1_420' title='bbox 901 3815 1161 3868; x_wconf 83' lang='lat' dir='ltr'><strong>tentavcrit</strong></span> <span class='ocrx_word' id='word_1_421' title='bbox 1192 3830 1276 3867; x_wconf 84' lang='lat' dir='ltr'><strong>vos</strong></span> <span class='ocrx_word' id='word_1_422' title='bbox 1303 3816 1346 3868; x_wconf 90' lang='lat' dir='ltr'><strong>is</strong></span> <span class='ocrx_word' id='word_1_423' title='bbox 1375 3816 1463 3885; x_wconf 85' lang='lat' dir='ltr'><strong>qui</strong></span> <span class='ocrx_word' id='word_1_424' title='bbox 1507 3824 1683 3879; x_wconf 89' lang='lat' dir='ltr'><strong>lentat,</strong></span> <span class='ocrx_word' id='word_1_425' title='bbox 1707 3825 1753 3868; x_wconf 93' lang='lat' dir='ltr'><strong>et</strong></span> <span class='ocrx_word' id='word_1_426' title='bbox 1774 3816 1940 3869; x_wconf 85' lang='lat' dir='ltr'><strong>inanis</strong></span> <span class='ocrx_word' id='word_1_427' title='bbox 1963 3816 2055 3884; x_wconf 88' lang='lat' dir='ltr'><strong>ﬁat</strong></span> 
     </span>
    </p>
   </div>
   <div class='ocr_carea' id='block_1_58' title="bbox 477 3903 2054 3975">
    <p class='ocr_par' dir='ltr' id='par_1_58' title="bbox 477 3903 2054 3975">
     <span class='ocr_line' id='line_1_58' title="bbox 477 3903 2054 3975; baseline 0.004 -19"><span class='ocrx_word' id='word_1_428' title='bbox 477 3904 623 3963; x_wconf 88' lang='lat' dir='ltr'><strong>labor</strong></span> <span class='ocrx_word' id='word_1_429' title='bbox 648 3904 854 3957; x_wconf 82' lang='lat' dir='ltr'><strong>noster?</strong></span> <span class='ocrx_word' id='word_1_430' title='bbox 891 3903 1029 3970; x_wconf 86' lang='lat' dir='ltr'><strong>Quid</strong></span> <span class='ocrx_word' id='word_1_431' title='bbox 1061 3904 1221 3974; x_wconf 79' lang='lat' dir='ltr'><strong>igitur</strong></span> <span class='ocrx_word' id='word_1_432' title='bbox 1246 3904 1442 3959; x_wconf 87' lang='lat' dir='ltr'><strong>dixerit</strong></span> <span class='ocrx_word' id='word_1_433' title='bbox 1470 3905 1700 3975; x_wconf 86' lang='lat' dir='ltr'><strong>aliquis?</strong></span> <span class='ocrx_word' id='word_1_434' title='bbox 1740 3920 1844 3960; x_wconf 92' lang='lat' dir='ltr'><strong>non</strong></span> <span class='ocrx_word' id='word_1_435' title='bbox 1877 3907 2054 3962; x_wconf 88' lang='lat' dir='ltr'><strong>omnia</strong></span> 
     </span>
    </p>
   </div>
   <div class='ocr_carea' id='block_1_59' title="bbox 478 3995 2055 4069">
    <p class='ocr_par' dir='ltr' id='par_1_59' title="bbox 478 3995 2055 4069">
     <span class='ocr_line' id='line_1_59' title="bbox 478 3995 2055 4069; baseline -0.001 -16"><span class='ocrx_word' id='word_1_436' title='bbox 478 4012 640 4053; x_wconf 85' lang='lat' dir='ltr'><strong>nosse</strong></span> <span class='ocrx_word' id='word_1_437' title='bbox 670 3995 921 4052; x_wconf 87' lang='lat' dir='ltr'><strong>sanctos?</strong></span> <span class='ocrx_word' id='word_1_438' title='bbox 947 3995 1003 4050; x_wconf 90' lang='lat' dir='ltr'><strong>ld</strong></span> <span class='ocrx_word' id='word_1_439' title='bbox 1034 4003 1213 4051; x_wconf 83' lang='lat' dir='ltr'><strong>autem</strong></span> <span class='ocrx_word' id='word_1_440' title='bbox 1237 4012 1301 4051; x_wconf 90' lang='lat' dir='ltr'><strong>ex</strong></span> <span class='ocrx_word' id='word_1_441' title='bbox 1330 3998 1511 4052; x_wconf 91' lang='lat' dir='ltr'><strong>multis</strong></span> <span class='ocrx_word' id='word_1_442' title='bbox 1549 3998 1820 4062; x_wconf 88' lang='lat' dir='ltr'><strong>didiceris,</strong></span> <span class='ocrx_word' id='word_1_443' title='bbox 1864 4015 2055 4069; x_wconf 89' lang='lat' dir='ltr'><strong>nempe</strong></span> 
     </span>
    </p>
   </div>
   <div class='ocr_carea' id='block_1_60' title="bbox 472 4086 2049 4161">
    <p class='ocr_par' dir='ltr' id='par_1_60' title="bbox 472 4086 2049 4161">
     <span class='ocr_line' id='line_1_60' title="bbox 472 4086 2049 4161; baseline 0.001 -17"><span class='ocrx_word' id='word_1_444' title='bbox 472 4098 535 4145; x_wconf 88' lang='lat' dir='ltr'><strong>ct</strong></span> <span class='ocrx_word' id='word_1_445' title='bbox 578 4103 609 4143; x_wconf 90' lang='lat' dir='ltr'><strong>a</strong></span> <span class='ocrx_word' id='word_1_446' title='bbox 664 4087 868 4158; x_wconf 83' lang='lat' dir='ltr'><strong>primis,</strong></span> <span class='ocrx_word' id='word_1_447' title='bbox 899 4097 953 4141; x_wconf 88' lang='lat' dir='ltr'><strong>et</strong></span> <span class='ocrx_word' id='word_1_448' title='bbox 1001 4086 1067 4141; x_wconf 89' lang='lat' dir='ltr'><strong>iis</strong></span> <span class='ocrx_word' id='word_1_449' title='bbox 1112 4102 1232 4157; x_wconf 76' lang='lat' dir='ltr'><strong>qua:</strong></span> <span class='ocrx_word' id='word_1_450' title='bbox 1272 4097 1396 4142; x_wconf 89' lang='lat' dir='ltr'><strong>sunt</strong></span> <span class='ocrx_word' id='word_1_451' title='bbox 1448 4097 1631 4158; x_wconf 85' lang='lat' dir='ltr'><strong>postea</strong></span> <span class='ocrx_word' id='word_1_452' title='bbox 1688 4101 2049 4161; x_wconf 88' lang='lat' dir='ltr'><strong>consequuta:</strong></span> 
     </span>
    </p>
   </div>
   <div class='ocr_carea' id='block_1_61' title="bbox 478 4180 2056 4255">
    <p class='ocr_par' dir='ltr' id='par_1_61' title="bbox 478 4180 2056 4255">
     <span class='ocr_line' id='line_1_61' title="bbox 478 4180 2056 4255; baseline 0.001 -18"><span class='ocrx_word' id='word_1_453' title='bbox 478 4184 623 4238; x_wconf 74' lang='lat' dir='ltr'><strong>velut</strong></span> <span class='ocrx_word' id='word_1_454' title='bbox 654 4182 882 4237; x_wconf 60' lang='lat' dir='ltr'><strong>Elis-atus</strong></span> <span class='ocrx_word' id='word_1_455' title='bbox 910 4182 1172 4252; x_wconf 81' lang='lat' dir='ltr'><strong>ignoravit</strong></span> <span class='ocrx_word' id='word_1_456' title='bbox 1192 4183 1259 4237; x_wconf 90' lang='lat' dir='ltr'><strong>de</strong></span> <span class='ocrx_word' id='word_1_457' title='bbox 1285 4182 1509 4237; x_wconf 88' lang='lat' dir='ltr'><strong>muliere</strong></span> <span class='ocrx_word' id='word_1_458' title='bbox 1539 4182 1615 4255; x_wconf 71' lang='grc'><strong>(4.</strong></span> <span class='ocrx_word' id='word_1_459' title='bbox 1644 4180 1773 4254; x_wconf 79' lang='lat' dir='ltr'><strong>Reg.</strong></span> <span class='ocrx_word' id='word_1_460' title='bbox 1795 4184 1884 4248; x_wconf 62' lang='grc' dir='ltr'><strong>ᾆδε</strong></span> <span class='ocrx_word' id='word_1_461' title='bbox 1911 4183 2056 4239; x_wconf 79' lang='lat' dir='ltr'><strong>velut</strong></span> 
     </span>
    </p>
   </div>
   <div class='ocr_carea' id='block_1_62' title="bbox 478 4268 2055 4346">
    <p class='ocr_par' dir='ltr' id='par_1_62' title="bbox 478 4268 2055 4346">
     <span class='ocr_line' id='line_1_62' title="bbox 478 4268 2055 4346; baseline -0.002 -16"><span class='ocrx_word' id='word_1_462' title='bbox 478 4274 623 4331; x_wconf 80' lang='lat' dir='ltr'><strong>Elius</strong></span> <span class='ocrx_word' id='word_1_463' title='bbox 651 4274 864 4330; x_wconf 86' lang='lat' dir='ltr'><strong>dicebat</strong></span> <span class='ocrx_word' id='word_1_464' title='bbox 891 4274 1021 4340; x_wconf 86' lang='lat' dir='ltr'><strong>Deo,</strong></span> <span class='ocrx_word' id='word_1_465' title='bbox 1054 4273 1163 4346; x_wconf 84' lang='lat' dir='ltr'><strong>Ego</strong></span> <span class='ocrx_word' id='word_1_466' title='bbox 1189 4275 1393 4328; x_wconf 83' lang='lat' dir='ltr'><strong>relictus</strong></span> <span class='ocrx_word' id='word_1_467' title='bbox 1422 4290 1532 4327; x_wconf 91' lang='lat' dir='ltr'><strong>sum</strong></span> <span class='ocrx_word' id='word_1_468' title='bbox 1557 4268 1719 4338; x_wconf 77' lang='lat' dir='ltr'><strong>solus,</strong></span> <span class='ocrx_word' id='word_1_469' title='bbox 1752 4284 1798 4328; x_wconf 90' lang='lat' dir='ltr'><strong>et</strong></span> <span class='ocrx_word' id='word_1_470' title='bbox 1824 4283 2055 4342; x_wconf 78' lang='lat' dir='ltr'><strong>quwrunt</strong></span> 
     </span>
    </p>
   </div>
   <div class='ocr_carea' id='block_1_63' title="bbox 475 4365 2053 4440">
    <p class='ocr_par' dir='ltr' id='par_1_63' title="bbox 475 4365 2053 4440">
     <span class='ocr_line' id='line_1_63' title="bbox 475 4365 2053 4440; baseline -0.001 -18"><span class='ocrx_word' id='word_1_471' title='bbox 475 4370 697 4430; x_wconf 81' lang='lat' dir='ltr'><strong>animant</strong></span> <span class='ocrx_word' id='word_1_472' title='bbox 723 4384 886 4422; x_wconf 86' lang='lat' dir='ltr'><strong>meam</strong></span> <span class='ocrx_word' id='word_1_473' title='bbox 915 4366 991 4440; x_wconf 74' lang='grc' dir='ltr'><strong>(ὅ.</strong></span> <span class='ocrx_word' id='word_1_474' title='bbox 1017 4365 1146 4437; x_wconf 80' lang='lat' dir='ltr'><strong>Reg.</strong></span> <span class='ocrx_word' id='word_1_475' title='bbox 1171 4366 1259 4421; x_wconf 82' lang='grc'><strong>19.</strong></span> <span class='ocrx_word' id='word_1_476' title='bbox 1288 4366 1373 4421; x_wconf 89' lang='grc'><strong>10.</strong></span> <span class='ocrx_word' id='word_1_477' title='bbox 1399 4365 1513 4435; x_wconf 82' lang='grc'><strong>18).</strong></span> <span class='ocrx_word' id='word_1_478' title='bbox 1538 4366 1823 4436; x_wconf 83' lang='lat' dir='ltr'><strong>Propterea</strong></span> <span class='ocrx_word' id='word_1_479' title='bbox 1852 4365 2053 4421; x_wconf 83' lang='lat' dir='ltr'><strong>audivit</strong></span> 
     </span>
    </p>
   </div>
   <div class='ocr_carea' id='block_1_64' title="bbox 476 4457 2047 4529">
    <p class='ocr_par' dir='ltr' id='par_1_64' title="bbox 476 4457 2047 4529">
     <span class='ocr_line' id='line_1_64' title="bbox 476 4457 2047 4529; baseline -0.002 -15"><span class='ocrx_word' id='word_1_480' title='bbox 476 4476 505 4519; x_wconf 80' lang='lat' dir='ltr'><strong>tt</strong></span> <span class='ocrx_word' id='word_1_481' title='bbox 553 4460 680 4526; x_wconf 86' lang='lat' dir='ltr'><strong>Deo,</strong></span> <span class='ocrx_word' id='word_1_482' title='bbox 717 4459 916 4529; x_wconf 79' lang='lat' dir='ltr'><strong>Reliqui</strong></span> <span class='ocrx_word' id='word_1_483' title='bbox 949 4459 1072 4512; x_wconf 88' lang='lat' dir='ltr'><strong>mihi</strong></span> <span class='ocrx_word' id='word_1_484' title='bbox 1120 4468 1310 4524; x_wconf 78' lang='lat' dir='ltr'><strong>septem</strong></span> <span class='ocrx_word' id='word_1_485' title='bbox 1357 4457 1521 4511; x_wconf 88' lang='lat' dir='ltr'><strong>millia</strong></span> <span class='ocrx_word' id='word_1_486' title='bbox 1562 4459 1783 4511; x_wconf 87' lang='lat' dir='ltr'><strong>virorum</strong></span> <span class='ocrx_word' id='word_1_487' title='bbox 1814 4458 1888 4528; x_wconf 83' lang='grc'><strong>(1.</strong></span> <span class='ocrx_word' id='word_1_488' title='bbox 1924 4459 2047 4527; x_wconf 83' lang='lat' dir='ltr'><strong>Reg.</strong></span> 
     </span>
    </p>
   </div>
   <div class='ocr_carea' id='block_1_65' title="bbox 477 4547 2053 4622">
    <p class='ocr_par' dir='ltr' id='par_1_65' title="bbox 477 4547 2053 4622">
     <span class='ocr_line' id='line_1_65' title="bbox 477 4547 2053 4622; baseline -0.003 -15"><span class='ocrx_word' id='word_1_489' title='bbox 477 4550 567 4607; x_wconf 86' lang='grc'><strong>16.</strong></span> <span class='ocrx_word' id='word_1_490' title='bbox 591 4549 623 4605; x_wconf 82' lang='lat'><strong>7</strong></span> <span class='ocrx_word' id='word_1_491' title='bbox 629 4561 672 4622; x_wconf 83' lang='grc'><strong>).</strong></span> <span class='ocrx_word' id='word_1_492' title='bbox 695 4549 763 4605; x_wconf 84' lang='grc' dir='ltr'><strong>Ει</strong></span> <span class='ocrx_word' id='word_1_493' title='bbox 785 4549 1003 4606; x_wconf 84' lang='lat' dir='ltr'><strong>Samuel</strong></span> <span class='ocrx_word' id='word_1_494' title='bbox 1028 4563 1214 4604; x_wconf 89' lang='lat' dir='ltr'><strong>rttrsns</strong></span> <span class='ocrx_word' id='word_1_495' title='bbox 1233 4547 1450 4619; x_wconf 91' lang='lat' dir='ltr'><strong>quando</strong></span> <span class='ocrx_word' id='word_1_496' title='bbox 1481 4548 1677 4603; x_wconf 89' lang='lat' dir='ltr'><strong>missus</strong></span> <span class='ocrx_word' id='word_1_497' title='bbox 1705 4547 1803 4602; x_wconf 88' lang='lat' dir='ltr'><strong>fuit</strong></span> <span class='ocrx_word' id='word_1_498' title='bbox 1831 4565 1858 4601; x_wconf 90' lang='lat' dir='ltr'><strong>a</strong></span> <span class='ocrx_word' id='word_1_499' title='bbox 1889 4547 2053 4603; x_wconf 87' lang='lat' dir='ltr'><strong>David</strong></span> 
     </span>
    </p>
   </div>
   <div class='ocr_carea' id='block_1_66' title="bbox 478 4638 2054 4711">
    <p class='ocr_par' dir='ltr' id='par_1_66' title="bbox 478 4638 2054 4711">
     <span class='ocr_line' id='line_1_66' title="bbox 478 4638 2054 4711; baseline -0.002 -15"><span class='ocrx_word' id='word_1_500' title='bbox 478 4640 785 4711; x_wconf 87' lang='lat' dir='ltr'><strong>ungendum</strong></span> <span class='ocrx_word' id='word_1_501' title='bbox 819 4658 833 4695; x_wconf 89' lang='lat'><strong>:</strong></span> <span class='ocrx_word' id='word_1_502' title='bbox 882 4640 1050 4708; x_wconf 74' lang='lat' dir='ltr'><strong>Dixit,</strong></span> <span class='ocrx_word' id='word_1_503' title='bbox 1078 4640 1270 4709; x_wconf 89' lang='lat' dir='ltr'><strong>inquit,</strong></span> <span class='ocrx_word' id='word_1_504' title='bbox 1298 4640 1344 4692; x_wconf 90' lang='lat' dir='ltr'><strong>ei</strong></span> <span class='ocrx_word' id='word_1_505' title='bbox 1382 4638 1630 4693; x_wconf 87' lang='lat' dir='ltr'><strong>Dominus</strong></span> <span class='ocrx_word' id='word_1_506' title='bbox 1652 4655 1671 4693; x_wconf 92' lang='lat'><strong><em>:</em></strong></span> <span class='ocrx_word' id='word_1_507' title='bbox 1700 4638 1784 4692; x_wconf 85' lang='lat' dir='ltr'><strong>Ne</strong></span> <span class='ocrx_word' id='word_1_508' title='bbox 1821 4639 2054 4694; x_wconf 86' lang='lat' dir='ltr'><strong>attendas</strong></span> 
     </span>
    </p>
   </div>
   <div class='ocr_carea' id='block_1_67' title="bbox 476 4730 2052 4802">
    <p class='ocr_par' dir='ltr' id='par_1_67' title="bbox 476 4730 2052 4802">
     <span class='ocr_line' id='line_1_67' title="bbox 476 4730 2052 4802; baseline -0.003 -16"><span class='ocrx_word' id='word_1_509' title='bbox 476 4734 588 4802; x_wconf 79' lang='lat' dir='ltr'><strong>ejus</strong></span> <span class='ocrx_word' id='word_1_510' title='bbox 629 4732 869 4802; x_wconf 85' lang='lat' dir='ltr'><strong>speciem,</strong></span> <span class='ocrx_word' id='word_1_511' title='bbox 895 4747 1053 4799; x_wconf 89' lang='lat' dir='ltr'><strong>neque</strong></span> <span class='ocrx_word' id='word_1_512' title='bbox 1099 4730 1326 4785; x_wconf 87' lang='lat' dir='ltr'><strong>habitum</strong></span> <span class='ocrx_word' id='word_1_513' title='bbox 1369 4730 1731 4801; x_wconf 81' lang='lat' dir='ltr'><strong>magnitudinis</strong></span> <span class='ocrx_word' id='word_1_514' title='bbox 1763 4732 1895 4801; x_wconf 84' lang='lat' dir='ltr'><strong>ejus,</strong></span> <span class='ocrx_word' id='word_1_515' title='bbox 1923 4746 2052 4800; x_wconf 86' lang='lat' dir='ltr'><strong>quo-</strong></span> 
     </span>
    </p>
   </div>
   <div class='ocr_carea' id='block_1_68' title="bbox 473 4822 2053 4893">
    <p class='ocr_par' dir='ltr' id='par_1_68' title="bbox 473 4822 2053 4893">
     <span class='ocr_line' id='line_1_68' title="bbox 473 4822 2053 4893; baseline -0.003 -15"><span class='ocrx_word' id='word_1_516' title='bbox 473 4824 610 4878; x_wconf 83' lang='lat' dir='ltr'><strong>niam</strong></span> <span class='ocrx_word' id='word_1_517' title='bbox 657 4839 772 4878; x_wconf 90' lang='lat' dir='ltr'><strong>eum</strong></span> <span class='ocrx_word' id='word_1_518' title='bbox 818 4822 967 4876; x_wconf 88' lang='lat' dir='ltr'><strong>nihili</strong></span> <span class='ocrx_word' id='word_1_519' title='bbox 995 4822 1094 4893; x_wconf 83' lang='lat' dir='ltr'><strong>feci</strong></span> <span class='ocrx_word' id='word_1_520' title='bbox 1126 4823 1406 4891; x_wconf 87' lang='lat' dir='ltr'><strong>:quoniam</strong></span> <span class='ocrx_word' id='word_1_521' title='bbox 1453 4838 1554 4875; x_wconf 85' lang='lat' dir='ltr'><strong>non</strong></span> <span class='ocrx_word' id='word_1_522' title='bbox 1606 4830 1859 4890; x_wconf 85' lang='lat' dir='ltr'><strong>tamquam</strong></span> <span class='ocrx_word' id='word_1_523' title='bbox 1904 4822 2053 4875; x_wconf 91' lang='lat' dir='ltr'><strong>homo</strong></span> 
     </span>
    </p>
   </div>
   <div class='ocr_carea' id='block_1_69' title="bbox 470 4912 2054 4982">
    <p class='ocr_par' dir='ltr' id='par_1_69' title="bbox 470 4912 2054 4982">
     <span class='ocr_line' id='line_1_69' title="bbox 470 4912 2054 4982; baseline -0.004 -11"><span class='ocrx_word' id='word_1_524' title='bbox 470 4916 653 4971; x_wconf 78' lang='lat' dir='ltr'><strong>videbit</strong></span> <span class='ocrx_word' id='word_1_525' title='bbox 685 4913 864 4968; x_wconf 88' lang='lat' dir='ltr'><strong>Deus:</strong></span> <span class='ocrx_word' id='word_1_526' title='bbox 909 4913 1056 4966; x_wconf 87' lang='lat' dir='ltr'><strong>homo</strong></span> <span class='ocrx_word' id='word_1_527' title='bbox 1087 4912 1221 4965; x_wconf 89' lang='lat' dir='ltr'><strong>enim</strong></span> <span class='ocrx_word' id='word_1_528' title='bbox 1259 4913 1451 4966; x_wconf 88' lang='lat' dir='ltr'><strong>vultum</strong></span> <span class='ocrx_word' id='word_1_529' title='bbox 1496 4912 1724 4982; x_wconf 78' lang='lat' dir='ltr'><strong>aspiciet,</strong></span> <span class='ocrx_word' id='word_1_530' title='bbox 1762 4927 1848 4964; x_wconf 84' lang='lat' dir='ltr'><strong>cor</strong></span> <span class='ocrx_word' id='word_1_531' title='bbox 1886 4921 2054 4965; x_wconf 87' lang='lat' dir='ltr'><strong>autem</strong></span> 
     </span>
    </p>
   </div>
   <div class='ocr_carea' id='block_1_70' title="bbox 473 5001 2050 5072">
    <p class='ocr_par' dir='ltr' id='par_1_70' title="bbox 473 5001 2050 5072">
     <span class='ocr_line' id='line_1_70' title="bbox 473 5001 2050 5072; baseline -0.003 -12"><span class='ocrx_word' id='word_1_532' title='bbox 473 5004 634 5060; x_wconf 86' lang='lat' dir='ltr'><strong>Deus.</strong></span> <span class='ocrx_word' id='word_1_533' title='bbox 669 5004 782 5060; x_wconf 86' lang='lat' dir='ltr'><strong>lloc</strong></span> <span class='ocrx_word' id='word_1_534' title='bbox 807 5014 986 5058; x_wconf 88' lang='lat' dir='ltr'><strong>autem</strong></span> <span class='ocrx_word' id='word_1_535' title='bbox 1019 5001 1078 5056; x_wconf 89' lang='lat' dir='ltr'><strong>lit</strong></span> <span class='ocrx_word' id='word_1_536' title='bbox 1113 5018 1304 5072; x_wconf 89' lang='lat' dir='ltr'><strong>magna</strong></span> <span class='ocrx_word' id='word_1_537' title='bbox 1337 5002 1432 5057; x_wconf 87' lang='lat' dir='ltr'><strong>Dei</strong></span> <span class='ocrx_word' id='word_1_538' title='bbox 1463 5018 1589 5058; x_wconf 91' lang='lat' dir='ltr'><strong>cura</strong></span> <span class='ocrx_word' id='word_1_539' title='bbox 1617 5012 1673 5058; x_wconf 90' lang='lat' dir='ltr'><strong>ct</strong></span> <span class='ocrx_word' id='word_1_540' title='bbox 1697 5001 2050 5072; x_wconf 85' lang='lat' dir='ltr'><strong>providentia.</strong></span> 
     </span>
    </p>
   </div>
   <div class='ocr_carea' id='block_1_71' title="bbox 472 5092 2051 5169">
    <p class='ocr_par' dir='ltr' id='par_1_71' title="bbox 472 5092 2051 5169">
     <span class='ocr_line' id='line_1_71' title="bbox 472 5092 2051 5169; baseline -0.004 -17"><span class='ocrx_word' id='word_1_541' title='bbox 472 5096 755 5169; x_wconf 88' lang='lat' dir='ltr'><strong>Quomodo</strong></span> <span class='ocrx_word' id='word_1_542' title='bbox 779 5106 831 5151; x_wconf 90' lang='lat' dir='ltr'><strong>et</strong></span> <span class='ocrx_word' id='word_1_543' title='bbox 857 5109 1087 5167; x_wconf 87' lang='lat' dir='ltr'><strong>quanam</strong></span> <span class='ocrx_word' id='word_1_544' title='bbox 1115 5094 1357 5148; x_wconf 79' lang='lat' dir='ltr'><strong>ratione?</strong></span> <span class='ocrx_word' id='word_1_545' title='bbox 1387 5092 1455 5148; x_wconf 89' lang='lat' dir='ltr'><strong>Et</strong></span> <span class='ocrx_word' id='word_1_546' title='bbox 1492 5102 1710 5163; x_wconf 83' lang='lat' dir='ltr'><strong>pmpter</strong></span> <span class='ocrx_word' id='word_1_547' title='bbox 1756 5093 1901 5163; x_wconf 89' lang='lat' dir='ltr'><strong>ipsos</strong></span> <span class='ocrx_word' id='word_1_548' title='bbox 1925 5107 2051 5149; x_wconf 86' lang='lat' dir='ltr'><strong>san-</strong></span> 
     </span>
    </p>
   </div>
   <div class='ocr_carea' id='block_1_72' title="bbox 469 5182 2052 5259">
    <p class='ocr_par' dir='ltr' id='par_1_72' title="bbox 469 5182 2052 5259">
     <span class='ocr_line' id='line_1_72' title="bbox 469 5182 2052 5259; baseline -0.005 -14"><span class='ocrx_word' id='word_1_549' title='bbox 469 5198 610 5257; x_wconf 90' lang='lat' dir='ltr'><strong>ctos,</strong></span> <span class='ocrx_word' id='word_1_550' title='bbox 651 5198 706 5244; x_wconf 89' lang='lat' dir='ltr'><strong>et</strong></span> <span class='ocrx_word' id='word_1_551' title='bbox 737 5196 957 5259; x_wconf 84' lang='lat' dir='ltr'><strong>prepter</strong></span> <span class='ocrx_word' id='word_1_552' title='bbox 1000 5198 1094 5241; x_wconf 90' lang='lat' dir='ltr'><strong>eos</strong></span> <span class='ocrx_word' id='word_1_553' title='bbox 1120 5183 1210 5256; x_wconf 91' lang='lat' dir='ltr'><strong>qui</strong></span> <span class='ocrx_word' id='word_1_554' title='bbox 1261 5184 1390 5254; x_wconf 87' lang='lat' dir='ltr'><strong>ipsis</strong></span> <span class='ocrx_word' id='word_1_555' title='bbox 1415 5184 1657 5239; x_wconf 87' lang='lat' dir='ltr'><strong>credunt.</strong></span> <span class='ocrx_word' id='word_1_556' title='bbox 1712 5182 1861 5239; x_wconf 90' lang='lat' dir='ltr'><strong>Sicut</strong></span> <span class='ocrx_word' id='word_1_557' title='bbox 1910 5184 2052 5239; x_wconf 90' lang='lat' dir='ltr'><strong>enim</strong></span> 
     </span>
    </p>
   </div>
   <div class='ocr_carea' id='block_1_73' title="bbox 470 5278 2065 5353">
    <p class='ocr_par' dir='ltr' id='par_1_73' title="bbox 470 5278 2065 5353">
     <span class='ocr_line' id='line_1_73' title="bbox 470 5278 2065 5353; baseline -0.003 -15"><span class='ocrx_word' id='word_1_558' title='bbox 470 5284 587 5352; x_wconf 90' lang='lat' dir='ltr'><strong>ipse</strong></span> <span class='ocrx_word' id='word_1_559' title='bbox 612 5281 870 5352; x_wconf 82' lang='lat' dir='ltr'><strong>permittit</strong></span> <span class='ocrx_word' id='word_1_560' title='bbox 896 5279 1008 5335; x_wconf 87' lang='lat' dir='ltr'><strong>lieri</strong></span> <span class='ocrx_word' id='word_1_561' title='bbox 1032 5278 1492 5350; x_wconf 88' lang='lat' dir='ltr'><strong>persequutiones,</strong></span> <span class='ocrx_word' id='word_1_562' title='bbox 1512 5278 1583 5332; x_wconf 89' lang='lat' dir='ltr'><strong>ita</strong></span> <span class='ocrx_word' id='word_1_563' title='bbox 1604 5279 1764 5333; x_wconf 87' lang='lat' dir='ltr'><strong>etiam</strong></span> <span class='ocrx_word' id='word_1_564' title='bbox 1796 5279 1908 5349; x_wconf 90' lang='lat' dir='ltr'><strong>ipse</strong></span> <span class='ocrx_word' id='word_1_565' title='bbox 1931 5294 2065 5353; x_wconf 10' lang='lat' dir='ltr'><strong>per-7</strong></span> 
     </span>
    </p>
   </div>
   <div class='ocr_carea' id='block_1_74' title="bbox 471 5368 2050 5440">
    <p class='ocr_par' dir='ltr' id='par_1_74' title="bbox 471 5368 2050 5440">
     <span class='ocr_line' id='line_1_74' title="bbox 471 5368 2050 5440; baseline -0.003 -11"><span class='ocrx_word' id='word_1_566' title='bbox 471 5372 637 5429; x_wconf 86' lang='lat' dir='ltr'><strong>mittit</strong></span> <span class='ocrx_word' id='word_1_567' title='bbox 664 5387 758 5428; x_wconf 85' lang='lat' dir='ltr'><strong>eos</strong></span> <span class='ocrx_word' id='word_1_568' title='bbox 804 5370 970 5426; x_wconf 86' lang='lat' dir='ltr'><strong>multa</strong></span> <span class='ocrx_word' id='word_1_569' title='bbox 1016 5372 1283 5440; x_wconf 89' lang='lat' dir='ltr'><strong>ignorare,</strong></span> <span class='ocrx_word' id='word_1_570' title='bbox 1314 5379 1372 5425; x_wconf 91' lang='lat' dir='ltr'><strong>ut</strong></span> <span class='ocrx_word' id='word_1_571' title='bbox 1399 5368 1463 5423; x_wconf 88' lang='lat' dir='ltr'><strong>ad</strong></span> <span class='ocrx_word' id='word_1_572' title='bbox 1510 5369 1724 5424; x_wconf 86' lang='lat' dir='ltr'><strong>modum</strong></span> <span class='ocrx_word' id='word_1_573' title='bbox 1770 5369 2050 5440; x_wconf 85' lang='lat' dir='ltr'><strong>quemdam</strong></span> 
     </span>
    </p>
   </div>
   <div class='ocr_carea' id='block_1_75' title="bbox 472 5448 2052 5531">
    <p class='ocr_par' dir='ltr' id='par_1_75' title="bbox 472 5448 2052 5531">
     <span class='ocr_line' id='line_1_75' title="bbox 472 5448 2052 5531; baseline -0.005 -11"><span class='ocrx_word' id='word_1_574' title='bbox 472 5448 821 5520; x_wconf 80' lang='lat' dir='ltr'><strong>reducantur.</strong></span> <span class='ocrx_word' id='word_1_575' title='bbox 867 5461 1155 5531; x_wconf 86' lang='lat' dir='ltr'><strong>Propterea</strong></span> <span class='ocrx_word' id='word_1_576' title='bbox 1197 5460 1393 5515; x_wconf 88' lang='lat' dir='ltr'><strong>Paulus</strong></span> <span class='ocrx_word' id='word_1_577' title='bbox 1417 5475 1628 5530; x_wconf 86' lang='lat' dir='ltr'><strong>quoque</strong></span> <span class='ocrx_word' id='word_1_578' title='bbox 1658 5460 1903 5514; x_wconf 83' lang='lat' dir='ltr'><strong>dicebat:</strong></span> <span class='ocrx_word' id='word_1_579' title='bbox 1939 5459 2052 5513; x_wconf 85' lang='lat' dir='ltr'><strong>Da-</strong></span> 
     </span>
    </p>
   </div>
   <div class='ocr_carea' id='block_1_76' title="bbox 473 5551 2051 5624">
    <p class='ocr_par' dir='ltr' id='par_1_76' title="bbox 473 5551 2051 5624">
     <span class='ocr_line' id='line_1_76' title="bbox 473 5551 2051 5624; baseline -0.001 -17"><span class='ocrx_word' id='word_1_580' title='bbox 473 5564 556 5607; x_wconf 89' lang='lat' dir='ltr'><strong>tus</strong></span> <span class='ocrx_word' id='word_1_581' title='bbox 595 5564 667 5607; x_wconf 90' lang='lat' dir='ltr'><strong>est</strong></span> <span class='ocrx_word' id='word_1_582' title='bbox 698 5553 822 5606; x_wconf 88' lang='lat' dir='ltr'><strong>mihi</strong></span> <span class='ocrx_word' id='word_1_583' title='bbox 850 5551 1085 5606; x_wconf 89' lang='lat' dir='ltr'><strong>stimulas</strong></span> <span class='ocrx_word' id='word_1_584' title='bbox 1124 5552 1288 5615; x_wconf 86' lang='lat' dir='ltr'><strong>carni,</strong></span> <span class='ocrx_word' id='word_1_585' title='bbox 1321 5553 1530 5624; x_wconf 83' lang='lat' dir='ltr'><strong>angelus</strong></span> <span class='ocrx_word' id='word_1_586' title='bbox 1554 5563 1749 5607; x_wconf 68' lang='lat' dir='ltr'><strong>satam:</strong></span> <span class='ocrx_word' id='word_1_587' title='bbox 1774 5562 1827 5606; x_wconf 91' lang='lat' dir='ltr'><strong>ut</strong></span> <span class='ocrx_word' id='word_1_588' title='bbox 1857 5569 1933 5607; x_wconf 88' lang='lat' dir='ltr'><strong>me</strong></span> <span class='ocrx_word' id='word_1_589' title='bbox 1960 5568 2051 5606; x_wconf 84' lang='lat' dir='ltr'><strong>co-</strong></span> 
     </span>
    </p>
   </div>
   <div class='ocr_carea' id='block_1_77' title="bbox 477 5643 2055 5715">
    <p class='ocr_par' dir='ltr' id='par_1_77' title="bbox 477 5643 2055 5715">
     <span class='ocr_line' id='line_1_77' title="bbox 477 5643 2055 5715; baseline 0.003 -18"><span class='ocrx_word' id='word_1_590' title='bbox 477 5644 695 5713; x_wconf 76' lang='lat' dir='ltr'><strong>taphiset</strong></span> <span class='ocrx_word' id='word_1_591' title='bbox 722 5643 797 5715; x_wconf 70' lang='lat'><strong>(2.</strong></span> <span class='ocrx_word' id='word_1_592' title='bbox 830 5643 950 5699; x_wconf 77' lang='lat' dir='ltr'><strong>Cor.</strong></span> <span class='ocrx_word' id='word_1_593' title='bbox 984 5643 1063 5699; x_wconf 73' lang='lat' dir='ltr'><strong>l2.</strong></span> <span class='ocrx_word' id='word_1_594' title='bbox 1096 5644 1177 5714; x_wconf 84' lang='lat'><strong>7),</strong></span> <span class='ocrx_word' id='word_1_595' title='bbox 1212 5660 1279 5701; x_wconf 89' lang='lat' dir='ltr'><strong>nc</strong></span> <span class='ocrx_word' id='word_1_596' title='bbox 1310 5644 1530 5702; x_wconf 89' lang='lat' dir='ltr'><strong>nimium</strong></span> <span class='ocrx_word' id='word_1_597' title='bbox 1560 5645 1818 5714; x_wconf 75' lang='lat' dir='ltr'><strong>extollar;</strong></span> <span class='ocrx_word' id='word_1_598' title='bbox 1856 5653 1907 5705; x_wconf 88' lang='lat' dir='ltr'><strong>et</strong></span> <span class='ocrx_word' id='word_1_599' title='bbox 1934 5660 2055 5702; x_wconf 82' lang='lat' dir='ltr'><strong>rur-</strong></span> 
     </span>
    </p>
   </div>
   <div class='ocr_carea' id='block_1_78' title="bbox 2174 1804 3754 1883">
    <p class='ocr_par' dir='ltr' id='par_1_78' title="bbox 2174 1804 3754 1883">
     <span class='ocr_line' id='line_1_78' title="bbox 2174 1804 3754 1883; baseline 0.013 -28"><span class='ocrx_word' id='word_1_600' title='bbox 2174 1817 2286 1870; x_wconf 91' lang='lat' dir='ltr'><strong>sus,</strong></span> <span class='ocrx_word' id='word_1_601' title='bbox 2315 1819 2382 1860; x_wconf 88' lang='lat' dir='ltr'><strong>ne</strong></span> <span class='ocrx_word' id='word_1_602' title='bbox 2409 1804 2500 1858; x_wconf 87' lang='lat' dir='ltr'><strong>alii</strong></span> <span class='ocrx_word' id='word_1_603' title='bbox 2543 1820 2733 1876; x_wconf 90' lang='lat' dir='ltr'><strong>magna</strong></span> <span class='ocrx_word' id='word_1_604' title='bbox 2761 1806 2830 1863; x_wconf 89' lang='lat' dir='ltr'><strong>de</strong></span> <span class='ocrx_word' id='word_1_605' title='bbox 2873 1808 2979 1863; x_wconf 89' lang='lat' dir='ltr'><strong>illis</strong></span> <span class='ocrx_word' id='word_1_606' title='bbox 3026 1809 3466 1883; x_wconf 87' lang='lat' dir='ltr'><strong>imaginarentur.</strong></span> <span class='ocrx_word' id='word_1_607' title='bbox 3508 1817 3564 1874; x_wconf 86' lang='lat' dir='ltr'><strong>Si</strong></span> <span class='ocrx_word' id='word_1_608' title='bbox 3608 1821 3754 1876; x_wconf 88' lang='lat' dir='ltr'><strong>enim</strong></span> 
     </span>
    </p>
   </div>
   <div class='ocr_carea' id='block_1_79' title="bbox 2171 1895 3752 1983">
    <p class='ocr_par' dir='ltr' id='par_1_79' title="bbox 2171 1895 3752 1983">
     <span class='ocr_line' id='line_1_79' title="bbox 2171 1895 3752 1983; baseline 0.013 -35"><span class='ocrx_word' id='word_1_609' title='bbox 2171 1907 2238 1949; x_wconf 84' lang='lat' dir='ltr'><strong>ex</strong></span> <span class='ocrx_word' id='word_1_610' title='bbox 2273 1895 2442 1963; x_wconf 81' lang='lat' dir='ltr'><strong>signis</strong></span> <span class='ocrx_word' id='word_1_611' title='bbox 2479 1911 2574 1951; x_wconf 88' lang='lat' dir='ltr'><strong>eos</strong></span> <span class='ocrx_word' id='word_1_612' title='bbox 2602 1912 2723 1953; x_wconf 89' lang='lat' dir='ltr'><strong>esse</strong></span> <span class='ocrx_word' id='word_1_613' title='bbox 2752 1899 2884 1955; x_wconf 90' lang='lat' dir='ltr'><strong>deos</strong></span> <span class='ocrx_word' id='word_1_614' title='bbox 2909 1901 3286 1960; x_wconf 84' lang='lat' dir='ltr'><strong>existimarunt</strong></span> <span class='ocrx_word' id='word_1_615' title='bbox 3325 1909 3460 1977; x_wconf 78' lang='lat' dir='ltr'><strong>(Act.</strong></span> <span class='ocrx_word' id='word_1_616' title='bbox 3504 1911 3588 1966; x_wconf 70' lang='grc'><strong>14.</strong></span> <span class='ocrx_word' id='word_1_617' title='bbox 3635 1914 3752 1983; x_wconf 78' lang='grc' dir='ltr'><strong>1ο),</strong></span> 
     </span>
    </p>
   </div>
   <div class='ocr_carea' id='block_1_80' title="bbox 2171 1984 3752 2061">
    <p class='ocr_par' dir='ltr' id='par_1_80' title="bbox 2171 1984 3752 2061">
     <span class='ocr_line' id='line_1_80' title="bbox 2171 1984 3752 2061; baseline 0.015 -24"><span class='ocrx_word' id='word_1_618' title='bbox 2171 1985 2341 2039; x_wconf 90' lang='lat' dir='ltr'><strong>multo</strong></span> <span class='ocrx_word' id='word_1_619' title='bbox 2370 1987 2539 2057; x_wconf 88' lang='lat' dir='ltr'><strong>magis</strong></span> <span class='ocrx_word' id='word_1_620' title='bbox 2567 1989 2612 2042; x_wconf 89' lang='lat' dir='ltr'><strong>si</strong></span> <span class='ocrx_word' id='word_1_621' title='bbox 2652 2000 2912 2060; x_wconf 77' lang='lat' dir='ltr'><strong>pcipetuo</strong></span> <span class='ocrx_word' id='word_1_622' title='bbox 2937 1994 3265 2051; x_wconf 83' lang='lat' dir='ltr'><strong>mansissent</strong></span> <span class='ocrx_word' id='word_1_623' title='bbox 3293 2000 3524 2056; x_wconf 87' lang='lat' dir='ltr'><strong>scientes</strong></span> <span class='ocrx_word' id='word_1_624' title='bbox 3548 1984 3752 2061; x_wconf 64' lang='lat' dir='ltr'><strong>ciuilia.</strong></span> 
     </span>
    </p>
   </div>
   <div class='ocr_carea' id='block_1_81' title="bbox 2171 2075 3756 2162">
    <p class='ocr_par' dir='ltr' id='par_1_81' title="bbox 2171 2075 3756 2162">
     <span class='ocr_line' id='line_1_81' title="bbox 2171 2075 3756 2162; baseline 0.013 -33"><span class='ocrx_word' id='word_1_625' title='bbox 2171 2075 2236 2130; x_wconf 87' lang='lat' dir='ltr'><strong>Et</strong></span> <span class='ocrx_word' id='word_1_626' title='bbox 2270 2077 2386 2146; x_wconf 87' lang='lat' dir='ltr'><strong>ipse</strong></span> <span class='ocrx_word' id='word_1_627' title='bbox 2415 2093 2601 2134; x_wconf 88' lang='lat' dir='ltr'><strong>rursus</strong></span> <span class='ocrx_word' id='word_1_628' title='bbox 2624 2080 2756 2135; x_wconf 87' lang='lat' dir='ltr'><strong>dicit</strong></span> <span class='ocrx_word' id='word_1_629' title='bbox 2779 2098 2793 2134; x_wconf 90' lang='lat'><strong>:</strong></span> <span class='ocrx_word' id='word_1_630' title='bbox 2845 2080 2931 2136; x_wconf 87' lang='lat' dir='ltr'><strong>Ne</strong></span> <span class='ocrx_word' id='word_1_631' title='bbox 2956 2084 3072 2152; x_wconf 81' lang='lat' dir='ltr'><strong>quis</strong></span> <span class='ocrx_word' id='word_1_632' title='bbox 3097 2085 3161 2138; x_wconf 93' lang='lat' dir='ltr'><strong>de</strong></span> <span class='ocrx_word' id='word_1_633' title='bbox 3188 2104 3267 2141; x_wconf 90' lang='lat' dir='ltr'><strong>me</strong></span> <span class='ocrx_word' id='word_1_634' title='bbox 3293 2092 3475 2160; x_wconf 77' lang='lat' dir='ltr'><strong>cogitet</strong></span> <span class='ocrx_word' id='word_1_635' title='bbox 3504 2109 3661 2162; x_wconf 85' lang='lat' dir='ltr'><strong>supra</strong></span> <span class='ocrx_word' id='word_1_636' title='bbox 3697 2097 3756 2149; x_wconf 83' lang='lat' dir='ltr'><strong>id</strong></span> 
     </span>
    </p>
   </div>
   <div class='ocr_carea' id='block_1_82' title="bbox 2169 2169 3748 2254">
    <p class='ocr_par' dir='ltr' id='par_1_82' title="bbox 2169 2169 3748 2254">
     <span class='ocr_line' id='line_1_82' title="bbox 2169 2169 3748 2254; baseline 0.014 -35"><span class='ocrx_word' id='word_1_637' title='bbox 2169 2170 2303 2236; x_wconf 80' lang='lat' dir='ltr'><strong>quod</strong></span> <span class='ocrx_word' id='word_1_638' title='bbox 2330 2169 2461 2222; x_wconf 86' lang='lat' dir='ltr'><strong>videt</strong></span> <span class='ocrx_word' id='word_1_639' title='bbox 2489 2186 2595 2224; x_wconf 89' lang='lat' dir='ltr'><strong>esse</strong></span> <span class='ocrx_word' id='word_1_640' title='bbox 2638 2187 2738 2235; x_wconf 91' lang='lat' dir='ltr'><strong>me,</strong></span> <span class='ocrx_word' id='word_1_641' title='bbox 2767 2183 2857 2225; x_wconf 86' lang='lat' dir='ltr'><strong>aut</strong></span> <span class='ocrx_word' id='word_1_642' title='bbox 2894 2189 2959 2227; x_wconf 84' lang='lat' dir='ltr'><strong>ea:</strong></span> <span class='ocrx_word' id='word_1_643' title='bbox 2995 2191 3075 2229; x_wconf 89' lang='lat' dir='ltr'><strong>me</strong></span> <span class='ocrx_word' id='word_1_644' title='bbox 3116 2178 3260 2231; x_wconf 88' lang='lat' dir='ltr'><strong>audit</strong></span> <span class='ocrx_word' id='word_1_645' title='bbox 3289 2180 3486 2251; x_wconf 86' lang='lat' dir='ltr'><strong>aliquid</strong></span> <span class='ocrx_word' id='word_1_646' title='bbox 3513 2183 3588 2254; x_wconf 72' lang='lat'><strong>(2.</strong></span> <span class='ocrx_word' id='word_1_647' title='bbox 3626 2183 3748 2241; x_wconf 86' lang='lat' dir='ltr'><strong>Cor.</strong></span> 
     </span>
    </p>
   </div>
   <div class='ocr_carea' id='block_1_83' title="bbox 2170 2258 3755 2343">
    <p class='ocr_par' dir='ltr' id='par_1_83' title="bbox 2170 2258 3755 2343">
     <span class='ocr_line' id='line_1_83' title="bbox 2170 2258 3755 2343; baseline 0.013 -30"><span class='ocrx_word' id='word_1_648' title='bbox 2170 2258 2259 2313; x_wconf 74' lang='grc'><strong>12.</strong></span> <span class='ocrx_word' id='word_1_649' title='bbox 2287 2260 2365 2329; x_wconf 88' lang='lat'><strong>6).</strong></span> <span class='ocrx_word' id='word_1_650' title='bbox 2391 2261 2455 2315; x_wconf 86' lang='lat' dir='ltr'><strong>Et</strong></span> <span class='ocrx_word' id='word_1_651' title='bbox 2485 2277 2672 2318; x_wconf 90' lang='lat' dir='ltr'><strong>rursus</strong></span> <span class='ocrx_word' id='word_1_652' title='bbox 2698 2264 2825 2319; x_wconf 84' lang='lat' dir='ltr'><strong>audi</strong></span> <span class='ocrx_word' id='word_1_653' title='bbox 2854 2265 3070 2322; x_wconf 88' lang='lat' dir='ltr'><strong>Petrum</strong></span> <span class='ocrx_word' id='word_1_654' title='bbox 3098 2269 3386 2338; x_wconf 89' lang='lat' dir='ltr'><strong>dicentem,</strong></span> <span class='ocrx_word' id='word_1_655' title='bbox 3419 2277 3631 2343; x_wconf 88' lang='lat' dir='ltr'><strong>quando</strong></span> <span class='ocrx_word' id='word_1_656' title='bbox 3656 2294 3755 2333; x_wconf 84' lang='lat' dir='ltr'><strong>cu-</strong></span> 
     </span>
    </p>
   </div>
   <div class='ocr_carea' id='block_1_84' title="bbox 2168 2352 3753 2431">
    <p class='ocr_par' dir='ltr' id='par_1_84' title="bbox 2168 2352 3753 2431">
     <span class='ocr_line' id='line_1_84' title="bbox 2168 2352 3753 2431; baseline 0.011 -27"><span class='ocrx_word' id='word_1_657' title='bbox 2168 2352 2308 2405; x_wconf 87' lang='lat' dir='ltr'><strong>ravit</strong></span> <span class='ocrx_word' id='word_1_658' title='bbox 2336 2352 2621 2407; x_wconf 84' lang='lat' dir='ltr'><strong>claudum:</strong></span> <span class='ocrx_word' id='word_1_659' title='bbox 2659 2354 2796 2422; x_wconf 85' lang='lat' dir='ltr'><strong>Quid</strong></span> <span class='ocrx_word' id='word_1_660' title='bbox 2842 2373 2932 2411; x_wconf 88' lang='lat' dir='ltr'><strong>nos</strong></span> <span class='ocrx_word' id='word_1_661' title='bbox 2974 2359 3093 2427; x_wconf 73' lang='lat' dir='ltr'><strong>ﬁxis</strong></span> <span class='ocrx_word' id='word_1_662' title='bbox 3137 2361 3365 2429; x_wconf 82' lang='lat' dir='ltr'><strong>aspicitis</strong></span> <span class='ocrx_word' id='word_1_663' title='bbox 3395 2366 3575 2431; x_wconf 86' lang='lat' dir='ltr'><strong>oculis,</strong></span> <span class='ocrx_word' id='word_1_664' title='bbox 3618 2378 3753 2421; x_wconf 81' lang='lat' dir='ltr'><strong>tant—</strong></span> 
     </span>
    </p>
   </div>
   <div class='ocr_carea' id='block_1_85' title="bbox 2168 2446 3752 2521">
    <p class='ocr_par' dir='ltr' id='par_1_85' title="bbox 2168 2446 3752 2521">
     <span class='ocr_line' id='line_1_85' title="bbox 2168 2446 3752 2521; baseline 0.013 -27"><span class='ocrx_word' id='word_1_665' title='bbox 2168 2458 2321 2510; x_wconf 88' lang='lat' dir='ltr'><strong>quam</strong></span> <span class='ocrx_word' id='word_1_666' title='bbox 2360 2454 2536 2498; x_wconf 87' lang='lat' dir='ltr'><strong>uostra</strong></span> <span class='ocrx_word' id='word_1_667' title='bbox 2564 2446 2745 2499; x_wconf 80' lang='lat' dir='ltr'><strong>virtute</strong></span> <span class='ocrx_word' id='word_1_668' title='bbox 2786 2458 2875 2501; x_wconf 90' lang='lat' dir='ltr'><strong>aut</strong></span> <span class='ocrx_word' id='word_1_669' title='bbox 2905 2451 3090 2518; x_wconf 85' lang='lat' dir='ltr'><strong>pietate</strong></span> <span class='ocrx_word' id='word_1_670' title='bbox 3132 2454 3398 2521; x_wconf 78' lang='lat' dir='ltr'><strong>fecerimus</strong></span> <span class='ocrx_word' id='word_1_671' title='bbox 3430 2474 3541 2510; x_wconf 84' lang='lat' dir='ltr'><strong>eum</strong></span> <span class='ocrx_word' id='word_1_672' title='bbox 3570 2460 3752 2514; x_wconf 81' lang='lat' dir='ltr'><strong>ambu-</strong></span> 
     </span>
    </p>
   </div>
   <div class='ocr_carea' id='block_1_86' title="bbox 2167 2532 3752 2607">
    <p class='ocr_par' dir='ltr' id='par_1_86' title="bbox 2167 2532 3752 2607">
     <span class='ocr_line' id='line_1_86' title="bbox 2167 2532 3752 2607; baseline 0.013 -23"><span class='ocrx_word' id='word_1_673' title='bbox 2167 2532 2276 2585; x_wconf 87' lang='lat' dir='ltr'><strong>lare</strong></span> <span class='ocrx_word' id='word_1_674' title='bbox 2303 2534 2441 2602; x_wconf 82' lang='lat' dir='ltr'><strong>(Act.</strong></span> <span class='ocrx_word' id='word_1_675' title='bbox 2472 2535 2526 2589; x_wconf 80' lang='lat'><strong>5.</strong></span> <span class='ocrx_word' id='word_1_676' title='bbox 2580 2535 2712 2607; x_wconf 70' lang='lat'><strong>12)?</strong></span> <span class='ocrx_word' id='word_1_677' title='bbox 2740 2538 2795 2593; x_wconf 90' lang='lat' dir='ltr'><strong>Si</strong></span> <span class='ocrx_word' id='word_1_678' title='bbox 2842 2548 3026 2594; x_wconf 88' lang='lat' dir='ltr'><strong>autem</strong></span> <span class='ocrx_word' id='word_1_679' title='bbox 3074 2541 3160 2595; x_wconf 90' lang='lat' dir='ltr'><strong>his</strong></span> <span class='ocrx_word' id='word_1_680' title='bbox 3208 2543 3320 2598; x_wconf 74' lang='lat' dir='ltr'><strong>haec</strong></span> <span class='ocrx_word' id='word_1_681' title='bbox 3349 2545 3651 2603; x_wconf 88' lang='lat' dir='ltr'><strong>dicentibus</strong></span> <span class='ocrx_word' id='word_1_682' title='bbox 3691 2559 3752 2605; x_wconf 87' lang='lat' dir='ltr'><strong>et</strong></span> 
     </span>
    </p>
   </div>
   <div class='ocr_carea' id='block_1_87' title="bbox 2166 2623 3749 2707">
    <p class='ocr_par' dir='ltr' id='par_1_87' title="bbox 2166 2623 3749 2707">
     <span class='ocr_line' id='line_1_87' title="bbox 2166 2623 3749 2707; baseline 0.012 -30"><span class='ocrx_word' id='word_1_683' title='bbox 2166 2623 2504 2692; x_wconf 85' lang='lat' dir='ltr'><strong>facientibus,</strong></span> <span class='ocrx_word' id='word_1_684' title='bbox 2537 2626 2622 2682; x_wconf 88' lang='lat' dir='ltr'><strong>vel</strong></span> <span class='ocrx_word' id='word_1_685' title='bbox 2664 2642 2734 2683; x_wconf 84' lang='lat' dir='ltr'><strong>ex</strong></span> <span class='ocrx_word' id='word_1_686' title='bbox 2781 2630 2962 2699; x_wconf 90' lang='lat' dir='ltr'><strong>parvis</strong></span> <span class='ocrx_word' id='word_1_687' title='bbox 3001 2632 3080 2686; x_wconf 92' lang='lat' dir='ltr'><strong>sic</strong></span> <span class='ocrx_word' id='word_1_688' title='bbox 3106 2633 3418 2690; x_wconf 87' lang='lat' dir='ltr'><strong>oriebantur</strong></span> <span class='ocrx_word' id='word_1_689' title='bbox 3445 2654 3619 2707; x_wconf 63' lang='lat' dir='ltr'><strong>prava</strong></span> <span class='ocrx_word' id='word_1_690' title='bbox 3648 2654 3749 2696; x_wconf 85' lang='lat' dir='ltr'><strong>su-</strong></span> 
     </span>
    </p>
   </div>
   <div class='ocr_carea' id='block_1_88' title="bbox 2165 2714 3751 2801">
    <p class='ocr_par' dir='ltr' id='par_1_88' title="bbox 2165 2714 3751 2801">
     <span class='ocr_line' id='line_1_88' title="bbox 2165 2714 3751 2801; baseline 0.011 -33"><span class='ocrx_word' id='word_1_691' title='bbox 2165 2714 2467 2783; x_wconf 87' lang='lat' dir='ltr'><strong>spiciones;</strong></span> <span class='ocrx_word' id='word_1_692' title='bbox 2516 2716 2687 2771; x_wconf 93' lang='lat' dir='ltr'><strong>multo</strong></span> <span class='ocrx_word' id='word_1_693' title='bbox 2713 2721 2883 2789; x_wconf 86' lang='lat' dir='ltr'><strong>magis</strong></span> <span class='ocrx_word' id='word_1_694' title='bbox 2927 2736 2994 2776; x_wconf 84' lang='lat' dir='ltr'><strong>ex</strong></span> <span class='ocrx_word' id='word_1_695' title='bbox 3025 2725 3253 2794; x_wconf 84' lang='lat' dir='ltr'><strong>magnis.</strong></span> <span class='ocrx_word' id='word_1_696' title='bbox 3284 2726 3453 2782; x_wconf 87' lang='lat' dir='ltr'><strong>Porro</strong></span> <span class='ocrx_word' id='word_1_697' title='bbox 3480 2731 3583 2783; x_wconf 89' lang='lat' dir='ltr'><strong>alia</strong></span> <span class='ocrx_word' id='word_1_698' title='bbox 3611 2746 3751 2801; x_wconf 71' lang='lat' dir='ltr'><strong>quo.</strong></span> 
     </span>
    </p>
   </div>
   <div class='ocr_carea' id='block_1_89' title="bbox 2164 2804 3747 2889">
    <p class='ocr_par' dir='ltr' id='par_1_89' title="bbox 2164 2804 3747 2889">
     <span class='ocr_line' id='line_1_89' title="bbox 2164 2804 3747 2889; baseline 0.012 -31"><span class='ocrx_word' id='word_1_699' title='bbox 2164 2819 2270 2875; x_wconf 88' lang='lat' dir='ltr'><strong>que</strong></span> <span class='ocrx_word' id='word_1_700' title='bbox 2295 2804 2363 2860; x_wconf 90' lang='lat' dir='ltr'><strong>de</strong></span> <span class='ocrx_word' id='word_1_701' title='bbox 2386 2821 2546 2863; x_wconf 89' lang='lat' dir='ltr'><strong>causa</strong></span> <span class='ocrx_word' id='word_1_702' title='bbox 2583 2808 2698 2863; x_wconf 79' lang='lat' dir='ltr'><strong>inec</strong></span> <span class='ocrx_word' id='word_1_703' title='bbox 2728 2811 3197 2878; x_wconf 84' lang='lat' dir='ltr'><strong>permittebantur.</strong></span> <span class='ocrx_word' id='word_1_704' title='bbox 3225 2814 3357 2870; x_wconf 82' lang='lat' dir='ltr'><strong>Nam</strong></span> <span class='ocrx_word' id='word_1_705' title='bbox 3386 2833 3454 2873; x_wconf 89' lang='lat' dir='ltr'><strong>ne</strong></span> <span class='ocrx_word' id='word_1_706' title='bbox 3481 2821 3747 2889; x_wconf 86' lang='lat' dir='ltr'><strong>quispiam</strong></span> 
     </span>
    </p>
   </div>
   <div class='ocr_carea' id='block_1_90' title="bbox 2165 2897 3746 2976">
    <p class='ocr_par' dir='ltr' id='par_1_90' title="bbox 2165 2897 3746 2976">
     <span class='ocr_line' id='line_1_90' title="bbox 2165 2897 3746 2976; baseline 0.013 -26"><span class='ocrx_word' id='word_1_707' title='bbox 2165 2904 2349 2967; x_wconf 88' lang='lat' dir='ltr'><strong>posset</strong></span> <span class='ocrx_word' id='word_1_708' title='bbox 2386 2897 2587 2967; x_wconf 90' lang='lat' dir='ltr'><strong>dicere,</strong></span> <span class='ocrx_word' id='word_1_709' title='bbox 2617 2900 2781 2969; x_wconf 91' lang='lat' dir='ltr'><strong>ipsos,</strong></span> <span class='ocrx_word' id='word_1_710' title='bbox 2815 2903 2958 2972; x_wconf 89' lang='lat' dir='ltr'><strong>quod</strong></span> <span class='ocrx_word' id='word_1_711' title='bbox 2987 2903 3231 2961; x_wconf 88' lang='lat' dir='ltr'><strong>homines</strong></span> <span class='ocrx_word' id='word_1_712' title='bbox 3261 2921 3367 2961; x_wconf 90' lang='lat' dir='ltr'><strong>nou</strong></span> <span class='ocrx_word' id='word_1_713' title='bbox 3410 2920 3610 2976; x_wconf 83' lang='lat' dir='ltr'><strong>essent,</strong></span> <span class='ocrx_word' id='word_1_714' title='bbox 3656 2928 3746 2969; x_wconf 85' lang='lat' dir='ltr'><strong>res</strong></span> 
     </span>
    </p>
   </div>
   <div class='ocr_carea' id='block_1_91' title="bbox 2167 2992 3747 3064">
    <p class='ocr_par' dir='ltr' id='par_1_91' title="bbox 2167 2992 3747 3064">
     <span class='ocr_line' id='line_1_91' title="bbox 2167 2992 3747 3064; baseline 0.011 -21"><span class='ocrx_word' id='word_1_715' title='bbox 2167 2998 2343 3044; x_wconf 87' lang='lat' dir='ltr'><strong>tantas</strong></span> <span class='ocrx_word' id='word_1_716' title='bbox 2384 2992 2639 3061; x_wconf 86' lang='lat' dir='ltr'><strong>gessisse,</strong></span> <span class='ocrx_word' id='word_1_717' title='bbox 2669 3002 2831 3064; x_wconf 89' lang='lat' dir='ltr'><strong>atque</strong></span> <span class='ocrx_word' id='word_1_718' title='bbox 2875 2995 2947 3049; x_wconf 88' lang='lat' dir='ltr'><strong>ita</strong></span> <span class='ocrx_word' id='word_1_719' title='bbox 2976 3010 3164 3052; x_wconf 88' lang='lat' dir='ltr'><strong>omnes</strong></span> <span class='ocrx_word' id='word_1_720' title='bbox 3193 2996 3387 3054; x_wconf 81' lang='lat' dir='ltr'><strong>fierent</strong></span> <span class='ocrx_word' id='word_1_721' title='bbox 3429 3000 3646 3058; x_wconf 85' lang='lat' dir='ltr'><strong>desides</strong></span> <span class='ocrx_word' id='word_1_722' title='bbox 3687 3015 3747 3060; x_wconf 91' lang='lat' dir='ltr'><strong>et.</strong></span> 
     </span>
    </p>
   </div>
   <div class='ocr_carea' id='block_1_92' title="bbox 2124 3082 3746 3162">
    <p class='ocr_par' dir='ltr' id='par_1_92' title="bbox 2124 3082 3746 3162">
     <span class='ocr_line' id='line_1_92' title="bbox 2124 3082 3746 3162; baseline 0.012 -27"><span class='ocrx_word' id='word_1_723' title='bbox 2124 3106 2133 3115; x_wconf 66' lang='grc' dir='ltr'>ν</span> <span class='ocrx_word' id='word_1_724' title='bbox 2164 3082 2344 3151; x_wconf 89' lang='lat' dir='ltr'><strong>supini</strong></span> <span class='ocrx_word' id='word_1_725' title='bbox 2369 3100 2383 3136; x_wconf 92' lang='lat'><strong>:</strong></span> <span class='ocrx_word' id='word_1_726' title='bbox 2416 3092 2698 3154; x_wconf 82' lang='lat' dir='ltr'><strong>prapterea</strong></span> <span class='ocrx_word' id='word_1_727' title='bbox 2728 3087 2963 3140; x_wconf 87' lang='lat' dir='ltr'><strong>ostendit</strong></span> <span class='ocrx_word' id='word_1_728' title='bbox 2992 3102 3177 3143; x_wconf 91' lang='lat' dir='ltr'><strong>eorum</strong></span> <span class='ocrx_word' id='word_1_729' title='bbox 3210 3091 3646 3162; x_wconf 85' lang='lat' dir='ltr'><strong>imbecillitatem,</strong></span> <span class='ocrx_word' id='word_1_730' title='bbox 3682 3110 3746 3154; x_wconf 83' lang='lat' dir='ltr'><strong>ut</strong></span> 
     </span>
    </p>
   </div>
   <div class='ocr_carea' id='block_1_93' title="bbox 2164 3172 3745 3253">
    <p class='ocr_par' dir='ltr' id='par_1_93' title="bbox 2164 3172 3745 3253">
     <span class='ocr_line' id='line_1_93' title="bbox 2164 3172 3745 3253; baseline 0.013 -28"><span class='ocrx_word' id='word_1_731' title='bbox 2164 3172 2388 3242; x_wconf 87' lang='lat' dir='ltr'><strong>ingratis</strong></span> <span class='ocrx_word' id='word_1_732' title='bbox 2422 3175 2615 3230; x_wconf 91' lang='lat' dir='ltr'><strong>animis</strong></span> <span class='ocrx_word' id='word_1_733' title='bbox 2640 3177 2985 3247; x_wconf 65' lang='lat' dir='ltr'><strong>impudentiae</strong></span> <span class='ocrx_word' id='word_1_734' title='bbox 3011 3194 3225 3237; x_wconf 89' lang='lat' dir='ltr'><strong>omnem</strong></span> <span class='ocrx_word' id='word_1_735' title='bbox 3254 3195 3555 3253; x_wconf 89' lang='lat' dir='ltr'><strong>amputaret</strong></span> <span class='ocrx_word' id='word_1_736' title='bbox 3582 3203 3745 3244; x_wconf 86' lang='lat' dir='ltr'><strong>occa-</strong></span> 
     </span>
    </p>
   </div>
   <div class='ocr_carea' id='block_1_94' title="bbox 2162 3264 3743 3342">
    <p class='ocr_par' dir='ltr' id='par_1_94' title="bbox 2162 3264 3743 3342">
     <span class='ocr_line' id='line_1_94' title="bbox 2162 3264 3743 3342; baseline 0.01 -24"><span class='ocrx_word' id='word_1_737' title='bbox 2162 3264 2396 3319; x_wconf 87' lang='lat' dir='ltr'><strong>sionem.</strong></span> <span class='ocrx_word' id='word_1_738' title='bbox 2429 3265 2723 3336; x_wconf 83' lang='lat' dir='ltr'><strong>Propterea</strong></span> <span class='ocrx_word' id='word_1_739' title='bbox 2772 3268 3019 3337; x_wconf 78' lang='lat' dir='ltr'><strong>ignorat;</strong></span> <span class='ocrx_word' id='word_1_740' title='bbox 3078 3281 3362 3342; x_wconf 88' lang='lat' dir='ltr'><strong>propterea</strong></span> <span class='ocrx_word' id='word_1_741' title='bbox 3414 3277 3573 3331; x_wconf 85' lang='lat' dir='ltr'><strong>ctiam</strong></span> <span class='ocrx_word' id='word_1_742' title='bbox 3615 3293 3743 3334; x_wconf 87' lang='lat' dir='ltr'><strong>cum</strong></span> 
     </span>
    </p>
   </div>
   <div class='ocr_carea' id='block_1_95' title="bbox 2161 3359 3745 3427">
    <p class='ocr_par' dir='ltr' id='par_1_95' title="bbox 2161 3359 3745 3427">
     <span class='ocr_line' id='line_1_95' title="bbox 2161 3359 3745 3427; baseline 0.009 -18"><span class='ocrx_word' id='word_1_743' title='bbox 2161 3370 2307 3426; x_wconf 83' lang='lat' dir='ltr'><strong>sa-pe</strong></span> <span class='ocrx_word' id='word_1_744' title='bbox 2338 3359 2706 3427; x_wconf 89' lang='lat' dir='ltr'><strong>proposuisset</strong></span> <span class='ocrx_word' id='word_1_745' title='bbox 2733 3360 2941 3427; x_wconf 80' lang='lat' dir='ltr'><strong>venire,</strong></span> <span class='ocrx_word' id='word_1_746' title='bbox 2969 3376 3074 3416; x_wconf 94' lang='lat' dir='ltr'><strong>non</strong></span> <span class='ocrx_word' id='word_1_747' title='bbox 3101 3364 3270 3427; x_wconf 76' lang='lat' dir='ltr'><strong>venit,</strong></span> <span class='ocrx_word' id='word_1_748' title='bbox 3300 3375 3358 3419; x_wconf 90' lang='lat' dir='ltr'><strong>ut</strong></span> <span class='ocrx_word' id='word_1_749' title='bbox 3381 3364 3587 3423; x_wconf 85' lang='lat' dir='ltr'><strong>discant</strong></span> <span class='ocrx_word' id='word_1_750' title='bbox 3614 3384 3745 3424; x_wconf 82' lang='lat' dir='ltr'><strong>eum</strong></span> 
     </span>
    </p>
   </div>
   <div class='ocr_carea' id='block_1_96' title="bbox 2160 3448 3745 3527">
    <p class='ocr_par' dir='ltr' id='par_1_96' title="bbox 2160 3448 3745 3527">
     <span class='ocr_line' id='line_1_96' title="bbox 2160 3448 3745 3527; baseline 0.009 -26"><span class='ocrx_word' id='word_1_751' title='bbox 2160 3448 2327 3503; x_wconf 89' lang='lat' dir='ltr'><strong>multa</strong></span> <span class='ocrx_word' id='word_1_752' title='bbox 2359 3448 2585 3503; x_wconf 89' lang='lat' dir='ltr'><strong>nescire.</strong></span> <span class='ocrx_word' id='word_1_753' title='bbox 2629 3450 2708 3504; x_wconf 85' lang='lat' dir='ltr'><strong>Ex</strong></span> <span class='ocrx_word' id='word_1_754' title='bbox 2738 3451 2839 3505; x_wconf 89' lang='lat' dir='ltr'><strong>hoc</strong></span> <span class='ocrx_word' id='word_1_755' title='bbox 2867 3466 2996 3523; x_wconf 87' lang='lat' dir='ltr'><strong>ergo</strong></span> <span class='ocrx_word' id='word_1_756' title='bbox 3036 3455 3259 3509; x_wconf 91' lang='lat' dir='ltr'><strong>multum</strong></span> <span class='ocrx_word' id='word_1_757' title='bbox 3305 3458 3612 3527; x_wconf 85' lang='lat' dir='ltr'><strong>capiebatur</strong></span> <span class='ocrx_word' id='word_1_758' title='bbox 3653 3461 3745 3515; x_wconf 79' lang='lat' dir='ltr'><strong>lu-</strong></span> 
     </span>
    </p>
   </div>
   <div class='ocr_carea' id='block_1_97' title="bbox 2161 3539 3744 3620">
    <p class='ocr_par' dir='ltr' id='par_1_97' title="bbox 2161 3539 3744 3620">
     <span class='ocr_line' id='line_1_97' title="bbox 2161 3539 3744 3620; baseline 0.008 -28"><span class='ocrx_word' id='word_1_759' title='bbox 2161 3553 2335 3593; x_wconf 87' lang='lat' dir='ltr'><strong>crum.</strong></span> <span class='ocrx_word' id='word_1_760' title='bbox 2367 3539 2621 3609; x_wconf 79' lang='lat' dir='ltr'><strong>Alioquin</strong></span> <span class='ocrx_word' id='word_1_761' title='bbox 2664 3541 2806 3596; x_wconf 90' lang='lat' dir='ltr'><strong>enim</strong></span> <span class='ocrx_word' id='word_1_762' title='bbox 2837 3543 2997 3598; x_wconf 90' lang='lat' dir='ltr'><strong>etiam</strong></span> <span class='ocrx_word' id='word_1_763' title='bbox 3037 3545 3115 3599; x_wconf 89' lang='lat' dir='ltr'><strong>sic</strong></span> <span class='ocrx_word' id='word_1_764' title='bbox 3138 3556 3293 3601; x_wconf 85' lang='lat' dir='ltr'><strong>erant</strong></span> <span class='ocrx_word' id='word_1_765' title='bbox 3336 3548 3508 3606; x_wconf 85' lang='lat' dir='ltr'><strong>adhuc</strong></span> <span class='ocrx_word' id='word_1_766' title='bbox 3535 3551 3623 3620; x_wconf 91' lang='lat' dir='ltr'><strong>qui</strong></span> <span class='ocrx_word' id='word_1_767' title='bbox 3653 3550 3744 3605; x_wconf 78' lang='lat' dir='ltr'><strong>di-</strong></span> 
     </span>
    </p>
   </div>
   <div class='ocr_carea' id='block_1_98' title="bbox 2160 3629 3740 3706">
    <p class='ocr_par' dir='ltr' id='par_1_98' title="bbox 2160 3629 3740 3706">
     <span class='ocr_line' id='line_1_98' title="bbox 2160 3629 3740 3706; baseline 0.009 -23"><span class='ocrx_word' id='word_1_768' title='bbox 2160 3639 2366 3695; x_wconf 91' lang='lat' dir='ltr'><strong>cerent,</strong></span> <span class='ocrx_word' id='word_1_769' title='bbox 2409 3629 2552 3686; x_wconf 91' lang='lat' dir='ltr'><strong>hunc</strong></span> <span class='ocrx_word' id='word_1_770' title='bbox 2571 3647 2696 3686; x_wconf 90' lang='lat' dir='ltr'><strong>esse</strong></span> <span class='ocrx_word' id='word_1_771' title='bbox 2720 3648 2966 3704; x_wconf 87' lang='lat' dir='ltr'><strong>magnam</strong></span> <span class='ocrx_word' id='word_1_772' title='bbox 2995 3635 3088 3690; x_wconf 89' lang='lat' dir='ltr'><strong>Dei</strong></span> <span class='ocrx_word' id='word_1_773' title='bbox 3123 3637 3391 3706; x_wconf 86' lang='lat' dir='ltr'><strong>virtutem,</strong></span> <span class='ocrx_word' id='word_1_774' title='bbox 3421 3650 3476 3695; x_wconf 90' lang='lat' dir='ltr'><strong>et</strong></span> <span class='ocrx_word' id='word_1_775' title='bbox 3500 3641 3591 3695; x_wconf 91' lang='lat' dir='ltr'><strong>alii</strong></span> <span class='ocrx_word' id='word_1_776' title='bbox 3615 3658 3740 3698; x_wconf 89' lang='lat' dir='ltr'><strong>eum</strong></span> 
     </span>
    </p>
   </div>
   <div class='ocr_carea' id='block_1_99' title="bbox 2159 3720 3741 3803">
    <p class='ocr_par' dir='ltr' id='par_1_99' title="bbox 2159 3720 3741 3803">
     <span class='ocr_line' id='line_1_99' title="bbox 2159 3720 3741 3803; baseline 0.009 -29"><span class='ocrx_word' id='word_1_777' title='bbox 2159 3734 2282 3775; x_wconf 90' lang='lat' dir='ltr'><strong>esse</strong></span> <span class='ocrx_word' id='word_1_778' title='bbox 2328 3720 2471 3776; x_wconf 88' lang='lat' dir='ltr'><strong>hunc</strong></span> <span class='ocrx_word' id='word_1_779' title='bbox 2509 3731 2564 3776; x_wconf 89' lang='lat' dir='ltr'><strong>et</strong></span> <span class='ocrx_word' id='word_1_780' title='bbox 2611 3723 2783 3777; x_wconf 91' lang='lat' dir='ltr'><strong>illum.</strong></span> <span class='ocrx_word' id='word_1_781' title='bbox 2814 3725 2869 3779; x_wconf 89' lang='lat' dir='ltr'><strong>Si</strong></span> <span class='ocrx_word' id='word_1_782' title='bbox 2921 3725 3035 3779; x_wconf 66' lang='lat' dir='ltr'><strong>haac</strong></span> <span class='ocrx_word' id='word_1_783' title='bbox 3065 3742 3171 3781; x_wconf 90' lang='lat' dir='ltr'><strong>non</strong></span> <span class='ocrx_word' id='word_1_784' title='bbox 3216 3728 3352 3783; x_wconf 80' lang='lat' dir='ltr'><strong>facta</strong></span> <span class='ocrx_word' id='word_1_785' title='bbox 3381 3741 3581 3798; x_wconf 85' lang='lat' dir='ltr'><strong>essent,</strong></span> <span class='ocrx_word' id='word_1_786' title='bbox 3609 3733 3741 3803; x_wconf 87' lang='lat' dir='ltr'><strong>quid</strong></span> 
     </span>
    </p>
   </div>
   <div class='ocr_carea' id='block_1_100' title="bbox 2160 3813 3738 3891">
    <p class='ocr_par' dir='ltr' id='par_1_100' title="bbox 2160 3813 3738 3891">
     <span class='ocr_line' id='line_1_100' title="bbox 2160 3813 3738 3891; baseline 0.009 -26"><span class='ocrx_word' id='word_1_787' title='bbox 2160 3827 2267 3865; x_wconf 91' lang='lat' dir='ltr'><strong>non</strong></span> <span class='ocrx_word' id='word_1_788' title='bbox 2296 3813 2738 3869; x_wconf 75' lang='lat' dir='ltr'><strong>existimassem?</strong></span> <span class='ocrx_word' id='word_1_789' title='bbox 2768 3815 2987 3870; x_wconf 77' lang='lat' dir='ltr'><strong>Videtur</strong></span> <span class='ocrx_word' id='word_1_790' title='bbox 3017 3827 3194 3873; x_wconf 89' lang='lat' dir='ltr'><strong>autem</strong></span> <span class='ocrx_word' id='word_1_791' title='bbox 3223 3820 3309 3875; x_wconf 90' lang='lat' dir='ltr'><strong>hic</strong></span> <span class='ocrx_word' id='word_1_792' title='bbox 3335 3838 3457 3877; x_wconf 86' lang='lat' dir='ltr'><strong>esse</strong></span> <span class='ocrx_word' id='word_1_793' title='bbox 3494 3824 3738 3891; x_wconf 83' lang='lat' dir='ltr'><strong>qmedaut</strong></span> 
     </span>
    </p>
   </div>
   <div class='ocr_carea' id='block_1_101' title="bbox 2159 3903 3736 3981">
    <p class='ocr_par' dir='ltr' id='par_1_101' title="bbox 2159 3903 3736 3981">
     <span class='ocr_line' id='line_1_101' title="bbox 2159 3903 3736 3981; baseline 0.008 -24"><span class='ocrx_word' id='word_1_794' title='bbox 2159 3916 2344 3957; x_wconf 88' lang='lat' dir='ltr'><strong>eorum</strong></span> <span class='ocrx_word' id='word_1_795' title='bbox 2377 3903 2762 3973; x_wconf 86' lang='lat' dir='ltr'><strong>reprehensio;</strong></span> <span class='ocrx_word' id='word_1_796' title='bbox 2810 3907 2905 3962; x_wconf 87' lang='lat' dir='ltr'><strong>sed</strong></span> <span class='ocrx_word' id='word_1_797' title='bbox 2949 3909 2995 3963; x_wconf 94' lang='lat' dir='ltr'><strong>si</strong></span> <span class='ocrx_word' id='word_1_798' title='bbox 3022 3909 3143 3977; x_wconf 89' lang='lat' dir='ltr'><strong>quis</strong></span> <span class='ocrx_word' id='word_1_799' title='bbox 3183 3920 3389 3967; x_wconf 88' lang='lat' dir='ltr'><strong>attente</strong></span> <span class='ocrx_word' id='word_1_800' title='bbox 3411 3915 3736 3981; x_wconf 88' lang='lat' dir='ltr'><strong>consideret,</strong></span> 
     </span>
    </p>
   </div>
   <div class='ocr_carea' id='block_1_102' title="bbox 2158 3998 3741 4070">
    <p class='ocr_par' dir='ltr' id='par_1_102' title="bbox 2158 3998 3741 4070">
     <span class='ocr_line' id='line_1_102' title="bbox 2158 3998 3741 4070; baseline 0.006 -20"><span class='ocrx_word' id='word_1_801' title='bbox 2158 3998 2327 4052; x_wconf 92' lang='lat' dir='ltr'><strong>multo</strong></span> <span class='ocrx_word' id='word_1_802' title='bbox 2357 3998 2527 4068; x_wconf 87' lang='lat' dir='ltr'><strong>magis</strong></span> <span class='ocrx_word' id='word_1_803' title='bbox 2567 3999 2769 4055; x_wconf 90' lang='lat' dir='ltr'><strong>indicat</strong></span> <span class='ocrx_word' id='word_1_804' title='bbox 2803 4014 2897 4055; x_wconf 93' lang='lat' dir='ltr'><strong>eos</strong></span> <span class='ocrx_word' id='word_1_805' title='bbox 2925 4014 3048 4056; x_wconf 90' lang='lat' dir='ltr'><strong>esse</strong></span> <span class='ocrx_word' id='word_1_806' title='bbox 3074 4002 3437 4070; x_wconf 88' lang='lat' dir='ltr'><strong>admirabiles,</strong></span> <span class='ocrx_word' id='word_1_807' title='bbox 3476 4015 3531 4060; x_wconf 89' lang='lat' dir='ltr'><strong>et</strong></span> <span class='ocrx_word' id='word_1_808' title='bbox 3558 4015 3741 4060; x_wconf 81' lang='lat' dir='ltr'><strong>osten-</strong></span> 
     </span>
    </p>
   </div>
   <div class='ocr_carea' id='block_1_103' title="bbox 2159 4088 3737 4162">
    <p class='ocr_par' dir='ltr' id='par_1_103' title="bbox 2159 4088 3737 4162">
     <span class='ocr_line' id='line_1_103' title="bbox 2159 4088 3737 4162; baseline 0.005 -19"><span class='ocrx_word' id='word_1_809' title='bbox 2159 4088 2304 4144; x_wconf 91' lang='lat' dir='ltr'><strong>ditur</strong></span> <span class='ocrx_word' id='word_1_810' title='bbox 2344 4090 2696 4145; x_wconf 90' lang='lat' dir='ltr'><strong>tentationum</strong></span> <span class='ocrx_word' id='word_1_811' title='bbox 2746 4095 3106 4162; x_wconf 84' lang='lat' dir='ltr'><strong>cxsuperatio.</strong></span> <span class='ocrx_word' id='word_1_812' title='bbox 3148 4094 3447 4162; x_wconf 89' lang='lat' dir='ltr'><strong>Quomodo,</strong></span> <span class='ocrx_word' id='word_1_813' title='bbox 3499 4097 3737 4151; x_wconf 87' lang='lat' dir='ltr'><strong>attende.</strong></span> 
     </span>
    </p>
   </div>
   <div class='ocr_carea' id='block_1_104' title="bbox 2161 4181 3735 4256">
    <p class='ocr_par' dir='ltr' id='par_1_104' title="bbox 2161 4181 3735 4256">
     <span class='ocr_line' id='line_1_104' title="bbox 2161 4181 3735 4256; baseline 0.006 -21"><span class='ocrx_word' id='word_1_814' title='bbox 2161 4181 2290 4236; x_wconf 78' lang='lat' dir='ltr'><strong>Nam</strong></span> <span class='ocrx_word' id='word_1_815' title='bbox 2332 4182 2375 4237; x_wconf 92' lang='lat' dir='ltr'><strong>si</strong></span> <span class='ocrx_word' id='word_1_816' title='bbox 2407 4183 2488 4237; x_wconf 88' lang='lat' dir='ltr'><strong>eis</strong></span> <span class='ocrx_word' id='word_1_817' title='bbox 2535 4183 2684 4253; x_wconf 90' lang='lat' dir='ltr'><strong>prius</strong></span> <span class='ocrx_word' id='word_1_818' title='bbox 2723 4183 2925 4247; x_wconf 89' lang='lat' dir='ltr'><strong>dixisti,</strong></span> <span class='ocrx_word' id='word_1_819' title='bbox 2974 4184 3041 4239; x_wconf 83' lang='lat' dir='ltr'><strong>In</strong></span> <span class='ocrx_word' id='word_1_820' title='bbox 3083 4185 3178 4240; x_wconf 88' lang='lat' dir='ltr'><strong>hoc</strong></span> <span class='ocrx_word' id='word_1_821' title='bbox 3221 4188 3375 4256; x_wconf 84' lang='lat' dir='ltr'><strong>positi</strong></span> <span class='ocrx_word' id='word_1_822' title='bbox 3415 4205 3611 4254; x_wconf 80' lang='lat' dir='ltr'><strong>sumus,</strong></span> <span class='ocrx_word' id='word_1_823' title='bbox 3655 4197 3735 4255; x_wconf 88' lang='lat' dir='ltr'><strong>et,</strong></span> 
     </span>
    </p>
   </div>
   <div class='ocr_carea' id='block_1_105' title="bbox 2156 4271 3736 4346">
    <p class='ocr_par' dir='ltr' id='par_1_105' title="bbox 2156 4271 3736 4346">
     <span class='ocr_line' id='line_1_105' title="bbox 2156 4271 3736 4346; baseline 0.002 -18"><span class='ocrx_word' id='word_1_824' title='bbox 2156 4271 2327 4329; x_wconf 86' lang='lat' dir='ltr'><strong>Nemo</strong></span> <span class='ocrx_word' id='word_1_825' title='bbox 2369 4274 2738 4341; x_wconf 86' lang='lat' dir='ltr'><strong>conturbetur,</strong></span> <span class='ocrx_word' id='word_1_826' title='bbox 2785 4291 2883 4329; x_wconf 92' lang='lat' dir='ltr'><strong>cur</strong></span> <span class='ocrx_word' id='word_1_827' title='bbox 2928 4291 3115 4332; x_wconf 88' lang='lat' dir='ltr'><strong>rursus</strong></span> <span class='ocrx_word' id='word_1_828' title='bbox 3160 4278 3327 4332; x_wconf 91' lang='lat' dir='ltr'><strong>mittis</strong></span> <span class='ocrx_word' id='word_1_829' title='bbox 3370 4278 3736 4346; x_wconf 78' lang='lat' dir='ltr'><strong>Timotheum,</strong></span> 
     </span>
    </p>
   </div>
   <div class='ocr_carea' id='block_1_106' title="bbox 2158 4365 3739 4440">
    <p class='ocr_par' dir='ltr' id='par_1_106' title="bbox 2158 4365 3739 4440">
     <span class='ocr_line' id='line_1_106' title="bbox 2158 4365 3739 4440; baseline 0.005 -22"><span class='ocrx_word' id='word_1_830' title='bbox 2158 4365 2355 4420; x_wconf 89' lang='lat' dir='ltr'><strong>timens</strong></span> <span class='ocrx_word' id='word_1_831' title='bbox 2381 4379 2446 4420; x_wconf 91' lang='lat' dir='ltr'><strong>ne</strong></span> <span class='ocrx_word' id='word_1_832' title='bbox 2468 4365 2592 4435; x_wconf 89' lang='lat' dir='ltr'><strong>qttid</strong></span> <span class='ocrx_word' id='word_1_833' title='bbox 2621 4366 2713 4419; x_wconf 86' lang='lat' dir='ltr'><strong>fiat</strong></span> <span class='ocrx_word' id='word_1_834' title='bbox 2738 4380 2805 4420; x_wconf 85' lang='lat' dir='ltr'><strong>ex</strong></span> <span class='ocrx_word' id='word_1_835' title='bbox 2832 4367 2898 4420; x_wconf 91' lang='lat' dir='ltr'><strong>iis</strong></span> <span class='ocrx_word' id='word_1_836' title='bbox 2919 4382 3038 4436; x_wconf 81' lang='lat' dir='ltr'><strong>qua:</strong></span> <span class='ocrx_word' id='word_1_837' title='bbox 3067 4382 3172 4422; x_wconf 91' lang='lat' dir='ltr'><strong>non</strong></span> <span class='ocrx_word' id='word_1_838' title='bbox 3214 4369 3332 4424; x_wconf 77' lang='lat' dir='ltr'><strong>vis?</strong></span> <span class='ocrx_word' id='word_1_839' title='bbox 3382 4368 3497 4425; x_wconf 79' lang='lat' dir='ltr'><strong>Hoc</strong></span> <span class='ocrx_word' id='word_1_840' title='bbox 3519 4370 3739 4440; x_wconf 84' lang='lat' dir='ltr'><strong>quidem</strong></span> 
     </span>
    </p>
   </div>
   <div class='ocr_carea' id='block_1_107' title="bbox 2157 4455 3739 4530">
    <p class='ocr_par' dir='ltr' id='par_1_107' title="bbox 2157 4455 3739 4530">
     <span class='ocr_line' id='line_1_107' title="bbox 2157 4455 3739 4530; baseline 0.004 -22"><span class='ocrx_word' id='word_1_841' title='bbox 2157 4455 2284 4509; x_wconf 88' lang='lat' dir='ltr'><strong>facit</strong></span> <span class='ocrx_word' id='word_1_842' title='bbox 2329 4470 2395 4509; x_wconf 82' lang='lat' dir='ltr'><strong>ex</strong></span> <span class='ocrx_word' id='word_1_843' title='bbox 2443 4456 2609 4509; x_wconf 89' lang='lat' dir='ltr'><strong>multa</strong></span> <span class='ocrx_word' id='word_1_844' title='bbox 2647 4455 2936 4512; x_wconf 82' lang='lat' dir='ltr'><strong>dilectione</strong></span> <span class='ocrx_word' id='word_1_845' title='bbox 2977 4474 2991 4511; x_wconf 91' lang='lat'><strong>:</strong></span> <span class='ocrx_word' id='word_1_846' title='bbox 3036 4472 3158 4513; x_wconf 87' lang='lat' dir='ltr'><strong>nam</strong></span> <span class='ocrx_word' id='word_1_847' title='bbox 3185 4459 3280 4529; x_wconf 85' lang='lat' dir='ltr'><strong>qui</strong></span> <span class='ocrx_word' id='word_1_848' title='bbox 3304 4460 3547 4530; x_wconf 80' lang='lat' dir='ltr'><strong>diligunt,</strong></span> <span class='ocrx_word' id='word_1_849' title='bbox 3574 4462 3739 4514; x_wconf 81' lang='lat' dir='ltr'><strong>etiam</strong></span> 
     </span>
    </p>
   </div>
   <div class='ocr_carea' id='block_1_108' title="bbox 2158 4547 3738 4620">
    <p class='ocr_par' dir='ltr' id='par_1_108' title="bbox 2158 4547 3738 4620">
     <span class='ocr_line' id='line_1_108' title="bbox 2158 4547 3738 4620; baseline 0.004 -22"><span class='ocrx_word' id='word_1_850' title='bbox 2158 4562 2278 4616; x_wconf 72' lang='lat' dir='ltr'><strong>quae</strong></span> <span class='ocrx_word' id='word_1_851' title='bbox 2320 4555 2447 4601; x_wconf 90' lang='lat' dir='ltr'><strong>sunt</strong></span> <span class='ocrx_word' id='word_1_852' title='bbox 2493 4556 2624 4612; x_wconf 89' lang='lat' dir='ltr'><strong>tuta,</strong></span> <span class='ocrx_word' id='word_1_853' title='bbox 2653 4557 2901 4617; x_wconf 85' lang='lat' dir='ltr'><strong>suspecta</strong></span> <span class='ocrx_word' id='word_1_854' title='bbox 2944 4547 3141 4605; x_wconf 86' lang='lat' dir='ltr'><strong>habent</strong></span> <span class='ocrx_word' id='word_1_855' title='bbox 3168 4565 3233 4605; x_wconf 81' lang='lat' dir='ltr'><strong>ex</strong></span> <span class='ocrx_word' id='word_1_856' title='bbox 3264 4565 3458 4620; x_wconf 77' lang='lat' dir='ltr'><strong>magno</strong></span> <span class='ocrx_word' id='word_1_857' title='bbox 3488 4550 3738 4605; x_wconf 74' lang='lat' dir='ltr'><strong>ferrare:</strong></span> 
     </span>
    </p>
   </div>
   <div class='ocr_carea' id='block_1_109' title="bbox 2155 4635 3740 4707">
    <p class='ocr_par' dir='ltr' id='par_1_109' title="bbox 2155 4635 3740 4707">
     <span class='ocr_line' id='line_1_109' title="bbox 2155 4635 3740 4707; baseline 0.004 -18"><span class='ocrx_word' id='word_1_858' title='bbox 2155 4635 2284 4690; x_wconf 88' lang='lat' dir='ltr'><strong>facit</strong></span> <span class='ocrx_word' id='word_1_859' title='bbox 2322 4636 2485 4691; x_wconf 88' lang='lat' dir='ltr'><strong>etiam</strong></span> <span class='ocrx_word' id='word_1_860' title='bbox 2529 4650 2748 4707; x_wconf 89' lang='lat' dir='ltr'><strong>propter</strong></span> <span class='ocrx_word' id='word_1_861' title='bbox 2790 4638 2991 4702; x_wconf 86' lang='lat' dir='ltr'><strong>multas</strong></span> <span class='ocrx_word' id='word_1_862' title='bbox 3042 4642 3385 4695; x_wconf 71' lang='lat' dir='ltr'><strong>tentationes.</strong></span> <span class='ocrx_word' id='word_1_863' title='bbox 3444 4639 3576 4695; x_wconf 84' lang='lat' dir='ltr'><strong>Nam</strong></span> <span class='ocrx_word' id='word_1_864' title='bbox 3625 4640 3740 4695; x_wconf 81' lang='lat' dir='ltr'><strong>dixi</strong></span> 
     </span>
    </p>
   </div>
   <div class='ocr_carea' id='block_1_110' title="bbox 2156 4727 3745 4801">
    <p class='ocr_par' dir='ltr' id='par_1_110' title="bbox 2156 4727 3745 4801">
     <span class='ocr_line' id='line_1_110' title="bbox 2156 4727 3745 4801; baseline 0.003 -20"><span class='ocrx_word' id='word_1_865' title='bbox 2156 4727 2469 4798; x_wconf 73' lang='lat' dir='ltr'><strong>quidemJn</strong></span> <span class='ocrx_word' id='word_1_866' title='bbox 2497 4729 2592 4782; x_wconf 89' lang='lat' dir='ltr'><strong>hoc</strong></span> <span class='ocrx_word' id='word_1_867' title='bbox 2614 4746 2789 4784; x_wconf 86' lang='lat' dir='ltr'><strong>sumus</strong></span> <span class='ocrx_word' id='word_1_868' title='bbox 2832 4732 2983 4799; x_wconf 83' lang='lat' dir='ltr'><strong>positi</strong></span> <span class='ocrx_word' id='word_1_869' title='bbox 2995 4747 3014 4796; x_wconf 90' lang='grc'><strong><em>;</em></strong></span> <span class='ocrx_word' id='word_1_870' title='bbox 3068 4730 3379 4801; x_wconf 85' lang='lat' dir='ltr'><strong>magnitudo</strong></span> <span class='ocrx_word' id='word_1_871' title='bbox 3419 4742 3596 4785; x_wconf 89' lang='lat' dir='ltr'><strong>autem</strong></span> <span class='ocrx_word' id='word_1_872' title='bbox 3624 4746 3745 4785; x_wconf 71' lang='lat' dir='ltr'><strong>utu-</strong></span> 
     </span>
    </p>
   </div>
   <div class='ocr_carea' id='block_1_111' title="bbox 2158 4818 3746 4892">
    <p class='ocr_par' dir='ltr' id='par_1_111' title="bbox 2158 4818 3746 4892">
     <span class='ocr_line' id='line_1_111' title="bbox 2158 4818 3746 4892; baseline 0.004 -19"><span class='ocrx_word' id='word_1_873' title='bbox 2158 4818 2330 4873; x_wconf 92' lang='lat' dir='ltr'><strong>lorum</strong></span> <span class='ocrx_word' id='word_1_874' title='bbox 2354 4835 2441 4875; x_wconf 90' lang='lat' dir='ltr'><strong>me</strong></span> <span class='ocrx_word' id='word_1_875' title='bbox 2472 4820 2679 4875; x_wconf 86' lang='lat' dir='ltr'><strong>terruit.</strong></span> <span class='ocrx_word' id='word_1_876' title='bbox 2724 4821 3082 4889; x_wconf 88' lang='lat' dir='ltr'><strong>Quamobrem</strong></span> <span class='ocrx_word' id='word_1_877' title='bbox 3115 4838 3220 4877; x_wconf 92' lang='lat' dir='ltr'><strong>non</strong></span> <span class='ocrx_word' id='word_1_878' title='bbox 3248 4822 3400 4889; x_wconf 87' lang='lat' dir='ltr'><strong>dixit,</strong></span> <span class='ocrx_word' id='word_1_879' title='bbox 3429 4821 3497 4878; x_wconf 85' lang='lat' dir='ltr'><strong>Ut</strong></span> <span class='ocrx_word' id='word_1_880' title='bbox 3525 4824 3615 4892; x_wconf 90' lang='lat' dir='ltr'><strong>qui</strong></span> <span class='ocrx_word' id='word_1_881' title='bbox 3642 4839 3746 4880; x_wconf 71' lang='lat' dir='ltr'><strong>vos</strong></span> 
     </span>
    </p>
   </div>
   <div class='ocr_carea' id='block_1_112' title="bbox 2156 4910 3746 4983">
    <p class='ocr_par' dir='ltr' id='par_1_112' title="bbox 2156 4910 3746 4983">
     <span class='ocr_line' id='line_1_112' title="bbox 2156 4910 3746 4983; baseline 0.001 -19"><span class='ocrx_word' id='word_1_882' title='bbox 2156 4910 2559 4965; x_wconf 88' lang='lat' dir='ltr'><strong>condctnnarim</strong></span> <span class='ocrx_word' id='word_1_883' title='bbox 2613 4911 2807 4976; x_wconf 90' lang='lat' dir='ltr'><strong>mitto;</strong></span> <span class='ocrx_word' id='word_1_884' title='bbox 2856 4917 2982 4977; x_wconf 88' lang='lat' dir='ltr'><strong>sed,</strong></span> <span class='ocrx_word' id='word_1_885' title='bbox 3035 4911 3155 4966; x_wconf 77' lang='lat' dir='ltr'><strong>Non</strong></span> <span class='ocrx_word' id='word_1_886' title='bbox 3199 4915 3420 4983; x_wconf 85' lang='lat' dir='ltr'><strong>amplius</strong></span> <span class='ocrx_word' id='word_1_887' title='bbox 3463 4914 3746 4979; x_wconf 76' lang='lat' dir='ltr'><strong>sustinens,</strong></span> 
     </span>
    </p>
   </div>
   <div class='ocr_carea' id='block_1_113' title="bbox 2157 5002 3749 5074">
    <p class='ocr_par' dir='ltr' id='par_1_113' title="bbox 2157 5002 3749 5074">
     <span class='ocr_line' id='line_1_113' title="bbox 2157 5002 3749 5074; baseline 0.001 -20"><span class='ocrx_word' id='word_1_888' title='bbox 2157 5002 2299 5071; x_wconf 92' lang='lat' dir='ltr'><strong>quod</strong></span> <span class='ocrx_word' id='word_1_889' title='bbox 2329 5002 2498 5072; x_wconf 82' lang='lat' dir='ltr'><strong>magis</strong></span> <span class='ocrx_word' id='word_1_890' title='bbox 2522 5011 2640 5057; x_wconf 87' lang='lat' dir='ltr'><strong>erat</strong></span> <span class='ocrx_word' id='word_1_891' title='bbox 2666 5002 2938 5060; x_wconf 64' lang='lat' dir='ltr'><strong>amicitiuz.</strong></span> <span class='ocrx_word' id='word_1_892' title='bbox 2968 5004 3102 5071; x_wconf 89' lang='lat' dir='ltr'><strong>Quid</strong></span> <span class='ocrx_word' id='word_1_893' title='bbox 3127 5013 3208 5059; x_wconf 85' lang='lat' dir='ltr'><strong>est</strong></span> <span class='ocrx_word' id='word_1_894' title='bbox 3232 5046 3247 5071; x_wconf 92' lang='lat'><strong>,</strong></span> <span class='ocrx_word' id='word_1_895' title='bbox 3278 5003 3362 5059; x_wconf 83' lang='lat' dir='ltr'><strong>Ne</strong></span> <span class='ocrx_word' id='word_1_896' title='bbox 3400 5004 3532 5074; x_wconf 76' lang='lat' dir='ltr'><strong>forte</strong></span> <span class='ocrx_word' id='word_1_897' title='bbox 3574 5013 3749 5058; x_wconf 69' lang='lat' dir='ltr'><strong>terua-</strong></span> 
     </span>
    </p>
   </div>
   <div class='ocr_carea' id='block_1_114' title="bbox 2156 5094 3750 5165">
    <p class='ocr_par' dir='ltr' id='par_1_114' title="bbox 2156 5094 3750 5165">
     <span class='ocr_line' id='line_1_114' title="bbox 2156 5094 3750 5165; baseline 0.003 -18"><span class='ocrx_word' id='word_1_898' title='bbox 2156 5095 2222 5148; x_wconf 86' lang='lat' dir='ltr'><strong>rit</strong></span> <span class='ocrx_word' id='word_1_899' title='bbox 2262 5108 2349 5147; x_wconf 89' lang='lat' dir='ltr'><strong>vos</strong></span> <span class='ocrx_word' id='word_1_900' title='bbox 2391 5095 2436 5149; x_wconf 87' lang='lat' dir='ltr'><strong>is</strong></span> <span class='ocrx_word' id='word_1_901' title='bbox 2485 5094 2573 5162; x_wconf 83' lang='lat' dir='ltr'><strong>qui</strong></span> <span class='ocrx_word' id='word_1_902' title='bbox 2616 5094 2816 5147; x_wconf 81' lang='lat' dir='ltr'><strong>tentet?</strong></span> <span class='ocrx_word' id='word_1_903' title='bbox 2865 5094 3026 5150; x_wconf 82' lang='lat' dir='ltr'><strong>Vides</strong></span> <span class='ocrx_word' id='word_1_904' title='bbox 3070 5095 3210 5165; x_wconf 92' lang='lat' dir='ltr'><strong>quod</strong></span> <span class='ocrx_word' id='word_1_905' title='bbox 3256 5096 3308 5151; x_wconf 88' lang='lat' dir='ltr'><strong>itt</strong></span> <span class='ocrx_word' id='word_1_906' title='bbox 3358 5095 3750 5152; x_wconf 79' lang='lat' dir='ltr'><strong>tentstionibus</strong></span> 
     </span>
    </p>
   </div>
   <div class='ocr_carea' id='block_1_115' title="bbox 2160 5184 3749 5252">
    <p class='ocr_par' dir='ltr' id='par_1_115' title="bbox 2160 5184 3749 5252">
     <span class='ocr_line' id='line_1_115' title="bbox 2160 5184 3749 5252; baseline 0.001 -12"><span class='ocrx_word' id='word_1_907' title='bbox 2160 5185 2345 5240; x_wconf 83' lang='lat' dir='ltr'><strong>labare</strong></span> <span class='ocrx_word' id='word_1_908' title='bbox 2388 5194 2470 5239; x_wconf 92' lang='lat' dir='ltr'><strong>est</strong></span> <span class='ocrx_word' id='word_1_909' title='bbox 2517 5184 2837 5241; x_wconf 86' lang='lat' dir='ltr'><strong>diabolicum</strong></span> <span class='ocrx_word' id='word_1_910' title='bbox 2864 5226 2880 5252; x_wconf 92' lang='lat'><strong>,</strong></span> <span class='ocrx_word' id='word_1_911' title='bbox 2910 5196 2966 5240; x_wconf 90' lang='lat' dir='ltr'><strong>et</strong></span> <span class='ocrx_word' id='word_1_912' title='bbox 3008 5201 3073 5241; x_wconf 87' lang='lat' dir='ltr'><strong>ex</strong></span> <span class='ocrx_word' id='word_1_913' title='bbox 3119 5184 3381 5241; x_wconf 83' lang='lat' dir='ltr'><strong>diabolica</strong></span> <span class='ocrx_word' id='word_1_914' title='bbox 3428 5186 3749 5242; x_wconf 84' lang='lat' dir='ltr'><strong>seductione</strong></span> 
     </span>
    </p>
   </div>
   <div class='ocr_carea' id='block_1_116' title="bbox 2158 5275 3751 5347">
    <p class='ocr_par' dir='ltr' id='par_1_116' title="bbox 2158 5275 3751 5347">
     <span class='ocr_line' id='line_1_116' title="bbox 2158 5275 3751 5347; baseline -0.001 -16"><span class='ocrx_word' id='word_1_915' title='bbox 2158 5276 2379 5331; x_wconf 82' lang='lat' dir='ltr'><strong>ortum?</strong></span> <span class='ocrx_word' id='word_1_916' title='bbox 2418 5275 2552 5332; x_wconf 85' lang='lat' dir='ltr'><strong>Nam</strong></span> <span class='ocrx_word' id='word_1_917' title='bbox 2600 5276 2814 5347; x_wconf 88' lang='lat' dir='ltr'><strong>quando</strong></span> <span class='ocrx_word' id='word_1_918' title='bbox 2852 5292 2952 5333; x_wconf 89' lang='lat' dir='ltr'><strong>nos</strong></span> <span class='ocrx_word' id='word_1_919' title='bbox 2999 5279 3144 5347; x_wconf 90' lang='lat' dir='ltr'><strong>ipsos</strong></span> <span class='ocrx_word' id='word_1_920' title='bbox 3186 5294 3293 5331; x_wconf 92' lang='lat' dir='ltr'><strong>non</strong></span> <span class='ocrx_word' id='word_1_921' title='bbox 3336 5282 3592 5347; x_wconf 89' lang='lat' dir='ltr'><strong>potuerit,</strong></span> <span class='ocrx_word' id='word_1_922' title='bbox 3636 5277 3751 5330; x_wconf 63' lang='grc' dir='ltr'><strong>δικ)</strong></span> 
     </span>
    </p>
   </div>
   <div class='ocr_carea' id='block_1_117' title="bbox 2160 5367 3753 5440">
    <p class='ocr_par' dir='ltr' id='par_1_117' title="bbox 2160 5367 3753 5440">
     <span class='ocr_line' id='line_1_117' title="bbox 2160 5367 3753 5440; baseline 0 -18"><span class='ocrx_word' id='word_1_923' title='bbox 2160 5367 2321 5423; x_wconf 91' lang='lat' dir='ltr'><strong>modo</strong></span> <span class='ocrx_word' id='word_1_924' title='bbox 2352 5383 2447 5438; x_wconf 88' lang='lat' dir='ltr'><strong>per</strong></span> <span class='ocrx_word' id='word_1_925' title='bbox 2477 5383 2575 5423; x_wconf 88' lang='lat' dir='ltr'><strong>nos</strong></span> <span class='ocrx_word' id='word_1_926' title='bbox 2603 5367 2854 5423; x_wconf 89' lang='lat' dir='ltr'><strong>labefacit</strong></span> <span class='ocrx_word' id='word_1_927' title='bbox 2897 5368 3316 5424; x_wconf 87' lang='lat' dir='ltr'><strong>imbecilliores:</strong></span> <span class='ocrx_word' id='word_1_928' title='bbox 3347 5368 3493 5440; x_wconf 88' lang='lat' dir='ltr'><strong>quod</strong></span> <span class='ocrx_word' id='word_1_929' title='bbox 3525 5367 3753 5437; x_wconf 76' lang='lat' dir='ltr'><strong>quidem</strong></span> 
     </span>
    </p>
   </div>
   <div class='ocr_carea' id='block_1_118' title="bbox 2160 5459 3738 5530">
    <p class='ocr_par' dir='ltr' id='par_1_118' title="bbox 2160 5459 3738 5530">
     <span class='ocr_line' id='line_1_118' title="bbox 2160 5459 3738 5530; baseline -0.002 -16"><span class='ocrx_word' id='word_1_930' title='bbox 2160 5468 2243 5514; x_wconf 90' lang='lat' dir='ltr'><strong>cst</strong></span> <span class='ocrx_word' id='word_1_931' title='bbox 2266 5460 2501 5514; x_wconf 85' lang='lat' dir='ltr'><strong>maxime</strong></span> <span class='ocrx_word' id='word_1_932' title='bbox 2531 5459 2931 5525; x_wconf 65' lang='lat' dir='ltr'><strong>imbecillitatis,</strong></span> <span class='ocrx_word' id='word_1_933' title='bbox 2961 5468 3017 5514; x_wconf 92' lang='lat' dir='ltr'><strong>et</strong></span> <span class='ocrx_word' id='word_1_934' title='bbox 3041 5475 3161 5530; x_wconf 61' lang='lat' dir='ltr'><strong>quae</strong></span> <span class='ocrx_word' id='word_1_935' title='bbox 3202 5459 3402 5514; x_wconf 89' lang='lat' dir='ltr'><strong>nullam</strong></span> <span class='ocrx_word' id='word_1_936' title='bbox 3448 5461 3514 5513; x_wconf 87' lang='lat' dir='ltr'><strong>ha</strong></span> <span class='ocrx_word' id='word_1_937' title='bbox 3552 5466 3609 5512; x_wconf 82' lang='lat' dir='ltr'><strong>et</strong></span> <span class='ocrx_word' id='word_1_938' title='bbox 3632 5472 3738 5513; x_wconf 79' lang='lat' dir='ltr'><strong>ex—</strong></span> 
     </span>
    </p>
   </div>
   <div class='ocr_carea' id='block_1_119' title="bbox 2159 5549 3752 5618">
    <p class='ocr_par' dir='ltr' id='par_1_119' title="bbox 2159 5549 3752 5618">
     <span class='ocr_line' id='line_1_119' title="bbox 2159 5549 3752 5618; baseline -0.004 -11"><span class='ocrx_word' id='word_1_939' title='bbox 2159 5554 2491 5608; x_wconf 86' lang='lat' dir='ltr'><strong>cusationem</strong></span> <span class='ocrx_word' id='word_1_940' title='bbox 2523 5570 2537 5607; x_wconf 94' lang='lat'>:</span> <span class='ocrx_word' id='word_1_941' title='bbox 2581 5552 2720 5608; x_wconf 92' lang='lat' dir='ltr'><strong>sicut</strong></span> <span class='ocrx_word' id='word_1_942' title='bbox 2747 5552 2871 5608; x_wconf 87' lang='lat' dir='ltr'><strong>fecit</strong></span> <span class='ocrx_word' id='word_1_943' title='bbox 2901 5553 2952 5606; x_wconf 91' lang='lat' dir='ltr'><strong>in</strong></span> <span class='ocrx_word' id='word_1_944' title='bbox 2980 5551 3102 5618; x_wconf 82' lang='lat' dir='ltr'><strong>Job,</strong></span> <span class='ocrx_word' id='word_1_945' title='bbox 3139 5552 3357 5607; x_wconf 79' lang='lat' dir='ltr'><strong>incitata</strong></span> <span class='ocrx_word' id='word_1_946' title='bbox 3386 5566 3589 5607; x_wconf 73' lang='lat' dir='ltr'><strong>uxore:</strong></span> <span class='ocrx_word' id='word_1_947' title='bbox 3621 5549 3752 5618; x_wconf 82' lang='lat' dir='ltr'><strong>Dte,</strong></span> 
     </span>
    </p>
   </div>
   <div class='ocr_carea' id='block_1_120' title="bbox 2169 5642 3757 5720">
    <p class='ocr_par' dir='ltr' id='par_1_120' title="bbox 2169 5642 3757 5720">
     <span class='ocr_line' id='line_1_120' title="bbox 2169 5642 3757 5720; baseline -0.003 -16"><span class='ocrx_word' id='word_1_948' title='bbox 2169 5646 2359 5720; x_wconf 86' lang='lat' dir='ltr'><strong>inquit,</strong></span> <span class='ocrx_word' id='word_1_949' title='bbox 2411 5644 2618 5715; x_wconf 84' lang='lat' dir='ltr'><strong>aliquod</strong></span> <span class='ocrx_word' id='word_1_950' title='bbox 2661 5644 2864 5700; x_wconf 84' lang='lat' dir='ltr'><strong>rcrbam</strong></span> <span class='ocrx_word' id='word_1_951' title='bbox 2911 5654 3086 5700; x_wconf 85' lang='lat' dir='ltr'><strong>contra</strong></span> <span class='ocrx_word' id='word_1_952' title='bbox 3134 5642 3434 5716; x_wconf 85' lang='lat' dir='ltr'><strong>Dominum,</strong></span> <span class='ocrx_word' id='word_1_953' title='bbox 3461 5654 3509 5699; x_wconf 84' lang='lat' dir='ltr'><strong>et</strong></span> <span class='ocrx_word' id='word_1_954' title='bbox 3542 5656 3757 5699; x_wconf 65' lang='lat' dir='ltr'><strong>morem</strong></span> 
     </span>
    </p>
   </div>
  </div>
