4080 6222
464 284 571 341 617

447 397 581 470 ϐολὴ
608 396 718 451 τῶν
765 396 952 451 κακῶν
979 394 1213 465 ἐφόΰησέ
1253 412 1343 465 με.
1372 394 1462 447 Διὸ
1491 394 1592 448 οῦκ
1622 384 1895 458 είπεν,δτι
1919 393 2039 445 Κα-

449 485 680 552 αγνοὺς
726 484 882 553 ὑμῶν
902 483 1236 546 ἀποστέλλω,
1270 480 1667 548 ἁλλά,Μηκέτι
1707 478 1968 548 στέγων·
2005 477 2034 531 δ

454 569 653 640 μᾶλλον
683 570 863 638 φιλίας
889 565 975 639 ἦν.
1004 570 1069 623 Τί
1094 571 1233 628 ἐστι,
1256 568 1350 634 Μή
1373 584 1498 633 πως
1532 567 1855 636 ἐπείρασεν
1882 562 2040 633 ὑμᾶς

452 660 486 710 ὁ
508 654 837 723 πειράᾷυν;
862 654 1026 726 Ὁρᾷς
1050 656 1131 709 ὅτι
1162 655 1221 708 τὸ
1247 657 1304 708 ἐν
1330 655 1447 717 ταῖς
1477 652 1690 723 θλίψεσι
1717 649 2040 706 σαλεύεσθαι

450 741 760 795 διαϐολικόν
795 743 933 803 ἐστι,
952 741 1049 794 καὶ
1076 742 1172 812 τῆς
1198 740 1409 794 ἐκείνου
1438 740 1835 812 παρατροπῆς;
1867 739 2040 792 ὀταν

454 829 563 898 γὰρ
596 830 740 897 ἡμᾶς
774 828 972 890 αὑτοὺς
1015 827 1090 898 μὴ
1135 827 1359 897 δυνηθῇ,
1392 827 1593 898 ἑτέρως
1623 825 1690 879 δι’
1720 823 1879 896 ήμῶν
1916 825 2042 886 τοὺς

454 913 879 984 ἀσθενεστέρους
931 912 1340 984 παρασαλεύει·
1397 912 1536 983 ὅπερ
1594 910 2042 981 ὑπερϐαλλούσης

453 998 736 1063 ἀσθενείας
757 999 896 1062 ἐστὶ,
919 1000 1014 1053 καλ⁸
1032 1000 1291 1070 οὐδεμίαν
1312 997 1543 1069 ἐχούσης
1563 997 1881 1066 ἀπολογίαν·
1904 996 2041 1050 καθ-

458 1094 599 1160 άπερ
627 1088 719 1140 ἐπὶ
744 1087 835 1141 τοῦ
868 1087 989 1142 Ἰὼϐ
1030 1089 1319 1158 πεποίηκε,
1357 1088 1458 1157 τὴν
1484 1089 1718 1156 γυναῖκα
1743 1084 2010 1156 διεγείρας
2025 1101 2040 1115 ⁸

456 1172 601 1227 ΕΙ.τέ
636 1190 693 1227 τι
737 1172 926 1242 ῥῆμα,
969 1174 1123 1243 φησὶ,
1155 1174 1303 1243 πρὸς
1350 1174 1591 1240 Κύριον,
1630 1173 1727 1226 καί
1770 1172 2040 1226 τελεύτα.

463 1259 571 1312 ’Ὶδε
605 1258 720 1322 πῶς
755 1259 924 1329 αὐτὴν
969 1259 1249 1330 ἐπείρασε.
1281 1261 1380 1313 Διά
1423 1259 1476 1312 τί
1514 1259 1570 1313 δέ
1604 1258 1678 1330 μὴ
1710 1254 1882 1323 εἶπεν,
1913 1258 2043 1312 ἐσά-

458 1346 671 1412 λευσεν,
721 1346 860 1413 ἀλλ’,
922 1346 1310 1415 Ἐπείρασεν;
1350 1347 1475 1400 Ὅτι
1530 1346 1801 1413 τοσοῦτον,
1856 1346 2041 1416 φησὶν,

461 1434 796 1486 ὑπώπτευσα
829 1432 1008 1503 μόνον,
1038 1436 1160 1487 ὅσον
1213 1433 1573 1504 πειρασθῆναι
1615 1433 1800 1503 ὑμᾶς·
1841 1433 1904 1486 ού
1935 1433 2044 1502 γάρ

460 1520 525 1592 δὴ
555 1520 652 1590 τὴν
695 1523 889 1591 πεῖραν
927 1520 1094 1574 αὑτοῦ
1128 1519 1286 1576 σάλον
1314 1520 1490 1574 καλεί.
1533 1522 1591 1574 '0
1624 1521 1732 1592 γάρ
1757 1519 2044 1591 δεχόμενος

463 1606 627 1661 αὑτοῦ
657 1606 755 1679 τήν
799 1608 1122 1680 προσϐολὴν,
1151 1606 1439 1678 ἐσαλεύθη.
1482 1607 1685 1661 Βαὸαλί
1720 1608 1861 1678 πόση
1895 1607 2045 1675 φιλο-

467 1693 692 1763 στοργία
720 1694 812 1748 τοῦ
848 1692 1060 1747 Παύλου
1081 1711 1095 1726 ·
1126 1694 1227 1748 οὑκ
1261 1693 1455 1764 ἔμελεν
1495 1694 1647 1765 αὑτῷ
1673 1692 1781 1747 τῶν
1813 1692 2046 1763 θλίψεων

464 1780 585 1832 οὐδὲ
608 1779 719 1833 τῶν
746 1776 1071 1836 ἐπιϐουλῶν.
1099 1775 1265 1851 Οἶμαι
1300 1780 1411 1852 γάρ
1448 1780 1608 1835 αὑτὸν
1636 1782 1752 1834 ἐκεῖ
1784 1780 1906 1832 τότε
1945 1796 2046 1849 με·

469 1866 763 1941 μενηκέναι
782 1882 797 1898 ·
825 1867 1078 1938 καθάπερ
1112 1868 1278 1940 φησὶν
1301 1869 1330 1921 6
1362 1869 1597 1932 Λουκᾶς,
1624 1868 1705 1921 ὅτι
1733 1868 1790 1920 ἐν
1820 1870 1885 1937 τῇ
1924 1866 2047 1920 Ἐλ-

467 1952 589 2007 λάδι
636 1952 817 2024 ἔμεινε
866 1955 1152 2024 τρίμηνον,
1194 1954 1496 2026 γενομένης
1553 1952 1703 2024 αὑτῷ
1755 1953 2046 2024 ἐπιϐουλῆς

470 2040 576 2093 ὑπὸ
602 2039 709 2093 τῶν
756 2040 1047 2095 Ἰουδαίων.

540 2127 606 2197 β’.
621 2126 734 2180 Οὑκ
750 2125 939 2196 ἔμελεν
955 2124 1048 2179 οῦν
1064 2124 1213 2197 αὑτῷ
1226 2124 1336 2179 τῶν
1359 2123 1637 2189 κινδύνων,
1655 2123 1790 2177 ἀλλά
1804 2123 1912 2177 τῶν
1944 2140 2052 2194 μα-

468 2213 864 2284 θητευομένων.
901 2213 1063 2284 Ὁρᾷς
1103 2213 1185 2266 ὃτι
1215 2212 1393 2266 πάντα
1420 2211 1648 2280 φυσικὸν
1671 2210 1885 2282 πατέρα
1903 2227 2045 2281 παρ-

469 2299 751 2370 εληλύθεις
795 2298 987 2368 Ἦμεῖς
1019 2298 1119 2369 μὲν
1146 2299 1254 2370 γάρ
1285 2299 1345 2351 ἐν
1410 2299 1533 2360 ταῖς
1576 2296 1787 2368 θλίψεσι
1816 2297 1911 2350 καῖ
1935 2298 2047 2359 τοῖς

470 2384 622 2458 [455]
668 2384 936 2449 κινδύνοις
991 2385 1210 2439 πάντων
1248 2383 1348 2455 τήν
1400 2384 1625 2455 μνήμην
1672 2382 2043 2453 ἐκϐάλλομεν·

467 2472 629 2534 αὑτὸς
668 2470 725 2524 δὲ
777 2470 949 2534 οὕτως
1006 2470 1263 2524 ἐδεδοίκει
1312 2471 1407 2524 καὶ
1463 2470 1695 2541 ἐτρεμεν
1741 2468 1881 2540 ὑπὲρ
1936 2467 2046 2522 τῶν

469 2555 694 2620 παίδων,
728 2554 804 2618 ὡς
833 2556 929 2608 καὶ
969 2554 1030 2609 δν
1072 2555 1233 2626 μόνον
1276 2551 1391 2626 εἷχε
1426 2555 1797 2626 παραμυθίαν,
1831 2555 1922 2609 τὸν
1953 2555 2046 2608 Τι-

470 2640 660 2709 μόθεον
687 2642 781 2695 καὶ
824 2641 1077 2696 κοινωνὸν
1107 2642 1201 2695 καὶ
1236 2641 1517 2713 συνεργὸν,
1543 2640 1733 2696 τοῦτον
1773 2643 1832 2694 ἐν
1860 2642 2045 2705 αὐτοῖς

468 2729 576 2789 τοῖς
610 2726 872 2790 κινδύνοις
902 2726 1113 2798 πέμψαι
1145 2727 1281 2798 πρὸς
1307 2727 1525 2791 αὐτούς.
1567 2728 1677 2783 Καὶ
1724 2730 1815 2793 είς
1842 2728 2040 2794 κενὸν,

467 2813 623 2883 φησὶ,
662 2813 905 2881 γένηται
946 2816 979 2866 ό
1011 2815 1199 2880 κόπος
1234 2812 1421 2884 ἡμῶν.
1465 2815 1565 2869 Διά
1598 2814 1683 2881 τίς
1723 2816 1773 2867 εί
1812 2814 1919 2886 γάρ
1951 2815 2045 2868 καὶ

469 2899 919 2971 παρετράπησαν,
943 2899 1003 2953 ού
1034 2900 1186 2972 παρὰ
1208 2901 1305 2973 τὴν
1334 2900 1433 2972 σήν
1457 2900 1657 2966 αἰτίαν,
1682 2902 1743 2954 οὑ
1774 2902 1925 2972 παρά
1947 2902 2046 2974 τὴν

468 2987 570 3056 σήν
625 2984 919 3057 ρᾳθυμίαν.
967 2985 1110 3039 Ἀλλ’
1140 2987 1289 3056 ὅμως
1337 2988 1431 3041 καὶ
1476 2986 1682 3041 τούτων
1731 2986 1922 3053 ὄντων,
1956 3005 2049 3041 κε-

470 3071 737 3127 κενῶσθαί
770 3088 860 3143 μοι
887 3070 980 3124 τὸν
1002 3071 1169 3125 κόπον
1201 3071 1406 3142 νομίζω
1437 3073 1544 3126 ἀπὸ
1575 3074 1675 3144 τῆς
1705 3073 1906 3145 πολλῆς
1927 3075 2047 3144 φιλ-

346 3190 356 3195 -
469 3158 748 3228 αδελφίας.
788 3157 882 3225 Μή
929 3172 1055 3224 πως
1116 3154 1441 3226 ἐπείρασεν
1482 3158 1638 3228 ὑμᾶς
1666 3163 1699 3214 ό
1740 3158 2044 3230 πειράζων.

472 3244 727 3315 Πειράζει
750 3243 807 3297 δέ
831 3245 930 3298 οὑκ
959 3243 1115 3308 είδὼς
1145 3246 1194 3298 εί
1228 3245 1546 3301 καταϐαλεῖ.
1572 3243 1686 3303 Είτ’
1714 3249 1919 3311 ἐκεῖνος
1946 3247 2047 3319 μὲν

472 3332 569 3387 καὶ
610 3332 687 3395 ὼς
738 3331 838 3385 οὑκ
884 3329 1039 3395 εἰδὼς
1082 3332 1396 3402 ἐπέρχεται,
1425 3335 1586 3406 ήμεῖς
1618 3334 1676 3388 δέ
1725 3335 1926 3399 εἰδότες
1962 3338 2046 3389 ὅτι

474 3418 678 3487 σφόδρα
715 3416 877 3472 αὑτοῦ
908 3419 1291 3491 περιεσόμεθα,
1311 3422 1374 3477 οὑ
1406 3422 1680 3493 νήφομενς
1708 3423 1831 3477 Ὅτι
1864 3422 1920 3476 δέ
1947 3424 2048 3477 οὑκ

471 3505 624 3568 εἰδὼς
654 3506 787 3575 ήμῖν
830 3504 1159 3574 προσϐάλλει
1187 3519 1235 3572 ι,
1271 3508 1366 3561 ἐπὶ
1418 3509 1513 3563 τοῦ
1575 3508 1694 3563 Ἰὼϐ
1754 3510 2042 3582 ἐδήλωσεν.

474 3593 663 3659 Ἔλεγε
686 3591 790 3664 γὰρ
823 3592 958 3663 πρὸς
988 3592 1077 3645 τὸν
1108 3591 1238 3650 Θεὸν
1264 3594 1293 3646 6
1320 3597 1553 3666 πονηρὸς
1578 3597 1785 3661 ἐκεῖνος
1806 3597 2012 3667 δαίμων
2029 3614 2043 3628 ·

465 3681 549 3733 Οὐ
576 3678 658 3732 σὺ
691 3678 1088 3748 περιέφραξας
1135 3680 1320 3735 αὑτοῦ
1371 3681 1441 3736 τὰ
1483 3681 1605 3736 ἔσω
1654 3683 1752 3737 καί
1797 3686 1869 3737 τὰ
1896 3684 2046 3751 ἕξω;

470 3766 716 3831 Περίελε
759 3766 945 3820 αὐτοῦ
975 3767 1046 3819 τὰ
1072 3766 1448 3836 ὑπάρχοντα·
1476 3764 1515 3838 ἦ
1534 3768 1663 3838 μὴν
1696 3773 1785 3837 είς
1815 3773 2047 3839 πρόσω-

470 3854 590 3906 πόν
637 3869 711 3906 σε
761 3853 1104 3920 εὐλογήσει.
1146 3856 1422 3925 Πειράζει.
1459 3858 1556 3910 Ἂν
1590 3857 1673 3929 ίδῃ
1702 3875 1754 3911 τι
1800 3860 2045 3925 ἀσθενὲς,

470 3938 859 4010 ἐπεχείρησεν·
888 3937 957 3991 ἂν
1010 3937 1248 4007 ίσχυρδν,
1295 3939 1528 4010 ἀπέστη.
1560 3943 1669 3994 Καί
1710 3944 1798 4008 είς
1841 3946 2042 4009 κενὸν,

470 4024 624 4095 φησι,
647 4023 888 4092 γένηται
912 4026 945 4077 ὀ
973 4025 1162 4089 κόπος
1188 4023 1374 4093 ἡμῶν.
1409 4025 1756 4097 ’Δκούσωμεν
1784 4028 2043 4096 ἅπαντες,

469 4111 586 4174 πῶς
627 4109 864 4180 ἔκαμνεν
910 4112 939 4163 6
977 4110 1208 4174 Παῦλος.
1257 4111 1371 4164 Οὑκ
1404 4108 1577 4180 εἶπεν,
1625 4113 1806 4187 ἔργον,
1833 4117 1946 4172 ἀλλ’
1992 4122 2043 4173 Ὀ

466 4197 673 4264 κόπος·
690 4197 787 4249 οὐκ
802 4190 945 4258 εἷπε,
968 4196 1061 4250 καὶ
1076 4196 1234 4275 ὑμεῖς
1250 4198 1535 4253 ἀπολεῖσθε
1549 4201 1598 4266 δ,
1612 4201 1747 4267 ἀλλ’,
1773 4204 1833 4257 ’0
1858 4206 2044 4274 κόπος

466 4283 655 4354 ἡμῶν.
685 4283 846 4339 Ὥστε
879 4285 928 4337 εί
962 4283 1057 4338 καὶ
1085 4284 1283 4357 συνέδη
1313 4303 1387 4349 τι,
1407 4287 1555 4353 είκδς
1588 4288 1828 4358 ἐγίνετο·
1856 4293 2042 4367 ἐπειδὴ

464 4369 523 4425 δὲ
548 4370 609 4422 οὑ
640 4369 861 4440 συνέση,
883 4368 1017 4423 πολὺ
1048 4370 1110 4423 τὸ
1141 4370 1343 4441 θαῦμα.
1368 4373 1553 4429 Ταῦτα
1586 4376 1685 4447 μὲν
1711 4379 2040 4453 προσεδοκή-

466 4473 661 4527 σαμεν,
702 4457 888 4526 φησὶν,
919 4456 1077 4528 ὲξέόη
1113 4456 1170 4511 δὲ
1220 4460 1290 4513 τὰ
1336 4460 1589 4516 ἐναντία·
1628 4463 1690 4516 ού
1738 4465 1848 4536 γὰρ
1883 4468 2042 4538 μόνον

464 4544 781 4616 προσθήκην
814 4543 1044 4613 θλίψεως
1093 4544 1353 4616 οὐδεμίαν
1392 4550 1522 4621 παρ’
1553 4550 1705 4622 ὑμῶν
1752 4554 2038 4624 ἐλάϐομεν,

461 4630 598 4684 ἀλλά
627 4633 720 4685 καὶ
748 4631 1112 4702 παράκλησιν.
1142 4633 1298 4700 Ἄρτι
1322 4633 1391 4687 δὲ
1419 4636 1706 4704 ἐλθόντος
1741 4641 2037 4710 Τιμοθέου,

462 4718 616 4786 φησι,
645 4718 797 4786 πρὸς
818 4717 976 4787 ἡμᾶς
1006 4719 1109 4789 ἀφ’
1136 4719 1326 4788 ὑμῶν,
1353 4723 1455 4777 καί
1491 4725 2038 4797 εὐαγγελισαμένου

459 4803 604 4872 ἡμῖν
654 4805 772 4873 τὴν
814 4806 1043 4870 πίστιν,
1091 4806 1191 4860 καί
1234 4808 1351 4876 τὴν
1395 4808 1639 4880 ἀγάπην
1693 4816 1879 4884 ὑμῶν.
1925 4819 2035 4870 Καὶ

456 4892 1025 4962 εὐαγγελισαμένου,
1078 4895 1265 4964 φησίν.
1327 4896 1490 4969 Ὁρᾷς
1536 4900 1636 4972 τήν
1681 4902 2036 4974 περιχάρειαν

459 4978 700 5045 Παύλου;
728 4979 844 5033 Οὑκ
880 4976 1055 5044 εἷπεν,
1083 4981 1539 5051 ἀπαγγείλαντος,
1572 4987 1712 5053 ἀλλ’,
1739 4989 2036 5059 Εὑαγγελιο

456 5066 721 5135 σαμένου·
766 5064 1020 5120 τοσοῦτον
1067 5068 1271 5136 ἀγαθὸν
1307 5074 1494 5141 ἠγεῖτο
1542 5075 1642 5145 τήν
1692 5078 1917 5132 ἐκείνων
1947 5078 2032 5148 βε·

453 5151 680 5208 ϐαίωσιν
708 5153 803 5207 καὶ
842 5154 942 5225 τὴν
969 5154 1211 5225 ἀγάπην.
1249 5156 1486 5230 Ἀνάγκη
1531 5161 1639 5229 γάρ
1689 5164 1903 5234 ἐκείνης
1942 5164 2034 5235 βε-

452 5240 613 5304 ϐαίας
665 5242 931 5314 μενούσης
994 5243 1090 5297 καὶ
1150 5241 1353 5314 ταύτην
1406 5246 1747 5318 ἐστηρίχθαι.
1800 5252 1908 5304 Καὶ
1965 5255 2028 5323 τῇ

451 5327 640 5398 ἀγάπῃ
671 5327 729 5380 δὲ
774 5328 955 5384 αὐτῶν
996 5329 1236 5403 ἔχαιρεν,
1278 5332 1361 5386 ὅτι
1402 5335 1627 5403 σημεῖον
1653 5336 1752 5406 τῆς
1796 5338 2032 5404 πίστεως

449 5407 539 5482 ἦν,
561 5412 669 5467 Καὶ
692 5412 782 5467 ὅτι
800 5414 988 5483 ἔχετε,
1016 5417 1172 5487 φησὶ,
1196 5418 1414 5486 μνείαν
1436 5418 1606 5488 ἡμῶν
1631 5422 1866 5492 ἀγαθὴν
1879 5424 2029 5479 πάν-

453 5514 586 5553 τοτε
608 5500 1034 5570 ἐπιποθοῦντες
1069 5502 1232 5573 ἡμᾶς
1255 5503 1424 5570 ίδεῖν,
1446 5505 1712 5578 καθάπερ
1737 5510 1838 5565 καί
1859 5511 2028 5581 ἡμεῖς

513 5622 540 5698 ς
566 5619 943 5698 ςριτςριρηι
967 5635 1028 5673 cx
1053 5623 1208 5688 (1011).,
1239 5638 1345 5689 pro,
1370 5611 1652 5698 προϐάλλει.
1682 5631 1805 5684 Em:

512 5677 542 5726 ᾗ
577 5679 840 5747 ξΔπὸλησθε
860 5681 886 5732 ?

1131 278 1198 335 .S.
1237 270 1529 335 JOANNIS
1561 266 2041 332 εηιιγεοετοιίι

2142 266 2408 328 ΚΟΠΙΕΡ.
2447 268 3001 330 εοΝετΑΝτιΝοε.

2146 386 2323 456 ὑμᾶς.
2375 387 2633 442 Τουτέστι
2681 390 2817 459 μετὰ
2868 388 3128 443 ἐπαίνων.
3170 388 3282 461 Οὑκ
3318 390 3404 446 ὅτε
3445 395 3726 466 παρῆμεν,

2146 477 2253 531 οὐδ’
2282 476 2371 529 ὅτε
2404 476 2992 548 ἐθαυματουργοῦμεν,
3021 478 3158 532 ἀλλά
3187 480 3279 532 καὶ
3304 480 3430 545 νῦν,
3470 483 3558 536 δτε
3588 485 3729 557 πόρο

2143 564 2222 633 ρω
2279 562 2468 632 ἐσμὲν,
2522 563 2616 616 καὶ⁵
2652 562 3047 634 μαστιζόμεθα,
3096 564 3190 618 καὶ
3243 567 3414 636 μυρία
3445 567 3730 639 πάσχομεν

2138 648 2308 713 δεινὰ,
2350 648 2536 718 μνείαν
2581 650 2738 720 ήμῶν
2786 650 3002 721 ἀγαθήν
3048 650 3221 721 ἔχετε.
3266 653 3562 707 Ἀκούσατε
3611 657 3732 719 πῶς

2141 735 2510 805 θαυμάζονται
2535 735 2776 806 μαθηταὶ
2802 737 2995 805 μνείαν
3012 736 3222 808 ἀγαθήν
3243 754 3310 790 πε
3317 740 3372 809 ρὶ
3392 738 3734 793 διδασκάλων

2141 822 2378 893 ἔχοντες,
2440 821 2558 885 πῶς
2625 822 3040 892 μακαρίζονται.
3095 823 3411 895 Μιμώμεθα
3472 826 3728 889 τούτους·

2139 911 2290 980 ἡμᾶς
2321 911 2430 981 γὰρ
2460 911 2659 974 αὐτοὺς
2686 909 3029 981 ὠφελοῦμεν,
3063 913 3124 966 οὑ
3151 915 3280 977 τοὺς
3305 914 3729 984 ἀγαπωμένους.

2154 996 2614 1061 Ἑπιποθοῦντες
2657 996 2839 1065 ἡμᾶς,
2879 1000 3065 1069 φησὶν,
3112 997 3282 1064 ίδεῖν,
3319 1000 3583 1067 καθάπερ
3630 1000 3733 1053 καὶ

2142 1085 2316 1155 ἡμεῖς
2342 1082 2515 1154 ὑμᾶς.
2552 1085 2659 1138 Καὶ
2696 1084 2855 1140 τοῦτο
2893 1086 2950 1140 δὲ
2998 1086 3194 1149 αὐτοὺς
3223 1088 3477 1158 εὔφρανε.
3511 1088 3586 1141 Τὸ
3617 1089 3733 1160 γὰρ

2147 1171 2341 1241 μαθεῖν
2365 1172 2456 1224 τὸν
2489 1171 2768 1240 φιλοῦντα,
2795 1172 2877 1227 ὅτι
2926 1173 3087 1227 τοῦτο
3124 1167 3268 1226 οἶδεν
3310 1177 3339 1228 6
3383 1173 3733 1245 φιλούμενος,

2142 1259 2225 1312 ὃτι
2255 1258 2514 1327 φιλεῖται.
2541 1258 2711 1329 πολλὴ
2741 1258 3068 1329 παραμυθία
3099 1261 3195 1313 καὶ
3234 1260 3599 1331 παράκλησις.
3628 1264 3738 1315 Διὰ

2142 1343 2318 1398 τοῦτο
2346 1345 2835 1414 παρεκλήθημεν,
2856 1345 3129 1415 ἀδελφοί,
3153 1346 3244 1415 ἐφ’
3265 1346 3405 1415 ὑμῖν
3433 1347 3532 1400 ἐπὶ
3562 1347 3738 1414 πάσῃ

2143 1428 2219 1497 τῇ
2250 1430 2451 1499 θλίψει
2485 1430 2587 1485 καί
2631 1431 2864 1500 ἀνάγκῃ
2908 1432 3080 1500 ἡμῶν
3122 1431 3221 1485 διὰ
3266 1430 3377 1499 τῆς
3418 1430 3586 1501 ὑμῶν
3632 1431 3741 1486 πί-

2142 1531 2365 1582 στεως·
2416 1517 2506 1572 ὅτι
2547 1517 2666 1572 νῦν
2713 1518 2918 1587 ζῶμεν,
2959 1517 3069 1572 ἐὰν
3107 1517 3277 1586 ὑμεῖς
3338 1518 3606 1585 στήκητε
3662 1520 3739 1573 ἐν

2142 1606 2358 1674 Κυρίῳ.
2393 1605 2460 1658 Τί
2488 1605 2705 1661 Παύλου
2744 1607 2859 1659 ἴσον
2886 1605 3084 1674 γένοιτ’
3116 1605 3202 1672 ἂν,
3230 1606 3290 1670 6;
3320 1605 3419 1673 τὴν
3446 1605 3557 1659 τῶν
3591 1606 3738 1675 πλη-

2145 1692 2262 1745 σίον
2305 1691 2580 1763 σωτηρίαν
2623 1691 2872 1761 ἐνόμιζεν
2920 1687 3061 1744 εἶναι
3102 1690 3202 1761 τήν
3231 1692 3449 1756 ἐαυτοῦ,
3480 1692 3740 1763 καθάπερ

2146 1777 2295 1851 [ίδό]
2324 1778 2487 1848 σῶμα
2530 1778 2670 1850 πρὸς
2719 1778 2879 1848 μέλη,
2906 1776 3048 1832 οὑτω
3088 1777 3224 1848 πρὸς
3256 1779 3465 1841 πάντας
3511 1778 3742 1831 διακεί-

2147 1880 2306 1933 μενος
2319 1880 2334 1927 ;
2349 1864 2432 1927 τίς
2444 1864 2731 1935 δυνήσεται
2747 1864 2951 1935 ταύτην
2969 1863 3127 1935 ῥῆξαι
3143 1864 3240 1933 τὴν
3257 1864 3439 1935 φωνήν
3455 1863 3552 1917 νῦν
3569 1883 3583 1929 ;
3606 1865 3742 1935 μᾶλ-

2142 1948 2232 2002 λον
2253 1949 2311 2001 δὲ
2330 1950 2414 2013 τίς
2441 1949 2730 2020 δυνήσεται
2767 1948 2909 2002 οὑτω
2942 1950 3209 2020 φρονῆσαί
3244 1967 3403 2018 ποτε;
3432 1951 3547 2005 Οὑκ
3577 1950 3741 2020 ἠξίου

2142 2034 2303 2123 χάριν
2335 2035 2536 2100 αὑτοὺς
2564 2035 2763 2091 είδέναι
2791 2036 2941 2107 αὑτῷ
2969 2036 3077 2089 τῶν
3106 2036 3431 2108 πειρασμῶν
3457 2037 3573 2123 τῶχ
3594 2037 3742 2106 ὑπὲρ

2143 2122 2344 2186 αὑτῶν,
2379 2122 2516 2177 ἀλλά
2541 2123 2700 2195 χάριν
2741 2124 2924 2186 αὐτοῖς
2953 2123 3090 2194 ⁴ᾔδει,
3119 2124 3199 2178 ὅτι
3231 2124 3332 2178 οὐκ
3360 2122 3744 2194 ἐσαλεύθησαν

2142 2209 2231 2263 διά
2260 2208 2389 2272 τοὺς
2430 2211 2775 2280 πειρασμοὺς
2821 2211 2948 2274 τοὺς
2994 2209 3161 2263 αὑτοῦ
3181 2226 3195 2241 ·
3224 2211 3301 2274 ὡς
3333 2210 3400 2264 ἂν
3428 2212 3479 2265 εί
3520 2212 3736 2280 ἐλεγεν,

2143 2298 2225 2352 ὅτι
2256 2297 2417 2368 Ὑμῖν
2437 2298 2659 2369 μᾶλλον,
2683 2299 2716 2370 ἦ
2746 2299 2876 2369 ήμῖν
2898 2299 3008 2353 ἀπὸ
3033 2298 3144 2353 τῶν
3168 2299 3493 2371 πειρασμῶν
3519 2300 3744 2369 ἐγένετο

2145 2383 2315 2455 βλάϐη
2335 2400 2349 2416 ·
2380 2385 2539 2455 ὑμεῖς
2566 2385 2930 2456 ἐπειράσθητε
2978 2385 3180 2456 μᾶλλον
3205 2386 3237 2459 ή
3271 2388 3453 2455 ἡμεῖς,
3488 2387 3650 2457 ὑμεῖς
3678 2389 3740 2440 οί

2144 2469 2310 2540 μηδὲν
2328 2468 2611 2534 παθόντες,
2633 2470 2794 2540 ήμῶν
2815 2472 2922 2525 τῶν
2951 2471 3252 2525 παθόντων.
3293 2472 3509 2543 Ἐπειδὴ
3532 2472 3730 2537 ταῦτα,

2144 2557 2330 2627 φησὶν,
2359 2556 2752 2626 εὐηγγελίσατο
2785 2558 2933 2626 ἡμᾶς
2965 2560 2993 2611 6
3033 2558 3317 2629 Τιμόθεος,
3347 2559 3498 2612 οὐδὲν
3536 2558 3739 2614 αίσθα--

2142 2642 2348 2713 νόμεθα
2397 2641 2507 2697 τῶν
2564 2643 2846 2714 λυπηρῶν,
2894 2643 3062 2710 ἀλλά,
3112 2646 3585 2714 Παρεκλήθημεν
3630 2646 3737 2701 ἐπὶ

2142 2730 2309 2800 πάσῃ
2350 2728 2424 2798 τῇ
2463 2730 2697 2798 θλίψει·
2723 2731 2787 2799 ρὺ
2818 2730 2990 2802 ταύτῃ
3024 2730 3082 2785 δέ
3132 2731 3316 2802 μόνον,
3347 2731 3486 2785 ἀλλά
3518 2732 3615 2786 καὶ
3653 2732 3739 2801 Τῇ

2142 2816 2374 2887 ἀνάγκη
2426 2814 2616 2885 ήμῶν,
2670 2815 2866 2888 φησίν·
2923 2818 3169 2883 είκότως.
3225 2818 3561 2872 Διδασκάλου
3621 2819 3739 2890 γάρ

2148 2902 2362 2970 ἀγαθοῦ
2391 2902 2542 2955 οὐδὲν
2578 2901 2645 2956 ἂν
2676 2901 2871 2970 ἅψαιτο
2903 2903 3109 2971 λοιπὸν,
3155 2904 3261 2967 ἐως
3289 2906 3355 2959 ἂν
3386 2907 3456 2959 τά
3485 2906 3596 2959 τῶν
3627 2921 3737 2976 μα-

2143 2989 2322 3060 θητῶν
2347 2990 2485 3044 κατά
2515 2990 2742 3062 γνώμην
2768 2990 2916 3062 αύτῷ
2963 2995 3250 3064 προχωρῇ.
3272 2992 3348 3047 Δι’
3370 2993 3547 3064 ὑμῶν,
3573 2994 3734 3063 φησὶ,

2144 3076 2571 3147 παρεκλήθημεν
2589 3094 2603 3109 ·
2636 3077 2936 3142 τουτέστιν,
2965 3078 3125 3149 ὑμεῖς
3154 3080 3301 3150 ἡμᾶς
3328 3079 3726 3152 ἐπερεώσατε.

2144 3165 2257 3219 Καὶ
2300 3165 2406 3238 μὴν
2438 3165 2751 3222 τούναντίον
2792 3161 2895 3237 ἦν·
2929 3167 2989 3219 τὸ
3038 3168 3147 3239 γὰρ
3200 3168 3474 3230 παθόντας
3523 3169 3598 3241 μὴ
3643 3171 3734 3223 ἐν·

2143 3253 2349 3320 δοῦναι,
2382 3253 2519 3307 ἀλλά
2542 3253 2736 3325 στῆναι
2771 3254 3056 3324 γενναίως,
3096 3257 3278 3312 ἱκανὸν
3310 3258 3438 3323 τοὺς
3481 3257 3732 3332 μαθητάς

2145 3340 2417 3412 στηρίξαι.
2458 3340 2597 3394 Ἀλλ’
2624 3340 2784 3403 αὑτὸς
2810 3342 2955 3395 ἀπαν
2988 3343 3298 3399 τούναντίον
3328 3348 3493 3412 ποιεῖ,
3517 3347 3613 3399 καὶ
3650 3349 3731 3412 είς

2145 3426 2388 3491 ἐκείνους
2452 3427 2771 3499 περιτρέπει
2833 3428 2896 3483 16
2973 3429 3280 3502 ἐγκώμιον·
3352 3431 3512 3502 ὑμεῖς
3582 3434 3730 3504 ἡμᾶς

2142 3514 2424 3591 ἠλείψατε,
2451 3516 2649 3585 φησίν·
2680 3516 2837 3587 ὑμεῖς
2869 3518 3000 3587 ἡμῖν
3046 3517 3387 3574 ἀναπνεῦσαι
3427 3518 3725 3573 δεδώκατε·

2144 3602 2303 3673 ὑμεῖς
2336 3601 2438 3655 ούκ
2473 3603 2721 3675 ἀφήκατε
2766 3601 2878 3655 τῶν
2921 3605 3243 3676 πειρασμῶν
3280 3604 3585 3660 αίσθέσθαι.
3618 3606 3729 3660 Καὶ

2144 3692 2245 3745 οὑκ
2307 3687 2482 3757 εἶπεν,
2543 3691 2973 3762 ἀνεπνεὺσαμεν,
3032 3693 3178 3759 οὑδὲ,
3221 3693 3721 3767 παρεμυθήθημεν·

2145 3777 2282 3830 ἀλλά
2304 3781 2390 3846 τίς
2415 3778 2545 3833 Νῦν
2573 3776 2785 3847 ζῶμεν·
2812 3778 3026 3844 δεικνὺς
3059 3781 3142 3833 ὅτι
3183 3781 3275 3834 καὶ
3302 3780 3609 3854 πειρασμὸν
3633 3785 3727 3836 καὶ

2145 3864 2377 3919 θάνατον
2423 3864 2577 3918 ούδέν
2630 3865 2760 3920 ἄλλο
2811 3868 3048 3936 ἡγεῖται,
3093 3866 3126 3938 ἢ
3186 3866 3248 3920 τὸ
3312 3863 3611 3924 σκάνδαλον
3665 3868 3727 3922 τὸ

2144 3949 2386 4014 ἐκείνων,
2409 3951 2543 4005 ὅπου
2574 3968 2640 4020 γε
2668 3952 2762 4005 καὶ
2792 3952 2937 4023 ζωὴν
2988 3952 3087 4023 τήν
3142 3953 3366 4007 ἐκείνων
3412 3957 3720 4027 προκοπήν.

2144 4035 2271 4100 Πῶς
2299 4035 2365 4090 ἂν
2406 4036 2565 4100 ἄλλος
2603 4048 2731 4102 τιςο
2762 4039 2795 4112 ἢ
2823 4039 2920 4111 τὴν
2954 4037 3131 4109 λύπην
3182 4039 3279 4111 τὴν
3328 4040 3422 4093 ἐπὶ
3618 4040 3723 4094 τῶν

2147 4123 2405 4194 μαθητῶν
2444 4123 2791 4200 ἀσθενείᾳ,ἢ
2859 4127 2958 4195 τήν
3018 4126 3194 4198 χαρὰν
3251 4126 3555 4199 ἐδήλωσεν;
3608 4128 3720 4182 Ούκ

2142 4206 2284 4275 εἷπε,
2315 4212 2599 4284 χαίρομεν,
2644 4212 2798 4281 ἀλλὰ,
2829 4213 3052 4284 Ζώμεν,
3084 4213 3229 4287 ζωὴν
3254 4213 3427 4285 λέγων
3459 4215 3560 4287 τὴν
3592 4213 3717 4287 μέλ-

2141 4295 2360 4352 λουσαν.

2212 4392 2282 4456 γ’.
2322 4387 2486 4440 Ὥστε
2529 4386 2657 4442 ἄνευ
2691 4386 2880 4443 τούτου
2906 4387 3028 4443 οὑδέ
3057 4388 3157 4461 ζῇν
3182 4390 3243 4444 τδ
3278 4389 3378 4463 ζῇν
3410 4390 3713 4465 ἡγούμεθα.

2140 4473 2295 4528 Οὕτω
2327 4476 2453 4539 τοὺς
2490 4474 2840 4540 διδασκάλους
2881 4474 3192 4530 ’διακεῖσθαι
3238 4479 3366 4550 χρὴ,
3410 4477 3554 4533 οὑτω
3595 4482 3718 4543 τοὺς

2149 4559 2418 4631 μαθητὰς,
2452 4562 2548 4614 καὶ
2574 4561 2728 4617 οὐδὲν
2750 4560 2947 4616 ἀτοπον
2970 4561 3122 4617 ἔσται
3149 4565 3298 4624 ποτέ.
3333 4560 3466 4619 Εῐτα
3498 4567 3718 4639 προσλι-

2141 4646 2347 4700 παίνων
2371 4646 2523 4712 αὑτὸ,
2537 4647 2638 4718 δρα
2656 4646 2708 4699 τί
2734 4664 2890 4721 φησι·
2923 4649 3062 4704 Τίνα
3213 4652 3607 4721 εὐχαριστίαν
3619 4653 3718 4707 δυ-

2138 4731 2364 4801 νάμεθα
2380 4732 2457 4798 τῷ
2475 4733 2598 4799 Θεῷ
2611 4734 3054 4790 ἀνταποδοῦναι
3070 4736 3204 4805 περὶ
3220 4736 3388 4807 ὑμῶν
3415 4738 3517 4792 ἐπι
3548 4738 3717 4808 πάσῃ

2138 4818 2213 4888 τῇ
2232 4818 2406 4889 χαρᾷ,
2422 4815 2463 4894 ᾗ
2499 4822 2785 4890 χαίρομεν
2807 4821 2882 4876 δι’
2914 4823 3067 4895 ὑμᾶς
3087 4825 3428 4892 ἔμπροσθεν
3448 4828 3553 4887 τοῦ
3568 4827 3717 4881 Θεοῦ

2135 4905 2557 4976 ἡμῶικνυκτὸς
2581 4908 2679 4962 καί
2703 4908 2927 4977 ἡμέρας
2956 4911 3477 4983 ὑπερεκπερισσοῦ
3509 4913 3713 4985 δεόμε-

2135 5010 2230 5047 νοι
2250 4996 2336 5059 εἰς
2372 4994 2438 5047 τὸ
2475 4994 2628 5049 ίδεῖν
2662 4994 2833 5066 ὑμῶν
2852 4997 2920 5051 τὸ
2946 4998 3287 5069 πρόσωπον.
3315 5000 3415 5054 καί
3439 5003 3714 5070 καταρτί-

2134 5095 2240 5132 σαι
2261 5080 2334 5134 τὰ
2352 5081 2735 5150 ὑστερήματα
2760 5081 2869 5152 τῆς
2892 5086 3152 5155 πίστεως
3172 5088 3374 5157 ὑμῶη
3391 5087 3524 5158 Οὑχὶ
3541 5086 3711 5160 ζωῆς,

2135 5168 2321 5238 φησὶν,
2343 5169 2505 5222 αίτιοι
2536 5170 2667 5240 ήμῖν
2701 5172 2999 5242 γεγένησθε
3029 5173 3209 5244 μόνον,
3231 5173 3366 5228 ἀλλά
3388 5177 3483 5230 καὶ
3512 5177 3716 5248 εὖφρο-

2135 5254 2301 5323 σύνης
2332 5254 2552 5326 πολλῆς,
2584 5258 2677 5310 καὶ
2718 5258 3005 5328 τοσαύτης,
3041 5261 3116 5324 ὡς
3148 5261 3284 5331 μηδέ
3314 5262 3712 5337 εὑχαριστῆσαι

2131 5340 2392 5395 δύνασθαι
2418 5342 2495 5412 τῷ
2526 5342 2645 5414 Θεῷ
2672 5344 2795 5398 κατ’
2822 5344 3000 5410 ἀξίαν.
3042 5347 3116 5400 Τὸ
3144 5348 3298 5418 ὑμῶν
3319 5348 3346 5388 δ
3378 5349 3712 5422 κατόρθωμα

2130 5427 2301 5498 δῶρον
2330 5425 2489 5496 εἶναι,
2521 5431 2674 5501 φησὶ,
2697 5429 2792 5484 τοῦ
2816 5431 2953 5486 Θεοῦ
2975 5433 3258 5506 ήγούμεθα
3278 5451 3292 5466 ·
3317 5438 3540 5502 τοιαῦτα
3559 5440 3709 5510 ήμᾷς

2195 5577 2219 5639 ξ
2251 5575 2501 5639 Excidjssc
2520 5577 2715 5629 videtur
2737 5580 2906 5639 οὕτως,
2930 5583 3009 5632 vel
3052 5581 3214 5633 simile
3235 5584 3538 5635 adverbium.
3568 5585 3701 5635 Em.

2132 5634 2537 5759 ΕΙΞῐιλιειείκιιιιι
2559 5642 2712 5703 ήμῶν.
2751 5634 3081 5710 Corréximus,
3115 5634 3703 5709 postulanteﬁseménué.
