4106 6208
373 302 471 357 117

371 417 490 484 (Job
520 416 576 469 9.
601 413 683 481 9).
716 412 849 469 Vide
873 414 1143 484 quomodo
1173 413 1342 483 ipsam
1388 412 1690 467 tentaverit.
1716 409 1827 464 Cur
1856 424 1951 462 au-

374 520 480 564 tem
512 524 621 563 non
648 508 819 573 dixit,
850 506 1217 572 Labefecerit,
1263 505 1354 559 sed
1378 546 1392 570 ,
1443 502 1774 558 Tentaverit?
1805 501 1951 567 Quo-

378 602 519 654 niam
550 608 777 660 tantum,
814 599 1004 667 inquit,
1030 599 1331 666 suspicatus
1357 611 1474 650 sum
1510 610 1606 648 vos
1634 608 1753 648 esse
1782 600 1952 648 tenta-

372 701 489 746 tos:
515 705 620 745 non
650 690 794 745 enim
823 689 941 757 ejus
964 689 1310 743 tentationem
1336 694 1491 740 vocat
1517 684 1948 741 commotionem.

372 784 504 838 Nam
534 783 623 851 qui
655 782 773 850 ejus
818 780 1053 834 admittit
1102 780 1370 833 incursum
1401 787 1454 831 et
1504 776 1878 846 irruptionem,
1907 774 1954 828 is

372 884 454 927 est
503 871 851 926 labefactatus
897 878 950 925 et
992 878 1311 923 commotus.
1376 868 1567 936 Papznl
1628 873 1824 935 quanta
1872 873 1954 918 est

374 965 524 1019 Pauli
554 962 925 1018 benevolentia
953 962 966 1015 !
1000 976 1104 1014 non
1137 959 1352 1014 fuerunt
1378 960 1425 1013 ei
1447 974 1590 1013 cura:
1614 958 1949 1021 afﬁictiones,

374 1069 475 1109 nec
507 1053 734 1109 insidiar.
779 1051 984 1121 Opinor
1023 1051 1167 1106 enim
1197 1066 1319 1106 eum
1360 1060 1484 1104 tunc
1522 1049 1630 1104 illic
1670 1048 1950 1103 mansisse.

374 1144 528 1199 Sicut
574 1141 704 1198 dicit
756 1141 950 1207 Lucas,
978 1155 1103 1195 eum
1147 1141 1197 1193 in
1252 1139 1473 1194 Hellade
1529 1139 1789 1193 mansisse
1844 1147 1953 1192 tres

378 1248 624 1297 menses,
671 1247 791 1288 cum
838 1233 885 1286 ei
933 1243 1151 1286 structae
1181 1230 1409 1286 fuissent
1451 1229 1658 1285 insidiae
1686 1243 1715 1282 a
1753 1227 1953 1283 Judaeis

380 1327 514 1391 (Act.
546 1324 635 1381 20.
667 1325 748 1394 ὅ).

446 1417 499 1470 2.
524 1417 638 1471 Non
667 1431 796 1486 ergo
844 1416 890 1470 ei
914 1430 1058 1470 cura:
1084 1422 1238 1469 erant
1267 1412 1523 1485 pericula,
1554 1410 1648 1468 sed
1674 1410 1945 1479 discipuli.

384 1508 542 1563 Vides
563 1507 702 1578 quod
724 1494 970 1578 quemvis
988 1508 1278 1561 naturalem
1300 1514 1503 1575 patrem
1530 1502 1949 1573 exsuperarerit.

379 1597 508 1653 Nam
544 1614 643 1654 nos
667 1597 886 1668 quidem
904 1598 955 1651 in
984 1596 1361 1651 afﬂictionibus
1387 1605 1441 1651 et
1471 1596 1723 1666 periculis
1751 1608 1954 1649 memo-

378 1692 510 1745 riam
536 1691 772 1745 omnium
819 1689 1170 1758 expcllimus:
1206 1691 1320 1759 ipse
1345 1698 1523 1744 autem
1570 1688 1637 1743 de
1668 1688 1790 1741 ﬁliis
1817 1687 1953 1742 adeo

381 1783 594 1836 timebat
611 1791 663 1835 et
687 1781 967 1843 tremebat.
992 1789 1049 1835 ut
1069 1796 1225 1850 quem
1242 1780 1629 1835 consolatorem
1657 1780 1829 1835 solum
1853 1780 1951 1834 ha-

382 1873 534 1926 bebat
586 1873 922 1926 Timotheum
961 1880 1015 1925 et
1042 1872 1369 1938 adiutorem,
1402 1886 1524 1925 eum
1557 1871 1608 1924 in
1645 1871 1774 1940 ipsis
1802 1869 1948 1939 peri-

379 1964 514 2017 culis
561 1964 794 2017 mitteret
838 1962 905 2017 ad
956 1952 1069 2016 eos.
1104 1961 1165 2015 Et
1209 1963 1377 2015 inanis
1426 1963 1519 2030 ﬁat
1566 1963 1708 2017 labor
1756 1972 1948 2016 noster.

379 2054 593 2119 Quare?
639 2069 761 2107 nam
790 2053 892 2108 etsi
919 2054 1093 2108 eversi
1122 2063 1323 2118 essent,
1359 2070 1463 2108 non
1498 2064 1588 2109 tua
1617 2056 1793 2125 culpa,
1842 2056 1951 2109 non

379 2155 467 2197 tua
495 2144 738 2197 socordia
766 2143 817 2198 id
840 2143 1142 2198 accidisset.
1167 2144 1268 2198 Sed
1296 2154 1472 2200 tamen
1490 2146 1649 2200 rebus
1674 2147 1740 2198 ita
1773 2160 1832 2201 se
1854 2145 1953 2198 ba-

378 2235 646 2298 hcntihus,
704 2236 915 2288 inanem
945 2233 1109 2288 fuisse
1146 2235 1396 2289 existimo
1443 2235 1572 2288 mihi
1607 2235 1845 2290 laborem
1886 2251 1952 2289 cx

379 2324 543 2377 nndto
573 2324 811 2378 fraterno
858 2339 1062 2377 amore.
1096 2322 1179 2377 Ne
1205 2327 1337 2396 forte
1365 2326 1625 2378 tentaoerit
1670 2341 1755 2378 vos
1797 2326 1839 2378 is
1868 2326 1955 2394 qui

378 2424 550 2469 tentet.
581 2415 775 2470 Tentat
827 2423 1007 2469 autem
1055 2417 1303 2471 nesciens
1339 2430 1407 2469 an
1452 2418 1522 2470 sit
1568 2425 1947 2485 prostraturus.

379 2506 575 2559 Deinde
598 2505 688 2561 ille
708 2506 945 2576 quidem,
972 2507 1135 2559 etiam
1174 2516 1230 2559 ut
1255 2522 1361 2560 non
1409 2508 1586 2561 sciens
1612 2507 1949 2575 aggreditur;

376 2614 473 2651 nos
494 2607 696 2662 autem,
719 2597 954 2652 scientes
972 2612 1070 2652 nos
1100 2613 1221 2651 cum
1251 2598 1408 2667 longe
1435 2607 1782 2667 superaturos
1808 2613 1950 2664 esse,

376 2689 560 2757 vigiles
582 2704 687 2744 non
718 2704 904 2744 sumus
923 2691 945 2743 ?
965 2689 1117 2755 Quod
1145 2698 1323 2744 autem
1354 2693 1604 2745 nesciens
1633 2706 1731 2745 nos
1762 2706 1951 2761 aggre-

374 2780 567 2843 diatur,
596 2781 648 2834 in
689 2781 793 2837 Job
818 2784 1071 2837 ostendit.
1118 2784 1227 2838 Deo
1259 2784 1401 2837 enim
1449 2783 1660 2837 dicebat
1690 2784 1953 2851 malignus

376 2873 464 2927 ille
492 2872 700 2928 daemon
732 2890 747 2929 :
783 2873 969 2928 Nonne
995 2884 1049 2927 tu
1094 2891 1173 2927 res
1217 2876 1327 2944 ejus
1352 2890 1466 2943 qua:
1504 2884 1552 2927 et
1590 2875 1725 2927 intus
1751 2884 1796 2927 et
1827 2874 1953 2942 [oris

374 2972 490 3015 sunt
507 2964 773 3017 muniisti?
798 2964 957 3032 Aufer
977 2965 1087 3033 ejus
1111 2964 1400 3033 facultates,
1430 2973 1563 3018 certe
1580 2964 1632 3016 in
1658 2965 1839 3035 faciem
1866 2964 1953 3017 tibi

375 3053 623 3107 benedicet
654 3053 774 3124 (Job
805 3055 857 3109 ί.
892 3054 979 3109 10.
1010 3054 1123 3124 Η).
1155 3053 1368 3109 Tentat.
1419 3054 1478 3109 Si
1521 3053 1714 3107 viderit
1747 3053 1950 3123 aliquid

376 3144 718 3207 imbecillum,
765 3146 1011 3211 invadit;
1043 3146 1088 3200 si
1137 3145 1394 3211 validum,
1427 3145 1652 3201 recedit.
1690 3143 1757 3198 Et
1786 3145 1951 3198 inanis

374 3237 483 3303 fiat,
516 3236 702 3306 inquit,
735 3236 877 3290 labor
905 3249 1092 3291 noster.
1120 3237 1415 3292 Audiamus
1442 3252 1651 3301 omnes,
1681 3235 1951 3306 quomodo

375 3327 690 3383 laboraverit
717 3330 935 3385 Paulus.
966 3330 1081 3385 Non
1102 3330 1255 3385 dixit.
1274 3331 1440 3401 Opus,
1468 3331 1584 3398 sed,
1616 3331 1816 3397 Labor;
1842 3347 1946 3386 non

372 3417 522 3479 dixit,
546 3416 720 3472 Etvos
737 3420 1011 3488 peribitis;
1044 3419 1161 3484 sed,
1192 3419 1361 3474 Labor
1388 3431 1574 3476 noster.
1593 3422 1947 3490 Quamobrem

372 3507 416 3559 si
461 3507 660 3577 aliquid
705 3510 1011 3576 accidisset,
1041 3511 1404 3565 verisimiliter
1444 3523 1759 3567 eventurum
1788 3522 1902 3567 erat
1930 3528 1944 3566 :

370 3597 619 3665 quoniam
648 3608 825 3654 autem
854 3615 959 3655 non
989 3600 1204 3667 accidit,
1238 3602 1397 3656 valde
1425 3613 1509 3658 est
1554 3603 1945 3658 admirandum.

374 3685 498 3741 lltec
531 3688 768 3757 quidem,
795 3689 987 3759 inquit,
1020 3691 1468 3759 exspectavimus,
1516 3703 1811 3748 evenerunt
1849 3708 1947 3748 au-

372 3790 476 3833 tem
498 3783 766 3837 contraria
793 3800 806 3836 :
827 3798 934 3839 non
953 3786 1125 3840 solum
1140 3785 1282 3841 enim
1308 3784 1506 3840 nullam
1532 3785 1834 3842 afﬁiclionis
1854 3802 1949 3843 ac-

366 3873 667 3928 cessionem
694 3888 724 3928 a
755 3874 905 3930 vobis
932 3877 1256 3947 accepimus,
1298 3876 1390 3931 sed
1421 3877 1582 3932 etiam
1623 3878 1946 3933 consolatio-

370 3975 512 4015 nem.
548 3960 702 4018 Nunc
727 3975 895 4019 autem
923 3966 1147 4020 veniente
1177 3965 1437 4021 Timotheo
1461 3968 1529 4021 ad
1550 3984 1641 4022 nos
1660 3985 1690 4021 a
1714 3970 1872 4033 vobis,
1899 3979 1945 4023 et

370 4054 703 4108 annuntiante
726 4055 867 4109 nobis
896 4058 1047 4124 ﬁdem
1075 4066 1120 4111 et
1154 4058 1415 4112 caritatem
1463 4069 1696 4112 vestram.
1726 4057 1945 4113 Annuu-

371 4143 542 4209 tiante,
576 4144 765 4214 inquit.
816 4146 972 4201 Vides
1019 4163 1265 4217 magnam
1316 4149 1464 4202 Pauli
1519 4149 1758 4203 laetitiam
1786 4148 1942 4203 ?Non

365 4238 523 4303 dixit,
550 4244 936 4308 ἀπαγγείλαντος,
964 4242 1016 4297 id
1049 4253 1155 4310 est,
1189 4245 1490 4307 nuntiante,
1524 4243 1618 4298 sed
1642 4248 1944 4309 εὐαγγελίσαι·

366 4341 528 4397 μένου,
563 4330 611 4385 id
640 4342 742 4397 est.
783 4336 955 4390 fausta
1006 4336 1287 4390 nuntiante
1315 4353 1328 4390 :
1360 4344 1566 4390 tantum
1606 4335 1945 4389 existimabat

366 4420 569 4476 bonum
597 4423 806 4479 illorum
841 4426 1168 4490 ﬁrmitatem,
1194 4435 1248 4482 et
1276 4428 1578 4480 caritatem.
1606 4425 1836 4480 Necesse
1862 4434 1944 4480 est

364 4512 508 4564 enim
538 4512 625 4566 illa
653 4513 804 4568 ﬁrma
835 4524 1085 4571 manente
1116 4525 1172 4571 et
1199 4516 1399 4581 stabili,
1430 4516 1569 4569 hanc
1594 4529 1805 4585 quoque
1822 4529 1943 4570 esse

364 4600 571 4654 ﬁrmam
615 4616 680 4657 ac
724 4605 992 4660 stabilem.
1042 4605 1348 4660 Laetabatur
1395 4616 1572 4659 autem
1623 4612 1677 4659 et
1726 4612 1943 4674 propter

362 4689 604 4757 ipsorum
634 4695 931 4762 caritatem,
975 4695 1117 4765 quod
1164 4710 1225 4749 ea
1280 4704 1425 4751 esset
1468 4695 1676 4763 signum
1706 4693 1845 4756 ﬁdei,
1878 4692 1942 4746 Et

360 4781 515 4849 quod,
546 4782 739 4851 inquit,
774 4787 1066 4839 memoriam
1089 4787 1247 4840 nostri
1274 4785 1465 4840 habetis
1494 4801 1690 4854 semper
1732 4784 1936 4850 bonam,

360 4873 704 4928 desiderantes
751 4892 842 4928 nos
873 4877 1058 4941 videre,
1085 4877 1214 4930 sicut
1259 4885 1306 4930 et
1350 4892 1443 4929 nos
1470 4892 1667 4945 quoque
1690 4892 1797 4928 vos.
1827 4874 1940 4929 Hoc

357 4973 439 5017 est
468 4979 591 5017 cum
642 4966 890 5022 laudibus
936 4985 950 5021 :
994 4983 1102 5023 non
1148 4968 1363 5038 quando
1412 4968 1719 5031 aderamus,
1764 4983 1939 5037 neque

357 5054 572 5119 quando
625 5055 880 5110 miracula
925 5058 1287 5124 faciebamus;
1337 5058 1431 5114 scd
1484 5074 1627 5114 nunc
1678 5073 1931 5129 quoque,

356 5145 572 5211 quando
598 5148 783 5214 procul
825 5148 1098 5214 absumus,
1133 5159 1189 5203 et
1216 5149 1393 5219 ﬁagris
1431 5148 1688 5204 cmdimur
1714 5159 1768 5205 et
1797 5150 1934 5203 mala

358 5234 588 5299 patimur
610 5236 1036 5304 innumerabilia,
1069 5240 1382 5294 memoriam
1405 5242 1571 5295 nostri
1614 5240 1820 5296 habetis
1842 5240 1936 5295 bo.

358 5340 505 5377 nam.
536 5326 731 5380 Audite
757 5329 1029 5397 quomodo
1078 5330 1131 5384 in
1160 5330 1516 5385 admiratione
1546 5331 1808 5385 habentur
1848 5330 1933 5384 di-

353 5417 583 5484 scipuli,
629 5419 697 5473 de
745 5421 1014 5487 magistris
1063 5423 1258 5476 bonam
1307 5422 1565 5478 habentes
1598 5424 1928 5488 memoriam,

352 5510 621 5574 quomodo
650 5510 788 5565 beati
814 5513 1170 5581 przedicantur
1194 5532 1205 5567 :
1234 5529 1327 5570 eos
1344 5516 1645 5569 imitemur:
1671 5529 1768 5569 nos
1790 5515 1931 5571 enim

354 5603 497 5666 ipsus
517 5599 848 5671 juvabimus,
880 5619 987 5657 non
1015 5620 1110 5660 eos
1149 5605 1237 5674 qui
1268 5606 1577 5676 diliguntur.
1624 5602 1931 5659 Desideran-

352 5701 426 5743 ω
458 5707 547 5745 nos
574 5693 761 5761 ridere,
785 5696 914 5750 sicut
940 5708 985 5750 et
1015 5714 1104 5751 nos
1132 5714 1236 5751 vos.
1269 5697 1377 5755 Hoc
1416 5710 1627 5768 quoque
1658 5696 1805 5769 ipsos
1837 5698 1929 5752 la:-

1200 296 1269 354 lN
1306 294 1522 353 EPIST.
1566 295 1584 348 Ι
1648 295 1738 350 AD
1777 293 2101 349 TllESSAl..
2141 296 2292 352 CAP.
2333 295 2422 353 Ill.
2463 296 2691 357 llOMlL.
2733 301 2822 361 IV.

3527 311 3631 366 ω

2061 410 2171 464 titia
2217 411 2502 470 alliciebat.
2533 414 2665 470 Nam
2722 418 2861 487 quod
2892 420 2981 488 qui
3025 420 3196 492 diligit
3233 421 3480 480 didicerit
3503 440 3629 480 eum

2058 504 2147 570 qui
2178 503 2417 574 diligitur
2446 506 2546 561 hoc
2589 523 2766 572 nosse,
2814 526 3005 580 nempe
3033 528 3092 569 se
3117 515 3285 584 diligi,
3332 533 3518 587 magna
3550 529 3633 573 est

2058 592 2353 649 consolatio
2381 604 2435 649 et
2461 598 2747 652 recreatio.
2782 600 2834 653 7.
2859 598 2989 654 Ideo
3018 606 3264 657 consolati
3293 622 3484 671 sumus,
3524 610 3632 677 [ra-

2058 690 2177 747 lres,
2205 684 2256 736 in
2286 686 2422 738 vobis
2447 687 2501 739 in
2530 688 2667 742 omni
2694 690 2986 745 necessitate
3011 702 3056 745 et
3085 694 3408 750 tribulatione
3435 708 3631 763 nostra,

2058 786 2145 837 per
2171 772 2325 837 ﬁdem
2352 786 2565 829 vestram
2589 792 2607 829 :
2636 779 2876 844 quoniam
2898 796 3032 834 nunc
3060 782 3293 848 vivimus,
3326 785 3369 837 si
3392 800 3478 838 eos
3522 796 3633 840 sta-

2057 860 2120 912 tis
2146 862 2197 913 in
2225 860 2462 917 Domino.
2488 865 2622 932 Quid
2646 867 2808 921 Paulo
2839 869 3006 937 possit
3024 873 3472 943 πιαίνει-τινί,αυί
3508 890 3633 944 pro-

2057 950 2372 1021 pinquorum
2400 956 2625 1009 salutem
2657 957 2992 1014 existimabat
3016 976 3136 1016 esse
3159 978 3307 1017 suam
3330 980 3345 1028 ;
3367 974 3633 1035 tamquam

2057 1055 2252 1110 corpus
2280 1058 2402 1113 erga
2432 1046 2692 1112 membra,
2726 1048 2802 1102 sic
2820 1064 2945 1119 erga
2983 1066 3171 1107 omnes
3220 1053 3482 1108 affectus?
3511 1057 3632 1125 quis

2057 1147 2197 1187 nunc
2220 1136 2412 1202 poterit
2439 1137 2490 1190 in
2522 1137 2657 1193 hanc
2682 1154 2869 1195 vocem
2896 1145 3215 1210 erumpere?
3244 1145 3349 1200 imo
3364 1161 3490 1201 vero
3513 1146 3634 1213 quis

2055 1225 2254 1292 poterit
2279 1226 2357 1279 sic
2382 1242 2631 1296 umquam
2659 1228 2862 1284 sentire
2896 1241 2951 1283 et
2981 1232 3256 1300 cogitare?
3285 1234 3512 1289 Nolebat
3538 1251 3633 1290 eos

2058 1315 2158 1385 ipsi
2188 1316 2384 1372 habere
2404 1320 2627 1388 gratiam
2658 1320 2725 1375 de
2750 1322 3011 1391 susceptis
3040 1338 3137 1391 pro
3165 1324 3293 1392 ipsis
3325 1326 3637 1380 tentatioui-

2056 1404 2192 1471 bus;
2228 1407 2322 1462 sed
2353 1410 2432 1463 eis
2459 1408 2688 1464 habebat
2717 1412 2941 1481 gratiam
2963 1451 2979 1478 ,
3013 1412 3155 1483 quod
3188 1429 3293 1468 non
3325 1415 3635 1471 labaverant

2057 1508 2279 1569 propter
2293 1500 2409 1569 ejus
2440 1505 2763 1559 tentationes
2793 1522 2806 1557 :
2837 1506 2990 1574 quasi
3013 1506 3238 1569 diceret,
3266 1506 3430 1563 Vobis
3463 1508 3633 1579 magis

2055 1604 2215 1658 quam
2268 1592 2421 1647 nobis
2447 1594 2701 1649 damnum
2731 1596 2925 1650 accidit
2952 1613 3016 1653 ex
3069 1599 3451 1654 tentatiouibus
3493 1617 3508 1653 :
3538 1616 3649 1655 vos.

2057 1680 2224 1749 magis
2248 1697 2403 1751 quam
2429 1699 2526 1738 nos
2549 1687 2730 1741 tentati
2758 1686 2921 1743 estis:
2950 1703 3042 1742 vos
3059 1691 3148 1759 qui
3171 1690 3299 1743 nihil
3322 1692 3462 1761 passi
3481 1693 3634 1758 estis,

2055 1784 2212 1839 quam
2246 1785 2343 1825 nos
2372 1773 2459 1842 qui
2495 1775 2634 1842 passi
2681 1790 2884 1830 sumus.
2929 1777 3238 1846 Postquam,
3293 1778 3485 1849 inquit,
3521 1782 3636 1835 haec

2057 1860 2210 1915 nobis
2246 1864 2580 1918 annuntiavit
2608 1864 2942 1931 Timotheus,
2995 1868 3123 1921 nihil
3155 1869 3437 1925 molestum
3466 1871 3635 1925 scuti-

2057 1966 2197 2017 mus,
2226 1952 2606 2015 setl,Consoiati
2627 1972 2797 2010 sumus
2826 1957 2878 2010 in
2907 1958 3043 2011 omni
3086 1960 3369 2029 afﬂictione,
3401 1976 3504 2014 non
3536 1959 3637 2016 hac

2055 2038 2249 2105 solum,
2298 2042 2390 2096 sed
2421 2044 2603 2108 etiam,
2638 2043 2705 2097 In
2750 2048 3043 2100 necessitate
3083 2056 3279 2113 nostra,
3329 2049 3533 2119 inquit;
3581 2057 3636 2105 et

2054 2134 2267 2187 merito.
2302 2130 2504 2186 Bonum
2538 2135 2680 2188 enim
2726 2136 3040 2204 magistrum
3072 2132 3204 2190 nihil
3235 2136 3301 2192 de
3328 2148 3524 2193 caetero
3551 2137 3633 2193 of-

2056 2224 2304 2290 fenderit,
2338 2225 2590 2295 quamdiu
2642 2242 2727 2281 res
2769 2227 3153 2297 discipulorum
3196 2230 3244 2283 ei
3278 2231 3635 2299 processerint

2054 2331 2121 2369 ex
2150 2317 2436 2370 sententia.
2462 2307 2564 2371 Per
2586 2330 2702 2382 vos,
2754 2318 3380 2389 inquit,consolationem
3425 2324 3638 2391 accepi-

2056 2424 2173 2461 mus
2198 2423 2211 2460 :
2243 2405 2294 2461 id
2314 2417 2419 2475 est,
2443 2408 2550 2463 Vos
2568 2422 2666 2463 nos
2688 2410 3097 2464 corroborastis.
3123 2412 3281 2482 Atqui
3309 2413 3635 2467 contrarium

2055 2506 2171 2552 erat
2203 2514 2215 2548 :
2249 2511 2370 2550 nam
2398 2497 2538 2566 quod
2570 2498 2711 2566 passi
2756 2514 2860 2553 non
2889 2501 3171 2564 cesserint,
3202 2501 3295 2555 sed
3328 2496 3537 2556 fortiter
3559 2518 3638 2557 re-

2055 2588 2311 2649 stiterim,
2360 2587 2559 2663 sufﬁcit
2602 2588 2667 2642 ad
2720 2584 3117 2645 conﬁrmandos
3160 2592 3474 2661 discipulos.
3525 2593 3629 2648 Sed

2057 2687 2223 2732 tutum
2254 2678 2373 2732 facit
2403 2679 2753 2743 contrarium,
2778 2689 2832 2734 et
2863 2676 3071 2734 laudem
3098 2681 3152 2734 in
3185 2674 3303 2736 illos
3326 2684 3590 2737 convertit
3620 2702 3637 2737 ε

2058 2768 2186 2831 Vos,
2228 2769 2416 2839 inquit,
2465 2784 2564 2824 nos
2612 2771 2836 2825 unxistis
2865 2780 2918 2826 et
2967 2770 3327 2839 instruxistis;
3358 2788 3453 2827 vos
3482 2774 3636 2829 nobis

2055 2859 2279 2914 dedistis
2306 2865 2362 2913 ut
2386 2861 2777 2928 respirarcmus
2800 2878 2814 2925 ;
2846 2877 2942 2916 vos
2961 2877 3064 2916 non
3086 2856 3402 2931 permisistis
3430 2874 3487 2918 ut
3507 2878 3636 2922 setti-

2057 2950 2277 3004 tiremus
2305 2944 2646 3006 tentationes.
2680 2952 2859 3022 Neque
2886 2948 3039 3018 dicit,
3072 2950 3492 3023 Respiravimus,
3532 2972 3635 3011 ne-

2054 3058 2177 3112 que,
2203 3037 2633 3099 Censolationcm
2660 3046 2983 3115 accepimus,
3008 3044 3102 3100 sed
3126 3046 3248 3115 quid
3271 3047 3294 3099 ?
3328 3046 3479 3100 Nunc
3513 3042 3637 3101 vivi-

2054 3150 2200 3199 mus;
2229 3136 2520 3209 ostendens
2549 3136 2689 3205 quod
2719 3144 2772 3190 et
2804 3136 3152 3190 tentationem
3173 3144 3227 3189 et
3251 3146 3476 3192 mortem
3501 3131 3632 3193 nihil

2052 3225 2195 3279 aliud
2225 3226 2502 3280 existimat
2559 3241 2718 3293 quam
2771 3226 2985 3280 illorum
3031 3226 3404 3291 offensionem,
3437 3230 3525 3284 ubi
3580 3236 3635 3286 et

2054 3314 2265 3370 illorum
2316 3314 2613 3385 profectum
2656 3316 2926 3370 existimat
2963 3331 3085 3371 esse
3129 3318 3313 3371 vitam.
3351 3317 3633 3385 Quomodo

2059 3412 2197 3466 ullus
2224 3410 2364 3464 alius
2386 3408 2624 3465 dolorem
2651 3417 2869 3479 pr0pter
2894 3408 3275 3480 discipulorum
3298 3410 3634 3465 Imbecillita-

2052 3512 2197 3567 tem,
2246 3512 2337 3557 aut
2383 3501 2633 3571 gaudium
2687 3501 2758 3555 ita
2809 3499 3235 3571 signiﬁcaverit?
3286 3493 3401 3555 Non
3454 3500 3625 3569 dlxit,

2050 3592 2336 3657 Lmtamur,
2367 3588 2485 3655 sed,
2528 3587 2769 3654 Vivimus,
2803 3590 2963 3645 vitam
2997 3586 3239 3644 indicans
3262 3584 3516 3645 futuram.

2124 3685 2176 3739 '5.
2191 3683 2548 3750 Quamobrem
2575 3682 2776 3753 absque
2800 3682 2901 3737 hoc
2927 3697 2994 3737 ne
3011 3683 3187 3737 vivere
3199 3677 3414 3752 quidem
3444 3683 3629 3739 vivere

2049 3791 2170 3831 esse
2195 3776 2578 3829 existimamus.
2594 3776 2681 3830 Sic
2707 3774 2926 3830 all‘ectos
2947 3784 3157 3843 oportet
3178 3789 3300 3829 esse
3320 3776 3623 3845 magistros,

2048 3870 2127 3923 sic
2180 3867 2511 3937 discipulos;
2548 3875 2620 3941 et
2670 3866 2800 3920 nihil
2858 3881 3108 3936 umquam
3166 3867 3267 3921 erit
3312 3865 3624 3922 absurdum.

2050 3961 2252 4015 Deinde
2279 3960 2382 4016 hoc
2411 3973 2634 4029 augens,
2664 3958 2785 4014 vide
2811 3958 2936 4029 quid
2983 3959 3126 4014 dicat
3152 3976 3165 4012 :
3194 3958 3248 4014 9.
3291 3959 3456 4024 Quam
3495 3961 3629 4015 enim

2046 4053 2325 4122 gratiarum
2354 4051 2600 4104 actionem
2629 4066 2893 4118 possumus
2914 4048 3024 4102 Deo
3050 4050 3323 4105 retribuere
3346 4066 3438 4119 pro
3464 4052 3621 4116 vobis,

2045 4145 2251 4199 inomni
2273 4143 2458 4215 gaudio
2486 4158 2585 4210 quo
2612 4142 2893 4211 gaudemus
2914 4150 3118 4210 propter
3145 4156 3250 4204 vos,
3278 4150 3395 4194 ante
3441 4139 3621 4205 Deum,

2046 4235 2135 4290 10.
2175 4243 2319 4288 nocte
2339 4244 2386 4287 et
2419 4233 2501 4286 die
2526 4230 2866 4285 abundantius
2895 4241 3115 4293 orantes,
3150 4240 3205 4281 ut
3236 4230 3493 4282 videamus
3536 4234 3621 4299 fa-

2044 4326 2171 4377 cient
2216 4332 2452 4385 vestram,
2490 4330 2534 4373 et
2565 4321 2906 4387 compleamus
2934 4335 2993 4372 ea
3026 4334 3140 4387 qua:
3181 4318 3357 4372 desunt
3394 4318 3514 4386 ﬁdei
3542 4334 3623 4373 ue-

2043 4413 2202 4470 strw?
2226 4412 2343 4466 Non
2361 4411 2554 4475 solum,
2576 4411 2768 4481 inquit,
2793 4408 2967 4465 fuistis
2988 4403 3141 4464 nobis
3164 4410 3283 4463 vitae
3303 4418 3553 4464 auctores
3570 4420 3620 4465 et

2044 4520 2240 4571 causae,
2274 4503 2369 4559 sed
2398 4503 2560 4559 etiam
2588 4502 2736 4557 multi
2764 4501 2963 4571 gaudii,
2992 4507 3048 4556 et
3075 4500 3228 4565 tanti,
3259 4511 3317 4556 ut
3359 4515 3427 4555 ne
3451 4503 3620 4570 possi-

2043 4612 2163 4652 mus
2187 4595 2423 4666 quidem,
2452 4604 2509 4648 ut
2534 4608 2631 4663 par
2657 4601 2759 4658 est,
2785 4593 2894 4647 Deo
2918 4593 3119 4662 gratias
3146 4606 3323 4660 agere.
3349 4591 3499 4659 Quod
3524 4606 3617 4646 vos

2042 4697 2190 4743 recte
2232 4687 2495 4757 gessistis,
2526 4684 2641 4749 Dei,
2676 4684 2867 4752 inquit,
2921 4683 3117 4737 donum
3172 4697 3293 4737 esse
3336 4683 3613 4738 existima-

2044 4794 2162 4833 mus
2195 4795 2209 4832 :
2243 4793 2341 4833 nos
2366 4776 2563 4832 talibus
2585 4775 2837 4830 aﬁ'ecistis
2864 4773 3155 4838 beneﬁciis,
3182 4774 3616 4828 utexistimemus

2040 4886 2101 4926 ea
2123 4884 2244 4926 esse
2271 4866 2388 4935 Dei,
2438 4867 2522 4921 vel
2556 4865 2733 4936 potius
2763 4866 2923 4920 etiam
2955 4878 3075 4919 esse
3115 4878 3248 4933 Opus
3284 4863 3375 4919 Dei
3404 4880 3417 4917 :
3442 4878 3615 4932 neque

2040 4963 2184 5016 enim
2217 4960 2480 5014 humanus
2500 4959 2730 5023 animus,
2762 4970 2862 5011 nec
2883 4954 3117 5010 studium
3148 4963 3201 5009 et
3224 4953 3479 5008 industria
3502 4952 3615 5007 hac

2039 5059 2216 5122 potest
2259 5050 2562 5118 concipere.
2610 5046 2792 5110 Nocte,
2836 5045 3026 5116 inquit,
3078 5053 3125 5099 et
3167 5045 3250 5097 die
3276 5042 3615 5096 abundantius

2038 5152 2261 5197 orantes.
2298 5138 2410 5195 Hoc
2440 5153 2650 5209 quoque
2688 5146 2770 5192 est
2805 5137 3015 5207 signum
3062 5133 3261 5204 gaudii.
3289 5132 3439 5187 Sicut
3467 5132 3612 5185 enim

2039 5232 2272 5304 agricola
2306 5230 2531 5284 audiens
2554 5243 2712 5298 agros
2736 5244 2765 5281 a
2786 5242 2845 5283 se
2873 5226 3047 5280 cultos
3074 5238 3192 5278 esse
3220 5220 3449 5276 refertos
3498 5222 3612 5274 trn-

2037 5324 2232 5388 ctibus,
2260 5319 2534 5375 desiderat
2562 5332 2742 5372 coram
2772 5325 2971 5371 tantam
3001 5313 3183 5366 videre
3210 5309 3446 5365 ltetitiam
3480 5326 3493 5362 :
3538 5309 3609 5363 ita

2036 5415 2195 5471 etiam
2223 5412 2416 5468 Paulus
2449 5408 2832 5464 Macedoniam.
2862 5402 3215 5458 Abundantius
3235 5411 3449 5454 orantes.
3480 5399 3613 5456 Vide

2037 5503 2387 5577 hyperbolen.
2426 5500 2494 5556 Ut
2514 5500 2770 5553 videamus
2793 5497 2976 5569 [aciem
3003 5504 3239 5557 uestram,
3271 5502 3320 5547 et
3343 5490 3610 5561 complea-

2035 5614 2147 5651 mus
2172 5612 2231 5651 ea
2248 5609 2359 5664 qua:
2378 5594 2561 5646 desunt
2588 5590 2706 5659 fidei
2724 5596 2917 5643 vesti-te.
2942 5587 3038 5641 llic
3055 5599 3242 5654 magna
3262 5592 3344 5638 est
3363 5580 3610 5652 quaestio.

2034 5691 2091 5749 Si
2119 5689 2261 5750 enim
2290 5699 2428 5742 nunc
2457 5683 2593 5741 vivis
2616 5680 2873 5757 quoniam
2903 5688 3069 5748 stant,
3092 5688 3144 5733 et
3170 5674 3487 5732 Timotheus
3513 5665 3610 5728 tibi
