4106 6208
438 316 543 372 ιιο

439 424 770 481 anmmtiavit
825 423 1062 492 ipsorum
1114 421 1269 475 ﬁdem
1324 430 1378 474 ct
1419 421 1718 488 caritatem,
1765 430 1822 477 et
1877 431 2020 475 tanta

441 531 500 570 es
558 516 742 585 plenus
792 514 1007 579 leitia,
1063 519 1123 565 ut
1175 527 1243 566 ne
1306 512 1477 580 possis
1530 511 1765 580 quidem,
1827 521 1883 565 ut
1933 527 2027 581 par

441 617 521 664 est
552 650 566 673 ,
622 609 730 662 Deo
787 623 948 676 agere
995 606 1213 674 gratias,
1274 603 1544 672 quomodo
1596 603 1684 657 hic
1726 604 1861 658 dicis
1903 618 2024 658 esse

445 700 566 755 ﬁdei
601 699 884 754 defectus?
929 712 1107 750 annon
1159 704 1286 748 sunt
1326 695 1415 747 illa
1462 696 1624 748 verba
1665 694 2025 748 adulationis?

442 794 802 863 Nequaquam,
830 789 985 844 absit.
1010 788 1140 842 Nam
1169 787 1316 856 prius
1340 795 1563 841 testatus
1592 794 1677 842 est
1702 801 1796 842 eos
1826 788 2022 840 multos

442 885 754 938 sustinuisse
806 882 1036 946 labores,
1093 889 1149 935 et
1210 895 1314 935 non
1369 881 1546 934 minus
1608 895 1728 934 esse
1803 880 2022 934 allectos

441 982 599 1045 quam
633 974 883 1028 Ecclesia!
927 973 980 1027 in
1024 972 1228 1027 Judara.
1269 971 1406 1038 Quid
1446 987 1574 1043 ergo
1608 972 1723 1026 est?
1759 971 1872 1026 Non
1901 987 2021 1026 om-

442 1084 563 1122 nem
589 1076 936 1137 perceperant
974 1067 1296 1129 doctrinam,
1337 1082 1510 1136 neque
1551 1066 1849 1122 didicerant
1876 1084 2021 1136 quze-

440 1166 670 1227 cumque
701 1158 940 1226 oportuit
976 1156 1185 1211 discere
1211 1173 1224 1209 :
1249 1165 1304 1210 et
1353 1156 1455 1210 hoc
1495 1157 1758 1226 signiﬁcat
1802 1157 1853 1210 in
1891 1158 2017 1210 ﬁne.

441 1245 691 1303 Fortasse
707 1249 1044 1318 quaerebatur
1059 1247 1124 1301 ab
1141 1248 1218 1301 eis
1239 1237 1308 1300 de
1328 1249 1757 1312 resurrectione;
1785 1259 1838 1303 et
1869 1249 2020 1303 multi

369 1381 372 1384 .
439 1349 593 1392 erant
619 1340 708 1408 qui
740 1353 834 1391 eos
861 1338 1278 1404 conturbabant,
1312 1354 1416 1393 non
1448 1340 1677 1408 amplius
1709 1341 2020 1396 tentationi-

439 1433 652 1488 bosnec
676 1435 946 1504 periculis,
977 1434 1069 1488 sed
1094 1435 1408 1488 simulantes
1442 1450 1499 1489 se
1537 1449 1658 1492 esse
1681 1435 1931 1492 doctores
1968 1446 2022 1491 et

449 1526 749 1594 magistros.
801 1524 923 1578 Ideo
971 1525 1073 1578 hoc
1115 1525 1282 1587 dicit,
1331 1523 1564 1598 Delectas
1611 1529 1752 1596 ﬁdei.
1801 1528 1871 1582 Et
1915 1544 2020 1583 non

443 1613 603 1681 dixit,
635 1615 705 1671 Ut
730 1617 1128 1683 conlirmemus,
1155 1616 1274 1688 sed,
1305 1617 1371 1676 Ut
1395 1621 1752 1690 compleamus.
1780 1620 1909 1675 Nam
1935 1622 2022 1674 ubi

444 1713 512 1769 de
534 1717 653 1787 ipsa
673 1717 888 1787 quidem
907 1715 1010 1773 ﬁde
1037 1711 1308 1781 timuerat,
1334 1716 1469 1781 Misi,
1498 1717 1685 1787 inquit,
1712 1716 2023 1770 Timotheum

447 1807 516 1858 ad
541 1807 916 1874 conﬁrmandos
957 1823 1081 1871 vos;
1112 1808 1195 1860 hic
1221 1817 1396 1861 autem
1429 1809 1493 1861 ad
1523 1808 1896 1876 complendum
1927 1808 2024 1862 de-

450 1896 644 1958 fectus,
672 1912 763 1951 seu
791 1913 852 1952 ea
885 1914 1001 1966 qua:
1027 1898 1255 1953 desunt:
1279 1899 1418 1967 quod
1449 1901 1616 1968 magis
1637 1908 1719 1953 est
1744 1899 2021 1965 doctrinae,

445 2000 608 2057 quam
636 1987 1060 2044 conﬁrmationis
1085 2008 1100 2044 :
1122 1990 1259 2044 sicut
1281 1999 1333 2044 et
1359 1990 1478 2044 alibi
1505 1991 1652 2051 dicit,
1685 1991 1751 2044 Ut
1775 1992 1883 2044 sitis
1907 2007 2024 2060 per-

449 2081 572 2148 fecti
612 2080 681 2132 ad
705 2096 852 2133 eunte
879 2096 1006 2148 opus
1032 2080 1214 2132 bonum
1248 2081 1321 2150 (1.
1355 2079 1470 2134 Cor.
1505 2081 1553 2134 1.
1589 2080 1697 2149 10).
1727 2079 2024 2152 Perfectum

447 2180 623 2224 autem
655 2181 772 2234 est,
803 2171 888 2224 cui
919 2185 1102 2241 parum
1132 2169 1255 2239 quid
1296 2170 1447 2224 deest
1475 2187 1489 2224 :
1519 2169 1620 2225 hoc
1647 2171 1786 2227 enim
1813 2171 2024 2238 perﬁci-

447 2271 555 2316 tur.
587 2262 672 2316 11.
703 2261 730 2314 Ι
738 2279 827 2331 pse
855 2273 1022 2315 autem
1057 2261 1193 2316 Deus
1223 2271 1268 2315 et
1296 2261 1450 2316 Pater
1476 2274 1661 2327 noster,
1691 2271 1737 2316 et
1774 2263 2023 2317 Dominus

451 2361 620 2404 noster
645 2351 796 2405 Jesus
826 2350 1055 2406 Christus
1083 2354 1266 2422 dirigat
1295 2354 1424 2406 viam
1453 2363 1676 2406 nostram
1706 2353 1773 2406 ad
1802 2369 1906 2408 vos.
1937 2354 2022 2408 19.

461 2439 561 2495 Vos
585 2451 749 2495 autem
780 2441 1028 2496 Dominus
1050 2444 1368 2512 multiplicat,
1397 2453 1444 2496 et
1470 2443 1730 2497 abundare
1756 2444 1910 2514 faciat
1937 2459 2026 2496 cae

451 2534 651 2586 ritatem
679 2543 891 2586 vestram
924 2533 1134 2588 invicem
1172 2544 1218 2588 et
1243 2537 1296 2587 in
1324 2551 1513 2599 manes,
1543 2536 1961 2604 quemadmodum
1982 2544 2028 2588 et

455 2641 545 2678 nos
585 2627 636 2678 in
668 2627 824 2679 vobis.
863 2625 974 2679 lloc
1004 2636 1082 2680 est
1111 2643 1331 2680 summa:
1360 2627 1683 2694 dilectionis,
1717 2645 1821 2682 non
1854 2629 2026 2682 Solum

454 2715 590 2782 apud
623 2730 680 2768 se
711 2724 894 2784 optare
920 2758 934 2781 ,
968 2717 1059 2770 sed
1092 2717 1250 2771 etiam
1280 2729 1458 2771 votum
1490 2720 1728 2787 epistola:
1755 2720 2026 2774 inserere:

454 2807 555 2860 hoc
584 2815 666 2861 est
695 2806 948 2860 ferventis
991 2808 1190 2873 animi,
1221 2817 1274 2862 et
1301 2810 1386 2878 qui
1417 2809 1570 2878 plane
1601 2825 1706 2863 non
1738 2819 1907 2879 potest
1936 2825 2030 2864 co-

459 2899 626 2953 hiberi
659 2916 672 2950 :
704 2898 807 2953 hoc
837 2908 917 2953 est
946 2901 1106 2953 etiam
1138 2900 1392 2953 indicium
1424 2915 1639 2969 precum
1668 2917 1785 2971 qua:
1813 2902 1919 2956 illic
1948 2901 2028 2956 fa-

456 3003 558 3044 ctm
587 2990 815 3058 fuerant,
842 3001 895 3045 et
917 2991 1072 3044 simul
1095 2992 1365 3045 excusatio
1386 3007 1448 3046 ac
1470 2993 1730 3054 defensio,
1757 2994 1894 3062 quod
1924 3009 2031 3049 non

459 3080 727 3145 labentes,
761 3091 860 3135 nec
881 3097 976 3151 per
1002 3083 1300 3136 socordiam
1334 3097 1438 3136 non
1465 3083 1659 3136 adsint.
1692 3084 1852 3150 Quasi
1881 3085 2032 3142 dice-

462 3180 563 3236 ret,
594 3171 710 3240 lpse
739 3179 914 3225 autem
947 3172 1085 3227 Deus
1108 3181 1343 3242 amputet
1369 3175 1687 3228 tentationes
1716 3191 1832 3245 qua:
1857 3191 1953 3229 nos
1981 3177 2031 3230 in

459 3272 671 3315 ornnem
706 3271 908 3330 partem
941 3263 1177 3326 tralmnt,
1202 3273 1260 3317 ut
1288 3273 1430 3317 recta
1460 3263 1524 3317 ad
1549 3278 1643 3318 vos
1671 3265 1899 3319 veniam.
1933 3264 2035 3321 Vos

457 3361 626 3405 autem
660 3350 904 3406 Dominus
941 3352 1259 3423 multiplicet,
1294 3362 1338 3406 et
1378 3350 1636 3408 abundare
1665 3355 1840 3425 faciat.
1875 3355 2036 3411 Vides

459 3443 762 3499 dilectionis
791 3443 1054 3500 fervorem
1096 3446 1186 3515 qui
1226 3461 1331 3501 non
1366 3456 1540 3518 potest
1563 3449 1799 3503 cohiberi
1824 3491 1836 3513 ,
1868 3450 2038 3519 quiet

463 3537 641 3592 verbis
683 3538 1016 3593 ostenditur?
1059 3537 1399 3606 Maltiplicet,
1443 3541 1642 3608 inquit,
1688 3551 1734 3595 et
1780 3541 2038 3596 abundare

461 3631 615 3701 faciat
641 3645 776 3701 :pro
801 3645 866 3685 c'o
891 3631 1030 3701 quod
1060 3641 1161 3694 est,
1190 3640 1398 3702 augeat.
1427 3631 1586 3698 Quasi
1613 3632 1832 3698 dixeris,
1864 3647 1928 3687 ex
1952 3649 2040 3687 su-

469 3721 885 3789 perabtmdantia
915 3721 1310 3790 quodammodo
1345 3722 1612 3776 desiderat
1658 3722 1725 3776 ab
1758 3724 1838 3778 eis
1867 3724 2036 3794 diligi.

467 3811 900 3873 Quemadmodum
929 3822 976 3864 et
1003 3829 1094 3864 nos
1115 3853 1130 3877 ,
1173 3812 1380 3880 inquit,
1408 3813 1460 3864 in
1501 3812 1658 3865 vobis.
1692 3813 1744 3866 Id
1776 3821 1891 3879 est,
1919 3814 2036 3869 Jant

465 3900 676 3966 quidem
705 3907 787 3952 est
812 3909 1046 3952 nostrum
1066 3940 1082 3965 ,
1109 3900 1354 3953 volumus
1380 3910 1555 3955 autem
1585 3913 1639 3955 nt
1667 3903 1756 3955 ﬁat
1783 3912 2036 3959 vestrum.

471 3991 630 4044 Vides
655 4001 908 4060 quantum
933 3991 1045 4044 vult
1069 3991 1280 4044 extendi
1309 3991 1622 4046 caritatem?
1651 4009 1752 4047 non
1783 3995 1920 4049 inter
1946 4011 2041 4050 nos

468 4083 664 4147 solum,
696 4081 787 4136 sed
815 4081 973 4135 etiam
1001 4082 1215 4150 ubique.
1245 4081 1372 4135 Nam
1400 4081 1501 4135 hoc
1523 4083 1676 4151 plane
1703 4094 1783 4138 est
1806 4087 2042 4140 caritatis

474 4175 767 4228 secumlum
799 4172 1004 4237 Deum,
1037 4188 1224 4227 clunes
1265 4175 1543 4243 complecti
1571 4193 1583 4228 :
1609 4176 1649 4229 si
1683 4185 1858 4230 autem
1902 4177 2044 4233 hunc

468 4266 680 4334 quidem
711 4265 888 4333 diligis
912 4307 927 4330 ,
961 4265 1106 4318 illutn
1147 4280 1273 4318 vero
1317 4267 1533 4320 minimc
1553 4308 1567 4331 ,
1596 4277 1677 4322 est
1704 4269 1929 4322 amicitia
1959 4285 2043 4324 se-

468 4357 699 4409 cundum
753 4357 1040 4409 hominem.
1081 4355 1187 4410 Sed
1229 4365 1406 4410 nostra
1449 4375 1550 4411 non
1595 4368 1678 4413 est
1720 4360 2038 4427 hujusmodi.

473 4445 908 4511 Quemadmodum
943 4455 988 4498 et
1026 4463 1116 4498 nos
1153 4448 1204 4500 in
1243 4448 1378 4501 vobis
1410 4465 1429 4501 :
1466 4451 1548 4503 15.
1587 4449 1656 4502 ad
1694 4452 2046 4520 con/irritandis

469 4537 624 4589 corda
663 4548 823 4590 vestra
863 4538 968 4591 sine
1009 4537 1210 4604 querela
1248 4540 1300 4590 in
1338 4541 1602 4594 sanctitate
1640 4552 1756 4594 ante
1798 4543 1957 4598 Deum
1999 4554 2046 4599 et

477 4626 681 4678 Patrem
710 4638 933 4680 nostrum
963 4629 1013 4680 in
1043 4629 1257 4681 adventu
1288 4629 1490 4682 Domini
1531 4632 1687 4684 nostri
1709 4631 1833 4686 Jesu
1862 4633 2047 4687 Christi

470 4731 585 4767 cum
629 4717 857 4769 omnibus
897 4720 1085 4770 sanctis
1132 4721 1258 4788 ejus.
1303 4719 1546 4773 Ostendit
1590 4720 1926 4776 dilectionem
1967 4725 2045 4780 eis

472 4804 663 4860 aﬂ‘erre
690 4806 893 4860 lucrum
915 4848 930 4873 ,
962 4825 1066 4861 non
1098 4809 1160 4862 iis
1191 4809 1279 4879 qui
1320 4810 1628 4880 diliguntur.
1663 4811 1818 4879 Volo,
1855 4815 2042 4884 inquit,

470 4899 741 4953 abundare
774 4902 908 4954 hanc
934 4903 1206 4954 caritatem
1235 4945 1248 4967 ,
1293 4912 1347 4955 ιιι
1379 4905 1519 4958 nulla
1566 4905 1634 4958 sit
1678 4907 2040 4974 reprehensio.

471 4989 584 5043 Non
613 4989 775 5054 dixit,
811 4991 888 5043 Ad
919 5007 1013 5045 vos
1041 4992 1434 5047 conﬁrmandos
1454 5039 1468 5060 ,
1501 4995 1614 5059 sed,
1645 4995 1812 5050 Corda
1843 5009 2002 5053 vestra
2026 5016 2045 5054 :

471 5079 556 5134 Ex
596 5081 747 5134 corde
773 5081 905 5134 enim
933 5093 1113 5135 exeunt
1154 5085 1303 5137 malae
1342 5088 1666 5156 cogitationes
1710 5089 1918 5161 (Matth.
1952 5092 2040 5146 15.

471 5175 584 5243 19).
617 5175 755 5229 Fieri
785 5177 926 5230 enim
959 5186 1132 5244 potest
1159 5187 1213 5231 ut
1243 5180 1329 5248 qui
1360 5181 1488 5233 nihil
1515 5182 1618 5251 agit
1651 5185 1719 5236 sit
1751 5184 1921 5238 malus
1946 5203 1959 5238 :
1985 5193 2042 5239 ut

473 5266 514 5320 si
550 5265 744 5320 habeat
781 5266 1064 5333 invidiam,
1095 5269 1556 5337 incredulitatem,
1587 5273 1800 5339 dolum,
1835 5276 2040 5330 [artetur

471 5357 622 5410 malis
645 5397 660 5423 ,
695 5373 798 5412 non
827 5359 896 5411 sit
925 5374 1218 5429 propensus
1247 5361 1311 5414 ad
1340 5363 1645 5431 amandum,
1673 5366 1917 5436 dogmata
1951 5367 2042 5419 ba-

470 5450 593 5503 beat
620 5463 866 5516 perversa
899 5466 911 5501 :
941 5449 1055 5506 haec
1083 5455 1260 5506 omnia
1292 5463 1416 5507 sunt
1443 5456 1636 5509 cordis.
1673 5456 1784 5511 Hoc
1810 5473 1934 5512 vero
1963 5467 2045 5512 cst

467 5543 744 5608 sanctitas,
773 5542 840 5597 ab
867 5544 948 5597 his
973 5559 1092 5601 esse
1120 5560 1297 5616 puros.
1328 5546 1457 5602 Nam
1488 5551 1700 5618 proprie
1725 5549 1937 5620 quidem
1959 5550 2043 5604 di-

467 5635 609 5711 citur
636 5633 886 5688 sanctitas
909 5640 1255 5703 temperantia
1279 5655 1397 5708 qua:
1422 5649 1502 5693 est
1527 5657 1620 5710 per
1646 5643 2040 5708 excellentiam,

467 5723 730 5791 siquidem
761 5725 1091 5782 immunditia
1117 5741 1197 5785 est
1226 5730 1504 5787 fornicatio
1533 5743 1586 5788 et
1614 5735 1966 5791 adulterium:
1991 5736 2040 5790 in

1175 313 1229 367 S.
1271 310 1546 367 JOANNIS
1583 310 2048 367 CHRYSOSTOMI
2085 312 2395 367 ARClilEP.
2437 312 2964 373 CONSTANTINOP.

3599 331 3705 387 420

2132 438 2339 477 summa
2385 433 2563 479 autem
2607 441 2765 482 omne
2810 439 3084 498 peccatum
3124 442 3208 487 est
3251 435 3624 506 immunditia,
3655 455 3708 499 et

2129 516 2304 568 onmis
2327 514 2494 569 virtus
2523 520 2720 586 paritas
2742 529 2797 574 et
2819 521 3104 577 mundities
3127 563 3139 576 .
3165 523 3313 578 Beati
3331 528 3494 592 enim,
3515 532 3704 602 inquit,

2129 607 2303 660 mundi
2332 608 2484 662 corde
2505 609 2715 678 (Matth.
2739 613 2794 666 5.
2821 611 2899 684 8).
2919 613 3145 671 Mundos
3172 616 3302 672 dicit
3329 635 3424 676 eos
3452 625 3540 693 qui
3563 629 3707 682 omni

2128 713 2193 751 ex
2229 709 2378 767 parte
2398 709 2521 752 sunt
2545 702 2748 755 mundi.

2198 790 2255 842 4.
2303 788 2426 844 Scio
2471 792 2611 844 enim
2652 793 2754 846 alia
2802 809 3013 864 quoque
3056 809 3160 851 non
3209 800 3385 854 minus
3429 803 3710 872 inquinare

2127 879 2379 932 animam.
2408 880 2536 934 Nam
2567 882 2706 951 quod
2733 884 2913 937 vitium
2940 887 3139 953 polluat
3161 891 3414 956 animam,
3437 894 3558 948 audi
3581 905 3707 966 pro-

2129 967 2342 1035 phetam
2370 968 2632 1025 dicentem
2658 989 2672 1024 :
2709 973 2871 1026 Ablue
2895 989 2926 1028 a
2953 977 3071 1029 vitio
3097 994 3185 1031 cor
3211 989 3351 1032 tuum
3375 1022 3391 1046 ,
3424 982 3711 1038 Jerusalem

2129 1055 2260 1126 (Jer.
2283 1058 2336 1112 4.
2364 1059 2450 1129 14)
2473 1077 2487 1123 ;
2515 1070 2570 1114 ct
2596 1075 2800 1126 rursus,
2823 1061 3106 1132 Lavantini,
3130 1069 3308 1122 mundi
3322 1080 3494 1136 estote,
3517 1075 3712 1140 auferte

2130 1151 2400 1214 pravitates
2423 1152 2486 1204 ab
2504 1153 2779 1208 animabus
2804 1158 2979 1210 vestris
3009 1157 3163 1214 ilsai.
3190 1163 3240 1214 l.
3267 1163 3377 1232 16).
3407 1164 3524 1219 Νοιι
3552 1167 3704 1230 dixit,

2129 1239 2533 1297 Fornieationes
2563 1262 2576 1297 :
2605 1247 2855 1313 quocirca
2901 1263 3005 1302 non
3041 1249 3322 1307 fornicatio
3367 1256 3538 1310 solmn
3565 1297 3580 1323 ,
3613 1261 3707 1314 sed

2125 1331 2285 1385 etiam
2313 1333 2414 1385 alia
2443 1333 2722 1402 inquinant
2742 1337 2996 1391 animum.
3021 1339 3102 1393 Ad
3121 1344 3490 1410 conﬁrmanda,
3516 1349 3707 1418 inquit,

2126 1423 2281 1475 corda
2319 1435 2482 1477 vestra
2519 1428 2628 1479 sine
2668 1429 2872 1498 querela
2913 1431 2967 1483 in
3013 1435 3279 1488 sanctitate
3307 1451 3480 1491 coram
3520 1439 3630 1493 Deo
3663 1454 3710 1495 es

2128 1511 2285 1564 Patre
2315 1524 2520 1577 nostra,
2552 1516 2605 1567 in
2644 1516 2862 1570 adventu
2903 1520 3103 1574 Domini
3149 1525 3307 1577 nostri
3345 1525 3470 1579 Jesn
3513 1529 3709 1582 Christi

2129 1617 2242 1654 cum
2262 1605 2492 1658 omnibus
2509 1607 2695 1659 sanctis
2711 1608 2834 1662 suis.
2850 1608 3019 1664 Judex
3037 1627 3167 1681 ergo
3183 1623 3306 1668 tunc
3323 1617 3421 1670 erit
3433 1617 3703 1674 Christus:

2129 1708 2235 1746 non
2263 1703 2388 1747 ante
2418 1695 2588 1763 ipsum
2616 1705 2817 1765 autem,
2841 1700 2933 1753 sed
2960 1702 3119 1755 etiam
3147 1714 3272 1759 ante
3299 1705 3507 1762 Patrem
3529 1711 3705 1765 adsta-

2130 1800 2272 1848 mus,
2301 1786 2426 1838 dum
2451 1787 2771 1855 judicamur.
2807 1792 2912 1843 Aut
2946 1791 3046 1845 hoc
3075 1793 3220 1859 dicit,
3257 1797 3389 1850 nulli
3419 1800 3711 1868 reprehen-

2130 1875 2267 1929 sioni
2294 1875 2484 1931 aflines
2511 1892 2631 1933 esse
2661 1891 2913 1948 oportere
2937 1892 3062 1937 ante
3093 1883 3256 1938 Deum
3285 1905 3296 1940 :
3323 1887 3464 1956 quod
3496 1890 3707 1957 quidem

2131 1981 2344 2035 semper
2363 1967 2507 2033 dico,
2536 1984 2715 2024 coram
2747 1972 2854 2026 Deo
2875 1973 3016 2044 (haec
3040 1976 3181 2029 enim
3207 1977 3376 2032 virtus
3397 1988 3479 2034 est
3504 1995 3635 2049 pura
3658 1992 3712 2035 et

2129 2060 2360 2129 sincera)
2388 2097 2404 2124 ,
2451 2075 2555 2114 non
2594 2077 2775 2116 coram
2805 2064 3126 2119 hominibus.
3158 2067 3364 2122 Caritas
3392 2086 3521 2139 ergo
3548 2071 3712 2127 efﬁcit

2132 2150 2261 2203 nulli
2287 2150 2477 2206 aftiues
2501 2154 2902 2221 reprehensioni
2928 2167 3018 2212 :et
3042 2173 3168 2214 vere
3195 2161 3490 2231 iuculpatos
3518 2164 3709 2220 reddit.

2131 2239 2262 2293 Cum
2287 2256 2384 2310 ego
2408 2242 2693 2310 aliquando
2712 2246 2923 2300 cuidam
2945 2264 3214 2305 narrarem
3240 2262 3294 2306 et
3313 2253 3544 2309 dicerem
3571 2257 3710 2326 quod

2131 2331 2324 2384 caritas
2351 2333 2540 2387 reddat
2584 2333 2712 2388 nulli
2755 2335 2943 2392 afﬁnes
2980 2341 3413 2408 reprehensioni,
3446 2357 3545 2398 nec
3574 2348 3712 2400 sinat

2132 2438 2215 2482 ea.
2249 2439 2369 2492 qua:
2391 2439 2512 2478 cum
2538 2426 2778 2493 proximo
2808 2427 3086 2483 intercedit
3106 2430 3353 2494 amicitia,
3379 2434 3588 2503 aliquod
3614 2436 3711 2489 de-

2135 2513 2320 2567 lictum
2354 2515 2592 2584 irrepere
2612 2555 2625 2580 ,
2657 2526 2712 2571 et
2741 2518 2842 2572 alia
2872 2520 3049 2573 omnia
3081 2536 3414 2578 recenserem
3453 2536 3508 2580 et
3538 2526 3714 2580 verbis

2133 2619 2505 2673 persequerer,
2524 2607 2738 2676 quidam
2760 2624 2822 2662 cx
2839 2611 2972 2664 meis
2991 2610 3335 2670 familiaribus
3357 2618 3710 2686 reSpondeus,

2135 2696 2272 2750 dixit
2306 2714 2318 2749 :
2352 2698 2488 2763 Quid
2525 2714 2654 2769 ergo
2691 2702 2982 2756 scortatio?
3010 2719 3186 2758 atmon
3220 2706 3342 2759 licet
3371 2717 3424 2760 et
3451 2725 3633 2763 amare
3661 2722 3713 2765 et

2135 2788 2397 2842 scortari?
2429 2799 2482 2844 et
2506 2791 2605 2844 hoc
2623 2791 2836 2861 quidem
2866 2793 2922 2846 ﬁt
2946 2810 3010 2848 ex
3037 2797 3293 2851 amicitia.
3317 2798 3471 2853 Certe
3494 2802 3712 2856 avaritia

2135 2877 2346 2947 quidem
2377 2889 2432 2932 et
2458 2878 2778 2935 adulterimn
2798 2882 2814 2912 ⁸
2845 2891 2898 2937 et
2926 2883 3117 2938 invidia
3161 2894 3214 2940 et
3244 2887 3447 2942 insidia:
3466 2929 3482 2954 ,
3514 2899 3568 2943 et
3597 2906 3714 2960 qutc

2137 2981 2262 3025 sunt
2291 2972 2576 3040 ejusmodi,
2611 2985 2832 3044 possunt
2859 2986 3102 3034 avertere
3129 2995 3159 3033 a
3189 2982 3603 3051 propinquorum
3629 2986 3714 3038 di~

2137 3061 2396 3126 lectione;
2421 3065 2675 3120 scortatio
2695 3075 2895 3132 autem,
2917 3067 3105 3138 inquit,
3125 3071 3432 3140 quomodo?
3454 3074 3565 3143 Ego
3589 3089 3716 3129 vero

2139 3153 2246 3208 dixi
2273 3197 2288 3220 ,
2320 3156 2462 3225 quod
2489 3156 2590 3211 hoc
2617 3173 2827 3228 quoque
2855 3169 3029 3227 potest
3056 3163 3350 3231 reprimere
3375 3174 3427 3219 et
3458 3165 3715 3235 impedire

2137 3248 2353 3301 caritas.
2385 3248 2517 3302 Nam
2547 3249 2592 3303 si
2623 3251 2741 3320 quis
2769 3261 2913 3307 amet
2941 3253 3222 3308 mulierem
3256 3271 3374 3325 qua:
3407 3266 3674 3312 scortator
3695 3295 3712 3324 ,

2139 3339 2208 3392 ab
2242 3339 2364 3393 aliis
2391 3341 2521 3395 viris
2549 3355 2666 3395 eam
2700 3344 2926 3396 tentabit
2954 3343 3222 3400 abducere
3246 3388 3261 3411 ,
3296 3363 3469 3416 neque
3506 3349 3618 3418 ipse
3649 3349 3717 3404 ad

2140 3439 2418 3500 peccatum
2449 3432 2713 3488 admittet.
2737 3434 3094 3500 Quamobrem
3119 3438 3206 3506 qui
3233 3448 3514 3504 scortator,
3545 3456 3720 3496 mere-

2145 3524 2331 3578 tricem
2363 3523 2648 3580 admodum
2676 3527 2820 3592 odit;
2855 3527 2945 3596 qui
2978 3539 3154 3584 autem
3188 3531 3337 3586 valde
3365 3531 3532 3602 diligit
3553 3573 3569 3598 ,
3600 3549 3717 3589 eam

2142 3614 2369 3670 abducet
2409 3616 2476 3669 ab
2513 3617 2601 3671 illa
2646 3617 2999 3673 abominanda
3040 3623 3271 3677 actione.
3317 3622 3431 3677 Non
3460 3633 3580 3689 est,
3612 3641 3717 3679 nou

2144 3710 2225 3760 ρει
2251 3707 2416 3760 ullum
2444 3717 2742 3776 peccatum,
2770 3710 2910 3778 quod
2942 3725 3046 3765 non
3078 3720 3344 3783 tamquam
3371 3716 3506 3786 ignis
3528 3731 3722 3772 consu-

2146 3807 2257 3852 mat
2285 3801 2364 3852 vis
2394 3799 2634 3854 caritatis
2657 3811 2712 3855 et
2741 3801 3064 3857 dilectionis.
3097 3803 3324 3860 Facilius
3347 3807 3492 3861 enim
3524 3809 3721 3863 resistit

2147 3890 2250 3943 vilc
2276 3902 2603 3944 sarmentum
2633 3907 2823 3961 magno
2850 3893 2985 3962 ignis
3017 3909 3165 3964 rogo,
3194 3911 3351 3964 quam
3383 3907 3569 3952 natura
3601 3915 3724 3968 pec-

2148 3982 2250 4035 cati
2284 3983 2530 4048 potestati
2558 3984 2817 4038 caritatis.
2862 3985 3008 4038 Ilanc
3049 4001 3179 4056 ergo
3218 3987 3516 4056 plantemus
3545 3989 3599 4043 in
3627 4005 3722 4044 no-

2148 4073 2272 4126 stris
2315 4072 2543 4135 animis,
2588 4084 2645 4127 ιιι
2678 4083 2883 4130 stemus
2923 4090 3044 4130 cum
3083 4078 3332 4133 omnibus
3370 4080 3568 4134 sanctis
3599 4099 3613 4134 :
3646 4079 3722 4135 illi

2148 4162 2289 4214 enim
2319 4177 2506 4217 omnes
2535 4163 2854 4233 placuerunt
2891 4174 2946 4219 et
2985 4168 3189 4236 accepti
3237 4168 3449 4224 fuerunt
3492 4185 3557 4225 ex
3586 4170 3722 4225 dile-

2148 4255 2324 4309 ctione
2369 4256 2620 4323 proximi.
2662 4255 2815 4311 Undc
2857 4257 3047 4312 accidit
3086 4259 3226 4328 quod
3267 4261 3613 4330 interemptus
3657 4263 3721 4316 sit

2149 4345 2306 4408 Abel,
2338 4355 2392 4400 et
2420 4362 2524 4400 non
2556 4347 2928 4402 interemerit?
2956 4349 3033 4403 Ex
3067 4365 3132 4404 eo
3157 4351 3296 4419 quod
3327 4355 3542 4407 fratrem
3574 4354 3724 4408 valde

2149 4435 2394 4505 diligeret
2420 4455 2433 4491 :
2463 4452 2634 4506 neque
2662 4439 2913 4492 sustinuit
2934 4449 2988 4492 ut
3016 4440 3105 4494 illa
3135 4442 3395 4509 ejusmodi
3421 4443 3468 4497 ei
3497 4443 3549 4496 in
3574 4458 3722 4497 men.

2151 4536 2258 4580 tem
2290 4527 2497 4580 veniret
2535 4528 2806 4596 cogitatio.
2853 4529 3131 4584 Undenam
3185 4533 3394 4586 invidia:
3437 4533 3724 4602 perniciem

2150 4619 2383 4686 suscepit
2435 4618 2601 4672 Cain?
2644 4634 2748 4672 non
2793 4620 2936 4673 enim
2985 4636 3106 4675 eum
3152 4620 3220 4677 de
3263 4631 3458 4677 caetero
3502 4623 3723 4677 dixerim

2151 4707 2368 4763 fratrem
2397 4707 2596 4762 Abelis.
2621 4708 2882 4775 Quoniam
2906 4710 3043 4779 apud
3071 4725 3190 4764 eum
3219 4727 3324 4764 non
3349 4712 3478 4766 satis
3505 4711 3728 4765 Ιιι-ιιιίιιϊ

2151 4808 2305 4854 erant
2347 4798 2489 4867 jacta
2519 4799 2755 4852 caritatis
2794 4798 3156 4854 fundamenta.
3186 4799 3465 4855 Undenam
3507 4801 3628 4854 boni
3675 4809 3729 4854 et

2151 4891 2303 4960 probi
2321 4900 2441 4944 sunt
2463 4891 2747 4945 existimati
2773 4889 2865 4943 ﬁlii
2883 4890 3032 4944 Noe?
3053 4906 3229 4945 annon
3251 4893 3498 4960 quoniam
3521 4902 3726 4962 patrem

2151 4981 2481 5050 diligebant,
2516 4996 2685 5050 neque
2729 4982 3098 5035 sustinuerunt
3139 4981 3256 5050 ejus
3295 4977 3476 5036 videre
3520 4983 3728 5036 nudita-

2153 5073 2299 5124 tem?
2329 5070 2600 5125 Undenam
2623 5079 2799 5124 autem
2821 5071 2954 5125 alter
2970 5072 3138 5125 diram
3164 5087 3448 5140 perpessus
3469 5083 3548 5126 est
3569 5087 3729 5126 exse.

2151 5161 2443 5214 orationem
2461 5159 2484 5211 ?
2505 5174 2681 5213 annon
2704 5175 2768 5213 ex
2787 5175 2851 5213 eo
2870 5161 3010 5229 quod
3035 5176 3139 5214 non
3162 5162 3439 5230 dil'geret?
3459 5162 3727 5215 Abraham

2151 5259 2326 5303 autem
2350 5249 2487 5303 unde
2509 5259 2590 5302 est
2611 5260 2925 5319 assequtttus
2943 5251 3153 5306 laudem
3175 5261 3227 5305 ct
3245 5251 3730 5306 existimationem?
3799 5313 3824 5324 μ

2151 5357 2328 5396 annon
2351 5355 2420 5395 ex
2445 5340 2750 5406 dilectione,
2776 5343 2941 5411 utqui
2961 5359 3044 5398 res
3067 5342 3245 5397 fratris
3266 5344 3348 5397 sui
3372 5343 3466 5398 ﬁlii
3488 5343 3726 5397 curavit?
3825 5343 3830 5382 ῖ

2216 5563 2232 5593 ¹
2269 5559 2563 5621 ln_Colh._et
2603 5572 2758 5621 marg.
2785 5558 2949 5621 βοτη.
2973 5559 3042 5608 sic
3073 5557 3256 5621 legitur
3283 5571 3296 5607 :
3321 5556 3445 5619 Quid
3486 5563 3644 5621 major
3669 5553 3729 5621 de

2153 5617 2435 5673 scortatione
2456 5618 2618 5671 dicere
2641 5612 2801 5681 pones?
2822 5633 2979 5670 annon
2997 5621 3105 5670 licet
3126 5612 3294 5668 Botere
3315 5612 3363 5668 et
3378 5612 3629 5681 scortari?
3647 5619 3733 5681 ab.

2154 5685 2213 5734 sit
2241 5697 2257 5732 :
2283 5687 2497 5752 maxime
2518 5676 2649 5754 vero
2672 5682 2737 5732 ad
2773 5695 2991 5754 .anwrem
3015 5683 3222 5754 pertinet
3255 5695 3369 5754 non.
3389 5678 3618 5754 sem-tari.
3644 5676 3735 5728 Ille

2157 5753 2314 5795 autem
2341 5757 2357 5794 :
2381 5743 2609 5806 Equidem
2647 5743 2865 5806 avaritia,
2892 5742 3062 5807 inquit,
3089 5750 3135 5793 et
3158 5742 3478 5804 adulterium,
3506 5746 3606 5790 etc.
