4106 6208
309 348 405 405 ιρι

300 475 481 517 annon
525 459 688 515 etiam
727 473 793 514 ex
835 457 952 528 ejus
996 456 1385 527 supplicatione
1422 468 1519 525 pro
1549 446 1882 508 Sodomitis?

305 552 473 607 Valde
500 550 670 616 enim,
702 549 858 604 valde
886 556 1130 603 amantes
1153 555 1307 602 erant
1334 545 1524 608 sancti,
1557 552 1612 600 et
1643 543 1891 613 propensi

303 644 371 697 ad
402 642 956 699 commiserationem.
984 639 1167 711 Cogita
1197 639 1337 693 enim
1369 638 1510 708 quali
1543 637 1782 691 caritatis
1806 634 1890 689 af-

296 735 444 792 fectu
476 745 620 791 esset
661 734 861 791 Paulus
900 732 992 787 ille
1011 773 1026 797 ,
1056 732 1145 803 qui
1175 730 1258 785 vel
1285 729 1544 784 adversus
1573 729 1748 799 ignem
1773 736 1890 781 erat

302 831 529 894 audeas,
562 830 650 883 ille
677 827 1072 892 adamantinos,
1102 826 1191 881 ille
1224 825 1427 887 firmus,
1461 823 1771 890 immobilis,
1802 822 1889 876 ille

299 922 443 975 otnni
473 936 537 983 ex
567 928 716 991 parte
740 928 1015 985 constans,
1046 918 1132 972 ille
1161 918 1351 972 timore
1378 916 1469 970 Dei
1500 914 1763 981 conﬁxus,
1799 914 1888 969 ille

301 1010 627 1065 inﬂexibilis.
660 1010 976 1076 Quis‘euim,
1008 1008 1199 1078 inquit,
1224 1024 1314 1061 nos
1342 1007 1595 1076 separabit
1622 1023 1653 1058 a
1679 1007 1889 1060 caritate

300 1101 531 1157 Christi?
558 1101 782 1171 «ﬁlictia,
801 1117 865 1151 an
894 1101 1147 1170 angustia,
1170 1115 1236 1151 an
1259 1098 1596 1168 persequutio,
1621 1114 1686 1150 au
1704 1097 1884 1166 futues,

297 1203 385 1245 aut
418 1193 640 1253 auditas,
674 1201 763 1245 aut
790 1191 1090 1262 periculum,
1120 1201 1207 1242 aut
1237 1189 1438 1260 gladius
1468 1188 1640 1259 (Rom.
1668 1188 1719 1242 8.
1754 1186 1888 1255 55)?

300 1287 394 1342 Ille
421 1282 510 1354 qui
540 1285 800 1338 adversus
834 1283 949 1339 hinc
977 1282 1154 1337 omnia
1184 1296 1390 1336 summa
1420 1289 1536 1335 erat
1563 1278 1802 1342 audacia,
1831 1288 1886 1334 et

299 1378 561 1432 adversus
594 1385 790 1429 terram
819 1369 873 1428 et
904 1389 1071 1437 mare,
1096 1374 1183 1443 qui
1201 1372 1568 1426 adamantinos
1592 1369 1883 1425 inferorum

302 1478 481 1537 portas
507 1465 785 1531 irridebat,
810 1465 893 1519 cui
925 1465 1057 1519 nihil
1078 1464 1296 1519 omnino
1321 1462 1603 1517 resistebat
1629 1480 1643 1514 :
1674 1463 1718 1517 is
1740 1471 1887 1532 post-

298 1574 457 1628 quam
501 1558 629 1611 vidit
671 1556 1024 1627 quorumdam
1069 1556 1168 1610 sibi
1213 1555 1529 1610 dilectarum
1587 1555 1881 1623 lacrymas,

298 1652 434 1707 adeo
459 1649 762 1705 contraetns
802 1659 855 1705 et
894 1649 1157 1703 contritus
1186 1648 1281 1705 fuit
1324 1650 1412 1702 ille
1450 1648 1667 1702 adamas
1689 1688 1703 1710 ,
1736 1656 1884 1702 utne

297 1743 461 1795 animi
507 1741 719 1811 qtidctn
766 1741 968 1796 celaret
1012 1748 1238 1802 motum,
1282 1739 1376 1794 sed
1418 1740 1594 1793 statim
1642 1739 1879 1793 diceret:

302 1834 443 1901 Quid
475 1834 642 1904 facitis
669 1836 849 1903 ﬂentes
873 1874 888 1897 ,
919 1842 965 1886 et
988 1848 1075 1885 cor
1102 1848 1265 1885 meum
1294 1841 1603 1885 contereutcs
1630 1832 1762 1899 (εισι.
1790 1831 1880 1885 9.1.

298 1928 388 1994 15)
407 1930 431 1978 ?
452 1925 586 1994 Quid
614 1926 767 1990 dicis,
790 1941 972 1997 qnarso
993 1926 1016 1977 ?
1039 1927 1276 1980 animum
1308 1925 1455 1979 illttm
1482 1926 1880 1980 adamantinum

296 2028 581 2072 conto-rere
626 2019 798 2086 potuit
844 2017 1123 2089 lacryma?
1160 2017 1341 2081 Certe,
1386 2017 1556 2087 inquit
1589 2037 1602 2069 :
1635 2017 1882 2071 omnibus

296 2111 493 2164 resisto
539 2118 736 2177 przeter
780 2108 1089 2171 caritatem;
1135 2124 1196 2163 ea
1236 2125 1322 2162 me
1358 2117 1607 2178 supcrat,
1637 2108 1767 2162 etin
1795 2122 1880 2161 me

294 2202 501 2255 obtinet
527 2200 880 2255 dominatum.
930 2201 1042 2255 lloe
1089 2200 1201 2255 Deo
1232 2201 1424 2269 placet.
1457 2202 1693 2271 Abyssus
1718 2214 1881 2268 aqua-

296 2308 410 2345 rum
439 2305 562 2343 cum
587 2305 693 2345 non
715 2292 967 2358 conterit,
994 2301 1048 2344 et
1071 2291 1278 2360 exigute
1299 2298 1584 2345 conterunt
1605 2289 1872 2360 lacryntte.

298 2380 436 2447 Quid
470 2381 634 2445 facitis
666 2383 845 2450 [lentes
874 2423 888 2447 ,
921 2392 968 2435 et
997 2399 1084 2436 cor
1110 2397 1289 2436 meum
1317 2381 1665 2436 conterentes?
1691 2381 1876 2450 Magna

295 2483 373 2523 est
403 2471 547 2525 enim
581 2472 820 2525 caritatis
871 2474 1127 2542 potentia.
1161 2472 1254 2527 Vis
1297 2488 1483 2527 rursus
1509 2472 1689 2528 videre
1730 2474 1874 2527 illum

295 2562 551 2615 ﬂentem?
598 2564 719 2618 audi
771 2564 921 2618 illum
968 2563 1600 2619 dicentem:Trieunium
1649 2574 1791 2617 nocte
1830 2573 1878 2616 ct

293 2654 394 2713 die,
424 2652 616 2724 inquit,
651 2671 749 2708 non
776 2656 962 2708 cessavi
989 2671 1101 2708 cum
1129 2655 1365 2726 Iacrymis
1397 2656 1667 2708 admouere
1693 2670 1879 2708 unum-

293 2761 533 2813 quemque
559 2756 774 2799 vestrum
805 2747 939 2813 (Act.
958 2741 1066 2801 '20.
1090 2747 1202 2815 51).
1230 2746 1310 2800 Ex
1341 2747 1501 2800 multa
1528 2747 1753 2802 caritate
1783 2762 1875 2800 ve-

292 2835 509 2891 l't‘btlllll‘
547 2851 614 2889 tte
649 2838 824 2902 aliqua
870 2838 1091 2891 intraret
1133 2838 1416 2906 pernicies.
1452 2839 1515 2890 Et
1546 2840 1734 2892 iterum
1762 2856 1774 2889 :
1800 2837 1878 2891 Ea:

292 2929 451 2979 multa
486 2928 750 2998 afﬂictione
777 2939 821 2981 et
863 2930 1097 2998 angustia
1137 2929 1304 2982 cordis
1348 2930 1532 2997 scripsi
1568 2932 1635 2981 ad
1670 2945 1754 2982 vos
1789 2944 1878 2998 per

292 3021 481 3072 multas
506 3021 757 3090 lacrymus
784 3019 860 3089 (2.
890 3021 1005 3074 Cor.
1031 3019 1083 3074 2.
1116 3022 1195 3090 4).
1224 3021 1357 3088 Quid
1384 3035 1531 3081 vero,
1549 3024 1873 3090 dic,qwt'so,

291 3109 447 3163 fortis
478 3111 565 3165 ille
590 3111 787 3181 Joscph
815 3153 829 3175 ,
862 3111 953 3181 qui
984 3122 1169 3165 contra
1202 3121 1400 3165 tantam
1431 3111 1606 3163 stabat
1633 3111 1874 3182 tyranni-

291 3201 414 3254 dem
440 3241 456 3266 ,
484 3205 572 3271 qui
600 3202 859 3256 adversus
890 3214 1090 3256 tantatn
1119 3204 1318 3257 amoris
1347 3217 1532 3273 pyram
1561 3216 1620 3255 se
1648 3203 1798 3258 tortis
1824 3214 1876 3256 et

212 3277 224 3285 ’
291 3293 489 3346 excelsi
534 3294 697 3347 animi
743 3295 1087 3357 ostenderat,
1128 3295 1217 3364 qui
1265 3302 1463 3348 tantam
1506 3294 1736 3348 domina:
1765 3310 1876 3347 sua:

291 3390 552 3440 insaniam
583 3386 650 3439 ita
686 3388 1221 3457 superaverat?quitl
1253 3388 1394 3442 enim
1441 3402 1545 3440 non
1589 3399 1713 3441 tunc
1741 3388 1873 3441 deli-

291 3480 516 3533 oiisset?
543 3480 735 3534 decora
767 3480 960 3544 facies,
996 3479 1163 3534 fastus
1191 3480 1483 3550 dignitatis,
1512 3482 1741 3535 vestiunt
1767 3481 1875 3533 ele-

286 3571 462 3639 guttliu
489 3580 542 3624 et
572 3569 987 3641 magnificentia,
1010 3579 1305 3625 aromatum
1334 3571 1618 3639 fragrantia
1650 3571 1871 3637 (etenim

285 3662 465 3714 sciunt
493 3660 605 3715 lucc
632 3677 844 3733 quoque
865 3662 1109 3718 emollire
1135 3663 1420 3732 animum),
1450 3664 1608 3716 verba
1635 3665 1870 3717 οιιηιὶιιιιι

288 3754 621 3808 tnollissima.

442 3849 656 3921 Joseplu'
685 3854 907 3907 castitas.
935 3852 1124 3907 Contra
1153 3853 1455 3923 iujuriarunt
1487 3851 1871 3905 memoriam.—

301 3944 447 3996 scitis
487 3945 650 4006 enim,
682 3945 824 4014 quod
853 3961 971 4016 qure
1015 3945 1249 4011 amabat,
1279 3956 1332 3999 et
1378 3955 1482 3999 tam
1525 3944 1872 3998 vehementer

284 4038 519 4099 attrahat,
550 4037 677 4092 nihil
727 4038 991 4108 ahjectum
1020 4050 1071 4093 et
1112 4038 1311 4092 humile
1339 4048 1482 4093 esset
1522 4046 1825 4091 recusatum
1852 4077 1867 4098 ,

281 4127 541 4194 supplicis
591 4143 840 4199 suscepto
885 4129 1088 4187 habitu.
1149 4130 1295 4185 Adeo
1338 4131 1480 4184 enim
1542 4128 1708 4183 fracta
1757 4138 1872 4182 erat

286 4217 483 4272 mulier
509 4233 701 4273 aureas
722 4230 936 4291 gestans
967 4233 1164 4287 vestes,
1180 4233 1232 4277 et
1258 4238 1377 4291 qua:
1399 4231 1515 4277 erat
1541 4221 1800 4274 collocata
1817 4222 1868 4273 in

282 4309 545 4379 dignitate
569 4316 871 4383 regia,utad
885 4317 1023 4371 servi
1039 4317 1229 4384 captivi
1243 4331 1412 4386 genua
1430 4315 1565 4368 forte
1583 4313 1872 4382 procubue-

285 4412 378 4466 rit,
399 4412 454 4456 et
474 4408 605 4457 forte
622 4407 781 4459 etiam
797 4407 933 4462 ﬂens
946 4424 1089 4477 rogat
1105 4408 1142 4461 it
1156 4415 1211 4461 et
1229 4418 1451 4475 tangens
1471 4419 1641 4475 genua
1665 4422 1677 4457 :
1698 4420 1872 4473 neque

286 4491 340 4544 id
377 4498 545 4550 semel
584 4507 675 4551 aut
703 4498 817 4565 bis,
847 4499 941 4555 sed
969 4501 1128 4554 etiam
1165 4497 1295 4567 εει)ρί
1321 4516 1361 4549 is
1389 4496 1626 4551 tentarit.
1654 4494 1872 4549 Licehat

288 4598 415 4641 tunc
432 4591 593 4642 etiam
621 4589 803 4656 videre
822 4593 1033 4645 oculum
1056 4590 1288 4646 maxime
1306 4588 1592 4658 fulgentem
1624 4604 1637 4640 :
1669 4603 1773 4639 non
1793 4596 1874 4639 est

291 4680 435 4734 enim
484 4683 777 4737 verisimile
826 4698 946 4738 eam
995 4698 1055 4739 se
1091 4683 1281 4739 leviter
1326 4692 1380 4737 et
1425 4691 1731 4749 utcumque,
1779 4678 1872 4734 sed

284 4772 502 4827 curiose
527 4787 774 4840 ornasse,
803 4785 861 4830 ut
895 4791 1014 4845 qua:
1042 4776 1221 4831 multis
1248 4774 1451 4830 retibus
1480 4773 1641 4828 vellet
1676 4786 1871 4842 agnum

285 4864 487 4923 Christi
507 4884 724 4938 capere.
743 4870 1063 4942 Hicqnoqne
1082 4871 1313 4941 adjunge
1335 4870 1461 4922 mihi
1487 4868 1680 4922 nmltas
1711 4866 1878 4935 magi-

288 4974 385 5015 cas
408 4962 819 5017 incantationes.
851 4964 956 5020 Sed
985 4975 1162 5019 tamen
1192 4964 1280 5016 ille
1304 4960 1625 5026 inﬂexibilis,
1653 4960 1740 5014 ille
1766 4959 1875 5013 for-

291 5050 364 5104 tis
388 5065 452 5106 ac
503 5052 743 5123 rigidus,
787 5065 843 5108 et
890 5056 1077 5123 quavis
1104 5062 1254 5124 petra
1305 5052 1548 5115 solidior,
1594 5059 1875 5120 postquam

292 5143 426 5197 vidit
460 5143 653 5201 fratres
693 5147 782 5213 qui
816 5146 1187 5209 vendiderant,
1217 5148 1304 5217 qui
1337 5149 1388 5200 ir.
1417 5147 1701 5200 cisternam
1729 5145 1873 5213 jeee-

293 5243 439 5299 rant,
491 5237 583 5305 qui
628 5235 993 5299 tradiderant,
1047 5239 1137 5307 qui
1169 5238 1416 5293 volebant
1460 5237 1738 5298 occidere,
1786 5235 1874 5302 qui

292 5328 509 5383 fuerant
534 5343 713 5384 causae.
742 5338 799 5384 et
838 5330 1070 5385 careeris
1111 5340 1165 5384 et
1193 5331 1450 5394 honoris;
1496 5341 1774 5402 postquam
1814 5337 1880 5384 ab

286 5418 373 5470 eis
398 5418 604 5472 audivit
645 5420 919 5488 quomodo
962 5420 1183 5475 affectus
1229 5431 1371 5476 esset
1417 5431 1604 5491 pater;
1637 5421 1878 5476 Dicamus

289 5511 458 5573 enim,
494 5512 684 5579 inquit,
715 5513 852 5577 quod
883 5529 1010 5565 unus
1053 5513 1206 5580 fuerit
1232 5531 1263 5565 η
1297 5516 1405 5581 [cra
1433 5514 1699 5568 devoratus
1725 5514 1872 5585 (Ceu.

292 5604 384 5658 57.
412 5604 507 5670 20)
535 5622 548 5669 ;
580 5604 782 5660 fractus
828 5607 944 5669 fuit,
976 5606 1235 5667 mollitus,
1280 5609 1563 5671 contritus,
1592 5622 1656 5660 ac
1696 5606 1875 5669 ﬂevit;

291 5706 347 5753 et
376 5698 539 5753 animi
570 5710 774 5752 motum
801 5713 906 5751 non
948 5699 1144 5761 ferens,
1193 5700 1464 5768 ingressus
1495 5699 1565 5753 Se
1591 5702 1833 5754 continuit
1860 5744 1874 5765 ,

295 5792 401 5847 hoc
424 5802 530 5852 est,
548 5792 815 5845 abstersit.
840 5791 973 5857 Quid
1003 5789 1119 5851 ﬂes,
1143 5788 1385 5857 oJoseph
1409 5790 1431 5845 ?
1461 5792 1615 5861 Atqui
1645 5808 1881 5861 pr:rscn-

628 5901 898 5957 l’A‘t'ttuL.
947 5901 1062 5956 Litt.
1120 5900 1303 5959 LXll.

1121 342 1191 399 lN
1228 338 1445 398 EPIST.
1487 337 1507 393 l
1571 335 1664 393 an
1702 309 2035 389 THESSAL.
2076 327 2226 387 CAP.
2269 333 2630 396 lll..ll0MlL.
2673 343 2759 400 tv.

3471 365 3578 419 ιὲξ

2007 444 2075 499 tia
2106 461 2212 502 non
2241 460 2375 546 sunt
2406 454 2564 525 digna
2612 458 2882 532 lacrymis,
2925 465 3019 521 sed
3050 467 3147 535 ira,
3180 470 3540 545 indignatione
3559 521 3576 546 ,

1998 552 2192 610 magno
2226 545 2487 614 supplicio
2512 556 2568 603 et
2593 550 2793 609 ultione
2818 574 2832 608 :
2863 555 3028 614 habes
3055 560 3106 615 in
3136 567 3381 623 manibus
3405 545 3577 627 inimié

1994 644 2107 732 eos,
2142 630 2464 703 fratricidas,
2494 650 2647 709 potes
2678 644 2914 703 animum
2937 653 3218 712 exsatiare.
3244 657 3575 732 Quamquam

1995 737 2062 777 ne
2088 721 2191 779 hoc
2231 727 2444 796 quidem
2479 743 2561 786 est
2596 734 2890 804 injustitia;
2923 757 3029 797 non
3071 747 3213 802 enim
3241 721 3577 819 priorinfers

1994 829 2188 871 manus
2216 817 2462 911 injustas,
2488 823 2579 878 sed
2609 840 2703 881 eos
2747 828 3021 888 ulcisceris
3043 837 3133 905 qui
3161 847 3212 894 te
3235 817 3424 911 injuria
3450 847 3577 903 aﬂ'eo

1993 915 2199 959 errant.
2227 906 2359 963 Nam
2383 911 2447 965 ad
2473 922 2616 967 tuam
2645 931 2711 971 ne
2734 919 2862 972 mihi
2882 928 3155 993 aSpexeris
3181 906 3573 994 auctoritatem:

1993 1010 2096 1048 non
2129 998 2177 1051 id
2226 1015 2291 1055 ex
2321 1016 2505 1058 eorum
2554 1005 2748 1063 factum
2796 1023 2877 1067 est
2904 1018 3065 1073 animi
3110 1027 3394 1088 sententia.
3423 1029 3517 1085 sed
3545 1048 3575 1085 a

1996 1086 2103 1141 Deo
2128 1090 2216 1158 qui
2261 1091 2354 1146 tibi
2381 1094 2567 1150 eﬂ‘udit
2614 1103 2859 1168 gratiam.
2884 1105 3019 1174 Quid
3066 1109 3340 1171 ﬂes?Sed
3379 1086 3576 1177 dixerit

1992 1178 2080 1235 ille
2111 1197 2124 1234 :
2156 1182 2330 1248 Absit,
2358 1196 2414 1240 ut
2436 1192 2525 1259 qui
2560 1193 2608 1246 in
2635 1197 2883 1252 omnibus
2915 1202 2963 1255 in
3001 1203 3141 1262 bona
3173 1207 3363 1267 fuerim
3391 1217 3574 1271 existi-

1990 1273 2249 1340 matione,
2293 1279 2379 1334 illa
2418 1285 2594 1337 omnia
2633 1299 2865 1343 evertam
2910 1307 3002 1360 per
3035 1294 3172 1352 hanc
3220 1300 3424 1370 injuria:
3467 1322 3571 1360 ac—

1989 1375 2155 1435 cepta:
2180 1369 2601 1428 recordationem
2631 1392 2645 1430 :
2676 1377 3027 1449 lacrymarum
3054 1401 3178 1442 vere
3201 1369 3281 1445 est
3325 1402 3532 1464 tempus
3556 1417 3571 1461 ;

1989 1474 2093 1511 non
2147 1474 2264 1513 sum
2315 1462 2438 1517 feris
2489 1467 2774 1525 crudelior.
2833 1473 2943 1528 Illa:
2995 1492 3119 1532 cum
3172 1489 3357 1535 natura
3407 1462 3574 1540 finias

1990 1549 2210 1647 ineunt,
2240 1554 2612 1647 quodcumque
2641 1561 2762 1615 mali
2794 1578 2964 1633 passae
2994 1567 3210 1625 fuerint.
3244 1572 3404 1641 Fleo,
3429 1581 3572 1647 quod

1988 1643 2208 1698 omnino
2242 1645 2318 1700 sic
2363 1663 2449 1702 me
2476 1648 2771 1707 affecerint.
2805 1655 2956 1713 lltnte
3004 1676 3100 1717 nos
3149 1679 3362 1736 quoque
3403 1643 3575 1725 imite-

1989 1751 2129 1799 mur,
2161 1746 2214 1791 et
2243 1738 2515 1810 lugeamus
2556 1758 2651 1798 eos
2674 1747 2762 1815 qui
2798 1748 3039 1817 injuriant
3084 1754 3361 1825 fecerunt;
3402 1779 3468 1819 ne
3494 1766 3572 1819 eis

1990 1826 2314 1885 irascamur:
2344 1845 2467 1887 sunt
2496 1837 2635 1890 enim
2665 1854 2850 1895 revera
2867 1843 3010 1914 digni
3040 1846 3305 1918 lacryntis,
3330 1856 3471 1921 qttod
3497 1872 3573 1911 se-

1990 1918 2132 1988 ipsos
2164 1921 2668 1982 reddantobnoxius
2708 1933 2969 2001 supplicio
3010 1947 3062 1990 et
3084 1918 3432 1998 damnationi.
3454 1946 3568 2001 Non

1987 2009 2174 2079 ignoro
2203 2016 2474 2083 quomodo
2502 2033 2641 2072 nunc
2670 2019 2863 2087 flcatis,
2897 2035 2951 2079 et
2979 2030 3249 2096 quomodo
3273 2034 3568 2102 gaudeatis,

1986 2111 2039 2156 et
2068 2102 2291 2158 Paulum
2320 2105 2647 2166 admirantes
2673 2122 2725 2167 et
2749 2113 2947 2185 Ioseph
2975 2127 3272 2189 stupentes,
3298 2139 3361 2180 ac
3388 2125 3571 2183 beatos

1987 2196 2413 2260 pronuntiantes.
2468 2199 2574 2256 Sed
2615 2204 2658 2256 si
2700 2207 2819 2275 quis
2864 2206 3055 2264 habeat
3091 2212 3360 2270 inimicmn
3388 2260 3401 2280 ,
3446 2235 3567 2274 eum

1985 2303 2125 2341 nunc
2171 2288 2222 2342 in
2254 2293 2508 2348 memoria
2542 2294 2755 2361 haheat,
2784 2315 2905 2354 eum
2948 2314 3126 2360 mente
3150 2309 3333 2377 agitet,
3364 2319 3418 2365 ut
3443 2311 3570 2369 dum

1984 2379 2156 2435 adhuc
2186 2397 2281 2436 cor
2312 2384 2480 2440 fervet
2510 2388 2562 2442 in
2610 2393 2869 2446 memoria
2901 2406 3230 2464 sanctorum,
3279 2405 3447 2471 possit
3478 2406 3569 2460 ira:

1982 2470 2195 2527 solvere
2223 2472 2496 2541 duritiem,
2521 2480 2836 2551 mollireque
2863 2487 3206 2554 asperitatem
3234 2470 3289 2546 et
3312 2494 3564 2563 rigorem.

1998 2562 2121 2642 Srio
2163 2565 2306 2633 quod
2361 2577 2636 2637 postquam
2682 2570 2806 2629 hinc
2847 2575 3117 2646 ahicritis,
3161 2562 3437 2655 postquam
3466 2604 3565 2659 ego

1984 2668 2199 2710 cessare
2246 2657 2431 2729 loqui,
2489 2664 2698 2717 etiamsi
2744 2667 2869 2737 quid
2916 2675 3235 2731 remanserit
3279 2679 3473 2735 caloris
3504 2657 3568 2736 et

1984 2748 2227 2813 fervoris,
2254 2765 2358 2806 non
2384 2761 2586 2809 tantum
2619 2766 2701 2811 est
2724 2770 2977 2826 quantum
3006 2781 3169 2832 nunc,
3199 2768 3324 2824 dttm
3351 2774 3562 2828 auditis.

1986 2836 2039 2891 Si
2072 2839 2191 2908 quis
2237 2854 2384 2911 ergo,
2413 2843 2456 2895 si
2507 2845 2626 2915 quis
2668 2849 2737 2902 sit
2783 2848 2979 2921 frigore
3024 2869 3343 2924 concretus,
3397 2864 3566 2919 solvat

1986 2929 2229 2995 pruinam
2262 2933 2497 3001 :pruina
2519 2937 2660 2991 enim
2710 2956 2892 2996 revera
2919 2953 2974 2999 et
3009 2946 3206 3016 glacies
3253 2961 3334 3007 est
3361 2952 3567 3021 injurim

1982 3032 2214 3090 acceptae
2255 3027 2570 3083 recordatio.
2622 3030 2726 3087 Sed
2773 3036 3081 3093 invocemus
3124 3044 3289 3098 solem
3313 3045 3562 3113 jttslitim,

1983 3126 2234 3182 rogemus
2255 3130 2375 3171 eum
2406 3129 2461 3173 ut
2484 3120 2730 3178 immittat
2758 3127 2977 3195 radios;
3011 3140 3065 3185 et
3086 3148 3189 3189 non
3210 3137 3315 3192 erit
3341 3142 3568 3211 amplius

1982 3217 2162 3302 crassa
2193 3210 2406 3278 pruina,
2434 3214 2528 3269 sed
2555 3229 2688 3287 aqua
2716 3221 2981 3287 potabilis.
3016 3224 3068 3279 Si
3102 3226 3237 3297 ignis
3262 3231 3393 3287 solis
3411 3210 3570 3302 justi-

1985 3294 2072 3349 tite
2099 3308 2336 3355 nostram
2387 3304 2621 3375 tetigerit
2668 3310 2920 3377 animam,
2967 3314 3099 3370 nihil
3126 3294 3568 3392 relinquet—con-

1981 3400 2212 3455 cretum,
2246 3396 2377 3450 nihil
2401 3397 2615 3464 durum,
2647 3401 2775 3455 nihil
2807 3406 2949 3474 quod
2982 3408 3087 3463 vim
3117 3410 3312 3469 habeat
3335 3419 3523 3471 urendi
3549 3461 3567 3485 ,

1985 3482 2114 3536 nihil
2168 3487 2307 3554 quod
2359 3487 2530 3544 fructu
2569 3504 2750 3548 careat
2781 3514 2793 3549 :
2822 3499 2997 3551 omnia
3045 3504 3291 3560 ostendet
3317 3518 3520 3563 matura

1980 3576 2160 3628 omnia
2191 3577 2390 3647 dulcia,
2423 3583 2601 3637 omnia
2636 3585 2785 3651 plena
2820 3590 2983 3643 multa
3017 3594 3304 3664 voluptate.
3351 3600 3404 3654 Si
3433 3603 3568 3657 alter

1978 3665 2205 3718 alterum
2237 3669 2555 3739 diligamus,
2590 3677 2768 3732 veniet
2798 3679 2889 3735 ille
2937 3698 3150 3755 quoque
3191 3689 3394 3767 radius.
3438 3694 3568 3750 Date

1979 3756 2298 3829 mihi,rogo,
2319 3773 2375 3816 ut
2404 3780 2524 3817 cum
2567 3780 2814 3839 prompto
2856 3784 2908 3825 et
2936 3777 3096 3831 alacri
3130 3781 3311 3835 animo
3342 3756 3454 3840 hinc
3475 3787 3559 3840 di-

1980 3863 2094 3902 cam
2128 3865 2140 3901 :
2178 3849 2334 3906 facite
2360 3863 2414 3908 ut
2446 3857 2655 3912 audiam
2684 3875 2779 3914 vos
2808 3861 2888 3917 his
2933 3869 3110 3922 verbis
3143 3870 3341 3942 aliquid
3374 3879 3555 3945 profe-

1934 3968 1937 3971 -
1977 3943 2136 4001 cisse,
2171 3950 2227 3996 et
2273 3945 2416 4013 quod
2464 3948 2650 4003 abiens
2680 3954 2941 4022 quiSpiam
2993 3960 3234 4026 protinus
3283 3943 3556 4025 inimicum

1977 4034 2041 4083 sit
2072 4034 2406 4104 complexus,
2436 4039 2624 4096 ambas
2650 4047 2988 4102 conseruerit
3015 4064 3227 4118 manus,
3259 4056 3307 4110 ei
3336 4060 3564 4115 circnm-

1980 4123 2128 4182 fusus
2157 4129 2248 4194 sit,
2304 4131 2575 4187 osculatus
2602 4143 2658 4189 et
2696 4136 3075 4210 illacrymatus.
3112 4145 3331 4201 Etiamsi
3364 4152 3455 4206 ille
3503 4156 3563 4205 sit

1979 4214 2113 4283 fera,
2145 4218 2357 4275 etiamsi
2395 4221 2550 4290 lapis,
2580 4226 2785 4280 etiamsi
2817 4231 3062 4297 quodvis.
3094 4234 3162 4287 ab
3191 4235 3293 4290 hac
3318 4238 3559 4310 benigni-

1978 4318 2087 4362 tate
2132 4312 2456 4379 ntitigabitur
2495 4322 2549 4365 et
2594 4328 2954 4374 mansucscet.
2999 4320 3132 4376 Nam
3176 4340 3274 4378 cur
3319 4338 3400 4382 est
3448 4341 3564 4386 tuus

1982 4402 2270 4455 inimicus?
2328 4414 2378 4456 Ie
2421 4407 2742 4461 contumelia
2789 4410 3008 4466 affecit?
3046 4415 3140 4469 sed
3193 4417 3394 4473 nullam
3443 4422 3568 4477 fecit

1984 4494 2251 4561 injuriam.
2294 4494 2398 4548 Sed
2433 4508 2651 4567 propter
2682 4506 2932 4569 pecunias
2961 4506 3193 4578 despicis
3222 4508 3441 4569 fratrem
3467 4533 3564 4586 ge-

1985 4595 2188 4640 rentem
2222 4586 2523 4642 inimicitias
2544 4591 2566 4642 ?
2591 4608 2655 4645 ne
2681 4593 2840 4648 facias
2870 4612 3011 4665 rogo.
3037 4598 3223 4655 Omnia
3252 4603 3523 4663 solvamus
3546 4651 3563 4674 ,

1985 4687 2223 4731 nostrum
2269 4689 2350 4732 est
2380 4690 2587 4751 tempus
2619 4703 2630 4735 :
2665 4700 2730 4737 eo
2773 4697 2984 4741 utamur
3015 4700 3070 4743 ut
3112 4705 3343 4762 oportet.
3386 4698 3563 4756 Funes

1985 4784 2325 4841 peccatorum
2394 4778 2740 4833 concidamus
2785 4799 2797 4833 :
2851 4783 3157 4852 priusvptam
3202 4790 3453 4847 abeamus
3500 4797 3567 4850 ad

1981 4865 2260 4934 judicium,
2297 4868 2395 4935 ipsi
2426 4870 2561 4923 alter
2584 4871 2808 4924 alterum
2851 4874 3168 4941 judicenms.
3205 4879 3318 4943 Sol,
3361 4885 3523 4954 inquit
3548 4929 3564 4947 .

1985 4973 2048 5011 ne
2094 4958 2288 5012 occidat
2328 4976 2481 5028 super
2527 4961 2842 5015 iracundiam
2896 4976 3108 5021 vestram
3154 4968 3319 5042 (Epit.
3366 4975 3417 5030 4.
3450 4976 3563 5046 26).

1987 5048 2155 5104 Nemo
2183 5048 2396 5104 differat
2432 5070 2442 5104 :
2472 5052 2753 5107 dilationes
2786 5057 2996 5123 pariunt
3040 5077 3218 5116 moras
3247 5074 3300 5118 et
3343 5080 3563 5121 cuncta-

1990 5143 2183 5197 tiones.
2217 5142 2272 5196 Si
2320 5143 2480 5197 hodie
2526 5146 2820 5212 distuleris,
2872 5153 3039 5219 magis
3082 5155 3393 5218 erubescis;
3439 5171 3490 5211 et
3522 5162 3563 5214 si

1987 5233 2276 5312 crastinum
2318 5233 2609 5299 addideris,
2660 5237 2832 5305 major
2873 5251 2954 5294 est
2996 5243 3205 5312 pudor:
3237 5255 3286 5300 et
3330 5242 3373 5301 si
3421 5250 3563 5304 diem

1991 5310 2229 5385 tertium,
2256 5324 2430 5380 adhuc
2475 5326 2662 5395 major.
2700 5328 2777 5382 Ne
2806 5344 2905 5383 nos
2933 5310 3077 5399 ipsos
3113 5335 3319 5403 pudore
3359 5337 3560 5390 afficia-

1989 5432 2128 5477 mus,
2158 5417 2254 5471 sed
2285 5418 2644 5482 remittamus,
2672 5430 2730 5472 ut
2767 5419 2922 5475 nobis
2965 5422 3282 5477 remittatur.
3312 5424 3365 5479 Si
3396 5440 3564 5483 autem

1983 5509 2273 5563 remissum
2302 5508 2477 5575 fuerit,
2509 5512 2685 5563 omnia
2732 5512 2985 5566 eatlorum
3014 5514 3153 5567 bona
3181 5529 3570 5586 consequemur

1991 5601 2041 5652 in
2073 5599 2286 5654 Christo
2315 5600 2439 5653 .lesu
2473 5602 2698 5655 Domino
2725 5613 2931 5668 nostro,
2957 5619 3078 5659 cum
3107 5621 3214 5676 quo
3239 5606 3377 5661 Patri
3409 5611 3569 5668 simul

1990 5707 2111 5745 cum
2140 5702 2324 5747 sancto
2352 5692 2553 5763 Spiritu
2594 5694 2785 5764 gloria,
2816 5706 3069 5766 potestas.
3123 5700 3314 5770 honor,
3347 5718 3485 5759 nunc
3512 5716 3566 5761 et

1995 5800 2088 5841 seu
2111 5800 2229 5855 per,
2256 5796 2308 5841 et
2333 5788 2382 5841 in
2411 5787 2604 5843 saecula
2629 5789 2969 5847 smculorum.
3002 5794 3195 5847 Amen.

3152 5906 3220 5961 Ξῖ
