4106 6208
442 292 448 298 ’
541 329 640 384 ηδ

1275 335 1330 390 S.
1371 335 1644 393 JOANNlS
1679 336 2148 394 CHRYSOSTOMI
2195 335 2506 394 ARCHIEP.
2528 332 3057 392 CONSTANTINOP.

3687 342 3797 397 ιει

1935 520 2275 581 HOMILIA
2320 520 2396 580 ν.

543 669 669 718 L‘AP.
701 663 752 714 4.
791 677 842 714 v.
880 663 927 715 1.
955 662 1030 715 De
1058 673 1232 716 caetero
1259 679 1396 732 ergo.
1427 665 1628 732 fratres,
1651 681 1887 735 rogamus
1945 679 2031 718 vos
2079 673 2130 717 et

617 757 929 810 obsecramus
971 759 1022 810 in
1066 756 1282 811 Domino
1324 758 1468 823 Iesu,
1504 769 1559 812 ut
1583 759 2001 827 quemadmodum
2028 773 2116 810 ac-

618 850 818 916 cepistis
847 865 877 901 a
907 850 1047 902 nobis
1089 851 1340 918 quomodo
1382 861 1609 918 oporteat
1648 867 1732 904 vos
1770 849 2030 903 ambulare
2073 858 2119 902 et

621 942 818 1008 placere
869 942 993 1006 Deo,
1047 942 1120 995 sic
1161 952 1205 995 et
1251 943 1514 996 ambuletis
1543 953 1596 995 ut
1627 943 1889 996 abundetis
1936 943 2117 1011 magis.

618 1033 674 1086 ἓ.
708 1033 862 1088 Scitis
893 1035 1023 1087 enim
1053 1051 1164 1103 quat
1190 1044 1438 1102 praecepta
1485 1035 1706 1087 dederim
1753 1034 1887 1086 vobis
1915 1049 2002 1099 per
2026 1030 2119 1082 Ιο-

621 1143 732 1179 sum
783 1125 1054 1181 Christum.
1107 1127 1158 1178 5.
1221 1124 1342 1177 Htec
1392 1135 1460 1178 est
1511 1134 1678 1178 autem
1723 1124 1954 1177 voluntas
2002 1121 2122 1188 Dei,

621 1218 782 1269 sancti
785 1217 952 1284 ficotio
979 1226 1157 1269 vestra.

627 1310 678 1360 i.
711 1307 1000 1375 Postquam
1030 1307 1079 1359 in
1113 1307 1175 1360 iis
1200 1322 1318 1376 qua:
1351 1305 1607 1376 urgebant
1637 1314 1684 1360 et
1717 1321 1834 1376 qure
1866 1313 2020 1359 erant
2072 1306 2122 1358 in

559 1398 802 1451 manibus
852 1399 1164 1452 immoratus
1215 1408 1314 1463 est,
1372 1414 1432 1453 ea
1480 1399 1732 1467 deinceps
1780 1412 2127 1468 aggressurus

554 1507 672 1558 qnze
701 1498 819 1543 sunt
849 1498 1126 1559 perpetua,
1169 1499 1221 1543 et
1249 1507 1366 1556 qme
1411 1505 1621 1558 seu-iper
1665 1489 1848 1543 audire
1895 1498 2124 1556 oportet,

561 1581 827 1648 pra:mittit
875 1581 974 1634 hoc
1017 1581 1255 1643 verbum,
1307 1579 1380 1633 De
1415 1590 1610 1634 δίεισι-ο,
1638 1579 1750 1633 Hoc
1779 1589 1878 1641 est,
1906 1580 2129 1649 Semper

559 1677 770 1746 quidem
802 1687 856 1731 et
881 1685 1136 1746 perpetuo
1179 1691 1275 1730 vos
1305 1691 1554 1746 rogamus
1592 1685 1646 1730 et
1690 1676 2033 1730 obsecramus
2077 1675 2128 1728 in

563 1770 808 1822 Domino.
859 1769 1046 1837 Papm!
1100 1784 1165 1823 ne
1212 1768 1276 1822 ad
1320 1768 1610 1838 rogandum
1653 1767 1864 1837 quidem
1909 1783 1968 1821 se
2007 1767 2134 1820 dicit

559 1874 676 1914 esse
725 1859 828 1913 fide
873 1859 1130 1928 dignum:
1181 1873 1500 1928 quamquam
1545 1859 1664 1927 quis
1713 1866 1828 1912 erat
1869 1858 2001 1912 adeo
2031 1858 2133 1912 ﬁde

563 1952 789 2022 dignus?
828 1951 920 2005 sed
969 1949 1236 2005 Christum
1283 1951 1524 2003 assumit.
1563 1949 1660 2003 Per
1707 1949 1894 2015 Deum,
1940 1949 2130 2019 inquit,

563 2061 658 2101 vos
699 2060 946 2113 rogamus
991 2053 1045 2098 et
1092 2044 1476 2098 obsecramus:
1527 2041 1630 2096 hoc
1678 2042 1817 2097 enim
1873 2041 1971 2096 sibi
2026 2043 2136 2096 vult

561 2137 714 2201 illud,
743 2134 810 2189 lu
838 2135 1077 2190 Domino.
1109 2134 1260 2200 Quod
1288 2134 1446 2187 etiam
1476 2130 1687 2187 dicebat
1708 2131 1772 2186 ad
1791 2130 2095 2186 Corinthios
2118 2151 2130 2186 :

568 2228 724 2289 Deus.
758 2227 949 2295 inquit,
982 2241 1066 2278 vos
1091 2225 1314 2277 obsecrat
1347 2240 1434 2292 per
1459 2239 1548 2276 nos
1589 2222 1668 2291 (2.
1688 2222 1806 2277 Cor.
1839 2222 1892 2276 5.
1923 2222 2030 2293 20).
2070 2222 2137 2277 Ut

563 2316 988 2386 quemadmodum
1037 2315 1300 2382 accepistis
1346 2330 1378 2367 a
1416 2314 1578 2368 nobis.
1628 2313 1783 2380 Illud,
1838 2314 2134 2382 Accepistis,

568 2423 671 2460 non
705 2415 786 2460 est
823 2405 994 2461 solum
1036 2405 1339 2469 verborum,
1389 2403 1484 2459 sed
1532 2405 1690 2459 etiam
1735 2415 1934 2459 rerum.
1981 2403 2135 2466 Illud,

570 2496 833 2564 Quomodo
888 2505 1116 2566 eporteat
1169 2511 1252 2550 vos
1301 2495 1579 2559 ambulare,
1637 2495 1688 2549 in
1748 2493 1848 2549 hoc
1907 2494 2141 2550 ostendit

566 2603 779 2642 omnem
824 2587 946 2640 vita:
989 2585 1471 2641 conversationem.
1523 2585 1593 2638 Et
1655 2584 1759 2639 Deo
1816 2585 2033 2653 placere,
2088 2596 2141 2639 ut

566 2678 830 2732 abundetis
873 2679 1068 2748 magis;
1113 2677 1215 2730 hoc
1254 2687 1356 2740 est,
1393 2675 1460 2731 Ut
1495 2691 1561 2731 ex
1593 2676 1779 2746 majori
1817 2675 2137 2731 abundantia

566 2785 672 2823 non
711 2769 909 2823 sistatis
933 2783 1102 2837 usque
1133 2767 1198 2820 ad
1234 2766 1501 2830 mandata,
1532 2766 1628 2822 sed
1658 2782 1718 2821 ea
1760 2769 2091 2836 exsuperetis
2124 2784 2138 2820 :

567 2862 668 2916 hoc
691 2869 773 2916 est
798 2860 938 2914 enim
968 2859 1114 2920 illud,
1149 2857 1214 2912 Ut
1239 2857 1517 2911 abundetis.
1546 2857 1677 2911 Nam
1709 2858 1760 2910 in
1788 2857 2140 2927 praecedenti-

568 2956 664 3008 bus
689 2950 875 3006 solida:
909 2965 1094 3005 eorum
1145 2949 1262 3002 ﬁdei
1309 2958 1512 3018 gratam
1558 2957 1613 3001 et
1656 2959 1930 3018 acceptam
1983 2949 2144 3005 habet

568 3044 970 3097 admirationem
996 3057 1010 3107 ;
1043 3039 1129 3094 hic
1158 3048 1334 3094 autem
1363 3041 1521 3092 vitam
1548 3042 1838 3108 componit.
1866 3040 1979 3096 Hoc
1999 3043 2141 3097 enim

569 3144 649 3187 est
672 3133 959 3202 profectus,
984 3132 1143 3186 etiam
1163 3145 1484 3200 exsuperare
1507 3132 1750 3186 mandata
1771 3142 1823 3187 et
1839 3144 2100 3205 prmeepta
2126 3155 2140 3190 :

569 3240 674 3276 non
697 3223 836 3277 enim
876 3222 1106 3290 amplius
1147 3236 1214 3276 ex
1255 3220 1514 3275 doctrina:
1560 3223 1896 3288 necessitate,
1943 3225 2036 3280 sed
2076 3241 2139 3280 ex

572 3315 721 3368 liberi
763 3313 966 3367 arbitrii
1014 3313 1275 3368 electione
1322 3312 1378 3366 ﬁt
1422 3313 1756 3368 universum.
1799 3315 1950 3372 Sicut
1998 3318 2139 3372 enim

570 3416 767 3459 terram
811 3419 917 3457 non
961 3403 1133 3456 solum
1174 3411 1384 3472 oportet
1414 3402 1552 3459 ferre
1586 3405 1728 3474 jacta
1760 3416 2030 3461 sementa:
2063 3409 2143 3463 sic

569 3498 728 3550 etiam
767 3497 997 3550 animam
1047 3503 1254 3564 oportet
1302 3509 1407 3550 non
1449 3511 1616 3565 usque
1655 3498 1720 3552 ad
1761 3513 1822 3552 ea
1851 3499 2139 3555 subsistere

569 3605 687 3659 qua:
716 3597 840 3643 sunt
864 3602 1070 3659 sparsa,
1119 3586 1212 3641 sed
1241 3587 1399 3642 etiam
1427 3602 1770 3657 exsuperare.
1821 3589 1980 3645 Vides
2021 3607 2140 3645 eum

571 3683 758 3750 merito
801 3681 1001 3736 dixisse
1039 3681 1403 3748 exsuperare?
1439 3679 1570 3734 Nam
1611 3680 1661 3734 in
1693 3679 1807 3735 lucc
1836 3681 1942 3734 duo
1973 3682 2141 3737 divisa

569 3784 653 3829 est
679 3775 873 3838 virtus,
899 3787 1089 3840 nempe
1118 3772 1384 3826 declinare
1405 3787 1433 3824 a
1459 3772 1616 3837 malo,
1643 3781 1698 3826 et
1719 3773 1893 3829 facere
1921 3775 2139 3831 bonum.

572 3867 685 3919 Non
740 3865 880 3918 enim
927 3863 1125 3916 sufﬁcit
1165 3877 1407 3918 recessus
1452 3879 1480 3916 a
1521 3864 1662 3918 malo
1701 3865 1766 3919 ad
1805 3867 2140 3936 adeptionem

572 3955 801 4015 virtutis,
847 3953 943 4007 sed
990 3961 1072 4006 est
1112 3953 1324 4022 quidem
1369 3955 1450 4006 via
1475 3965 1529 4008 et
1553 3955 1757 4008 initium
1786 3956 1908 4010 illuc
1937 3959 2140 4024 ferens;

569 4059 704 4114 opus
731 4052 813 4098 est
843 4051 1020 4098 autem
1052 4043 1204 4096 nobis
1233 4043 1391 4096 etiam
1425 4059 1614 4113 magna
1653 4046 1814 4100 animi
1846 4048 2137 4106 alacritate.

567 4138 697 4202 Quae
738 4143 861 4188 sunt
903 4131 1116 4202 quidem
1163 4131 1407 4200 fugienda
1449 4133 1574 4188 dicit
1604 4135 1683 4189 eis
1707 4146 1972 4209 tamquam
2003 4157 2141 4210 prae—

569 4233 720 4294 cepta
748 4232 803 4278 et
828 4221 1055 4276 merito:
1092 4237 1212 4274 nam
1245 4222 1357 4275 hinc
1382 4223 1596 4291 quidem
1635 4227 1676 4278 si
1719 4225 1867 4294 ﬁant,
1915 4231 2142 4285 alierum

569 4315 922 4384 supplicium;
973 4312 1015 4365 si
1059 4327 1163 4365 non
1221 4313 1349 4365 [iant
1399 4325 1599 4378 autem,
1655 4318 1851 4371 nullam
1910 4321 2136 4376 laudent.

567 4409 695 4474 Qua:
720 4415 893 4460 autem
924 4403 989 4456 ad
1021 4404 1267 4457 virtutem
1296 4406 1580 4472 pertinent,
1606 4415 1660 4458 ut
1686 4406 1960 4464 effundere
1985 4426 2144 4480 pecu-

571 4501 704 4563 nias,
725 4507 776 4550 et
801 4505 1292 4565 qumcumquesunt
1311 4495 1632 4564 hujusmodi,
1660 4514 1762 4551 non
1785 4511 1927 4566 sunt,
1951 4502 2140 4572 inquit,

571 4587 916 4656 inprmceplis
947 4587 1351 4647 constituenda;
1383 4587 1475 4640 sed
1503 4587 1666 4656 quid?
1709 4589 1810 4652 Qui
1847 4601 2004 4658 potest
2052 4610 2142 4646 ca-

569 4694 706 4744 pere,
729 4678 896 4745 capiat
927 4675 1137 4746 (Matth.
1171 4677 1258 4730 l9.
1287 4675 1396 4744 1‘2).
1436 4677 1531 4731 Est
1556 4693 1687 4747 ergo
1711 4680 2001 4737 verisimile
2021 4699 2140 4738 eum

570 4786 690 4822 eum
751 4771 915 4822 multo
977 4770 1165 4823 timore
1215 4778 1269 4822 et
1316 4779 1542 4823 tremore
1592 4772 1668 4824 eis
1722 4775 2058 4842 praecepisse.
2093 4789 2145 4831 (ιι

573 4876 664 4928 per
717 4859 810 4913 has
856 4860 1036 4912 literas
1083 4861 1160 4914 eis
1209 4860 1258 4911 in
1306 4861 1613 4914 memoriam
1670 4877 1952 4919 revocasse
1998 4868 2139 4922 illam

575 4952 840 5020 pietatem.
867 4950 1222 5015 Quanmbrem
1251 4965 1310 5002 ea
1339 4965 1442 5002 non
1476 4953 1644 5018 ponit,
1675 4953 1767 5006 sed
1799 4955 1902 5008 illis
1930 4971 2144 5014 revocat

574 5046 624 5096 in
687 5043 1016 5096 memoriam.
1076 5041 1228 5095 Scitis
1283 5042 1434 5103 enim,
1491 5045 1684 5112 inquit,
1730 5062 1844 5114 qua:
1891 5063 2143 5118 precepta

579 5134 708 5187 robis
735 5132 957 5184 dederim
984 5148 1070 5200 per
1100 5131 1368 5184 Dominum
1401 5143 1625 5186 nostrum
1663 5133 1840 5189 Jesum
1865 5137 2136 5194 Christum.

575 5224 700 5279 lltec
722 5234 790 5278 est
811 5233 976 5278 autem
1001 5222 1229 5275 voluntas
1262 5221 1374 5289 Dei,
1419 5226 1746 5292 sanctiﬁcatio
1787 5239 1969 5286 vestra.
2014 5232 2144 5289 Vide

573 5327 748 5370 autem
789 5315 1054 5384 quomodo
1097 5314 1164 5368 de
1201 5313 1340 5367 nulla
1385 5331 1442 5367 re
1486 5315 1587 5367 alia
1644 5324 1750 5370 tam
1801 5319 2144 5378 vehementer

570 5409 798 5460 uiscure
827 5418 879 5459 et
905 5406 1236 5474 amigmatice
1280 5405 1542 5473 loquitur,
1588 5423 1742 5476 quam
1783 5409 1849 5464 de
1896 5413 1993 5466 hac
2038 5429 2139 5468 re:

575 5497 707 5551 sicut
731 5497 887 5550 etiam
932 5497 1122 5549 alicubi
1169 5496 1406 5549 srrihens
1445 5496 1610 5550 dicit:
1657 5497 1846 5552 Pacem
1887 5506 2142 5558 sectemiui

576 5605 689 5640 cum
714 5589 942 5640 omnibus
972 5598 1017 5639 et
1035 5588 1502 5654 sonctiﬁcationent,
1534 5587 1641 5640 sine
1665 5605 1764 5656 qua
1791 5608 1934 5646 nemo
1965 5591 2140 5647 Domi-

577 5696 692 5731 num
729 5679 908 5732 videbit
948 5679 1128 5748 (Hebr.
1166 5680 1245 5732 l2.
1282 5680 1390 5746 Il).
1427 5681 1488 5733 Et
1512 5681 1637 5748 quid
1669 5683 1877 5737 miraris
1903 5686 1946 5739 si
1977 5686 2138 5741 disci-

580 5771 712 5837 pulis
739 5769 802 5821 de
833 5767 927 5822 hoc
959 5767 1150 5836 ubique
1173 5769 1374 5832 scribit,
1399 5785 1516 5823 cum
1539 5771 1694 5823 etiam
1719 5772 1782 5826 ad
1807 5773 2137 5831 Timotheum

2231 661 2469 716 scribens
2509 661 2751 717 diceret:
2784 655 3024 733 Teipsum
3062 673 3254 718 castum
3293 667 3488 721 custodi
3550 669 3629 738 (l.
3667 664 3807 726 Tim.

2227 751 2280 805 5.
2330 745 2539 822 22)?ln
2580 753 2811 808 secunda
2853 769 3065 825 quoque
3108 754 3342 826 Epistola
3385 757 3452 813 ad
3497 757 3812 818 Corinthios

2223 843 2484 908 scribens,
2513 843 2726 899 dicebat
2756 862 2770 898 :
2803 844 2868 899 In
2896 847 3160 901 tolerantia
3187 849 3368 915 multa,
3401 851 3453 904 in
3471 851 3706 922 jejuniis,
3756 863 3815 907 et

2228 935 2454 988 castitate
2484 934 2562 1004 (2.
2589 935 2706 990 Cor.
2736 936 2788 992 6.
2820 938 2875 991 5.
2909 937 2984 1006 6).
3016 937 3084 992 Ει
3113 940 3294 994 multis
3312 941 3375 1014 in
3415 942 3546 998 locis
3579 943 3684 1000 hoc
3725 945 3815 1001 in-

2230 1025 2460 1093 veneris,
2489 1037 2540 1081 et
2567 1028 2618 1080 in
2643 1028 2878 1098 Epistula
2907 1029 2972 1084 ad
3003 1030 3293 1096 Romanos,
3319 1043 3370 1088 et
3395 1034 3610 1105 ubique,
3650 1047 3704 1094 et
3748 1038 3807 1092 in

2227 1118 2476 1172 omnibus
2528 1119 2789 1188 epistolis.
2843 1119 3052 1175 Revera
3097 1123 3239 1176 enim
3289 1125 3536 1181 omnibus
3581 1129 3809 1182 exitium

2228 1208 2384 1264 affert
2426 1209 2526 1264 hoc
2554 1211 2751 1264 malum
2781 1229 2794 1270 :
2823 1221 2877 1266 et
2905 1213 3042 1267 sicut
3069 1229 3260 1284 porcus
3289 1215 3402 1271 luto
3433 1218 3640 1287 plenus.
3666 1233 3810 1291 quo-

2229 1314 2456 1368 cumque
2504 1299 2774 1370 ingressus
2823 1301 2982 1357 fuerit
3025 1305 3203 1358 omnia
3257 1307 3440 1376 implet
3488 1307 3696 1376 fanore,
3751 1323 3810 1366 et

2231 1402 2420 1442 sensus
2448 1390 2634 1459 implet
2657 1401 2928 1448 stercore:
2960 1395 3028 1448 ita
3056 1397 3214 1449 etiam
3235 1399 3517 1463 scortatio;
3548 1411 3629 1454 est
3661 1403 3808 1456 enim

2232 1479 2428 1532 malum
2456 1479 2600 1549 quod
2633 1481 2850 1536 difﬁcile
2885 1493 3058 1553 potest
3093 1485 3221 1538 elui.
3260 1488 3484 1552 Quando
3502 1500 3676 1544 autem
3703 1489 3813 1546 hoc

2233 1569 2392 1623 etiam
2441 1568 2636 1623 faciunt
2673 1569 2833 1640 aliqui
2873 1572 2961 1642 qui
3003 1573 3200 1628 habent
3242 1591 3456 1644 uxores,
3501 1589 3693 1648 quanta
3725 1594 3813 1636 est

2233 1658 2654 1714 deformitas?3.
2687 1659 2812 1715 Ηωο
2854 1671 2927 1715 est
2965 1673 3154 1726 autem,
3201 1665 3391 1734 inquit,
3437 1670 3669 1722 voluntas
3715 1669 3814 1723 Dei

2234 1751 2568 1819 sanctiﬁcatio
2589 1762 2774 1819 vestra,
2807 1763 2862 1806 ut
2883 1753 3174 1810 abstineatis
3201 1757 3264 1810 ab
3287 1760 3427 1812 omni
3453 1763 3807 1830 fornicatione.

2236 1839 2394 1894 Multa
2439 1850 2563 1896 sunt
2600 1843 2741 1896 enim
2779 1858 2974 1913 genera
3017 1845 3460 1917 intemperantiae,
3491 1853 3813 1922 multiplices

2237 1942 2292 1989 et
2309 1936 2468 1989 varim
2489 1936 2785 2006 voluptates
2805 1937 3032 1992 lascivia:
3053 1948 3106 1994 et
3124 1940 3376 2008 libidinis,
3396 1959 3526 2014 quas
3544 1963 3609 2000 ne
3631 1946 3812 2003 dicere

2238 2027 2453 2097 quidem
2483 2037 2566 2082 est
2591 2028 2885 2084 tolerabile.
2917 2028 3049 2084 Cum
3077 2041 3253 2086 autem
3289 2033 3531 2099 dixisset.
3563 2037 3637 2090 Ab
3676 2041 3815 2093 omni

2240 2118 2591 2187 fornicatione,
2623 2134 2740 2172 eam
2770 2119 3023 2189 relinquit
3049 2121 3113 2176 iis
3133 2123 3223 2192 qui
3247 2134 3445 2179 norunt
3469 2147 3482 2182 :
3509 2128 3564 2181 4.
3591 2127 3658 2182 Ut
3685 2131 3813 2183 sciat

2241 2211 2577 2280 unusquisque
2604 2223 2818 2266 vestrum
2845 2229 2930 2268 vos
2961 2231 3106 2268 suum
3141 2219 3398 2286 possidere
3433 2220 3488 2272 iu
3526 2223 3817 2290 sanctiﬁca-

2241 2301 2374 2354 tione
2412 2312 2458 2355 et
2485 2303 2712 2356 honore:
2740 2305 2794 2358 5.
2820 2321 2923 2358 non
2953 2306 3004 2358 in
3037 2309 3268 2376 passione
3303 2309 3560 2377 desiderii,
3595 2313 3725 2365 sicut
3767 2322 3817 2365 et

2241 2400 2408 2461 gentes
2454 2407 2566 2460 qua:
2608 2393 2844 2462 ignorant
2903 2393 3087 2448 Deum.
3126 2395 3192 2450 Ut
3234 2399 3381 2465 sciat,
3427 2399 3616 2470 inquit,
3661 2418 3815 2456 unus-

2241 2481 2447 2550 quisque
2477 2493 2689 2535 vestr‘um
2716 2497 2802 2536 vas
2838 2499 2982 2538 suum
3012 2486 3285 2554 possidere.
3319 2487 3426 2543 Res
3456 2499 3536 2543 est
3578 2505 3705 2560 ergo
3734 2492 3820 2546 di-

2242 2573 2473 2642 ciplime,
2497 2583 2658 2643 atque
2679 2574 2813 2629 adeo
2832 2590 3055 2646 magum.
3078 2593 3146 2633 ne
3173 2579 3528 2636 lasciviamus.
3557 2581 3661 2636 Nos
3687 2598 3817 2652 ergo

2246 2663 2298 2717 id
2341 2663 2691 2732 possidemus,
2735 2666 2949 2734 quando
2979 2668 3233 2722 manserit
3265 2671 3519 2725 mundum
3549 2681 3602 2726 et
3639 2683 3720 2727 est
3763 2675 3813 2728 in

2244 2753 2663 2809 sanctiﬁcatione
2689 2772 2702 2807 :
2729 2770 2849 2810 cum
2880 2767 3058 2812 autem
3081 2767 3165 2814 est
3191 2759 3542 2824 immundum,
3577 2765 3816 2832 possidet

2244 2855 2550 2916 peccatum;
2583 2856 2637 2901 et
2671 2849 2884 2902 merito.
2924 2849 3039 2904 Non
3083 2853 3225 2907 enim
3259 2853 3386 2908 facit
3417 2855 3548 2910 ultra
3579 2873 3696 2926 qua:
3727 2873 3819 2911 vo-

2246 2938 2443 3005 lumus,
2499 2939 2594 2993 sed
2645 2954 2763 3008 qua:
2810 2939 2938 2995 illud
2986 2941 3228 3011 imperat.
3289 2944 3409 3000 Non
3460 2948 3512 3000 in
3561 2951 3815 3017 passione,

2248 3031 2438 3100 inquit,
2483 3032 2735 3086 desiderii.
2794 3032 2890 3088 Hic
2941 3035 3176 3090 ostendit
3229 3037 3391 3092 etiam
3441 3041 3655 3095 modum
3707 3058 3815 3114 quo

2245 3132 2460 3193 Oportet
2485 3140 2604 3180 esse
2635 3134 3010 3195 temperantes,
3043 3135 3101 3182 ut
3131 3138 3436 3199 amputetur
3463 3143 3636 3188 motus
3665 3135 3813 3189 desi-

2246 3218 2399 3273 derii.
2449 3219 2660 3272 Deliciae
2699 3220 2840 3274 enim
2876 3230 2930 3276 et
2973 3221 3193 3286 divitiae,
3237 3224 3501 3292 socordia,
3541 3228 3816 3296 segnities.

2245 3312 2434 3376 otium,
2478 3322 2531 3365 et
2562 3312 2675 3366 hzee
2705 3315 2903 3378 omnia,
2942 3329 3039 3369 nos
3079 3316 3145 3370 ad
3185 3317 3475 3374 absurdum
3511 3331 3564 3374 et
3595 3337 3817 3392 pravum

2247 3401 2514 3456 deducunt
2557 3403 2898 3457 desiderium.
2955 3405 3100 3460 Sicut
3141 3417 3188 3460 et
3235 3419 3424 3478 gentes,
3475 3412 3663 3482 inquit,
3707 3431 3820 3484 qua

2247 3493 2481 3562 ignorant
2503 3492 2686 3549 Deum.
2721 3495 2851 3550 Nam
2882 3495 2986 3549 illa:
3027 3498 3240 3566 quidem
3283 3511 3408 3554 sunt
3440 3503 3590 3567 tales,
3620 3519 3816 3574 empe-

2248 3592 2453 3638 ctantes
2480 3584 2707 3638 futurum
2733 3595 2785 3639 ut
2815 3583 2942 3640 dent
2963 3601 3165 3657 pmnas.
3206 3588 3258 3644 6.
3304 3589 3368 3643 Et
3399 3608 3460 3644 ne
3492 3594 3606 3663 quis
3640 3611 3820 3663 super-

2249 3679 2545 3748 grediatur,
2576 3691 2735 3743 neque
2755 3675 3110 3731 circumueniat
3135 3680 3186 3732 in
3205 3682 3401 3750 negotio
3421 3686 3629 3752 fratrem
3650 3702 3816 3741 suum.

2316 3769 2368 3822 2.
2397 3767 2561 3822 Recte
2587 3766 2741 3831 dixit,
2767 3767 2850 3822 Ne
2874 3771 3293 3840 supergrediatur
3312 3788 3332 3826 .'
3366 3775 3649 3844 unicuique
3673 3777 3816 3832 enim

2251 3859 2388 3913 Deus
2417 3859 2600 3914 tribuit
2634 3875 2876 3923 uxorem,
2907 3870 2963 3916 et
2990 3873 3192 3916 natura:
3223 3866 3501 3919 constituit
3539 3871 3745 3921 termin-
3769 3883 3816 3934 s,

2249 3963 2438 4016 nempe
2481 3963 2600 4002 cum
2642 3964 2747 4002 una
2792 3950 3154 4006 concubitum.
3200 3953 3555 4020 Quamobrem
3601 3958 3644 4012 si
3694 3974 3816 4014 cum

2247 4040 2410 4092 altera
2458 4040 2772 4095 concubitus
2814 4051 2896 4096 est
2943 4045 3314 4110 transgressio,
3365 4057 3420 4100 et
3460 4048 3817 4118 latrocinium,

2247 4139 2300 4182 et
2337 4131 2508 4194 fraus;
2555 4132 2660 4184 imo
2701 4147 2827 4187 vero
2869 4143 2950 4187 est
2994 4136 3208 4202 gravior
3256 4153 3469 4206 quoque
3514 4140 3817 4197 latrocinio.

2249 4220 2360 4274 Non
2392 4221 2532 4274 enim
2569 4221 2703 4275 adeo
2732 4223 2976 4281 dolemus
3020 4225 3063 4276 si
3088 4235 3282 4279 "05er
3309 4227 3624 4284 auferuntur
3650 4247 3818 4300 pecu~

2250 4312 2369 4377 nite,
2418 4321 2472 4365 ut
2498 4313 2540 4366 si
2577 4324 2816 4366 nostrum
2860 4315 3245 4369 matrimoniale
3272 4320 3598 4386 perfodiatur
3622 4325 3816 4379 cubile.

2249 4401 2484 4456 Fratrem
2515 4418 2691 4467 vocas,
2727 4413 2780 4456 et
2803 4407 3187 4472 pet-avaritiam
3220 4409 3415 4463 damno
3437 4412 3624 4478 aflicis,
3658 4416 3815 4469 etiam

2249 4490 2298 4543 in
2349 4492 2412 4545 iis
2454 4492 2505 4544 in
2539 4493 2733 4561 quibus
2773 4508 2876 4546 non
2919 4497 3162 4563 oportet?
3192 4496 3286 4551 llic
3318 4501 3548 4569 loquitur
3575 4505 3642 4558 de
3670 4507 3817 4560 adul-

2250 4589 2415 4648 terio;
2445 4585 2688 4650 superius
2716 4594 2892 4640 autem
2917 4584 2985 4640 de
3005 4589 3147 4641 omni
3179 4593 3502 4647 scortatione
3532 4608 3625 4649 seu
3650 4595 3818 4651 forni-

2247 4680 2474 4733 catione.
2499 4678 2626 4732 Nam
2657 4681 2902 4748 quoniam
2933 4690 3046 4734 erat
3065 4681 3300 4737 dicturus
3327 4683 3542 4741 fratrem
3571 4703 3676 4743 non
3701 4706 3820 4746 esse

2247 4770 2772 4839 supergrediendmn,
2822 4787 2992 4840 neque
3036 4788 3132 4842 per
3165 4777 3439 4831 avaritiam
3483 4778 3678 4834 damno
3706 4784 3822 4835 afﬁ-

2247 4861 2490 4915 ciendum
2513 4903 2527 4927 ,
2559 4863 2635 4916 sic
2674 4862 2921 4930 prazfatur
2955 4863 3070 4920 :Ne
3111 4867 3421 4934 existimes,
3456 4872 3647 4940 inquit,
3678 4878 3821 4944 quod

2250 4953 2362 5006 lnec
2385 4954 2558 5005 solum
2589 4952 2758 5006 dicam
2787 4952 2855 5008 de
2883 4954 3076 5021 fratre;
3110 4958 3201 5012 sed
3228 4975 3400 5030 neque
3429 4962 3652 5017 aliorum
3686 4982 3822 5020 usu-

2248 5060 2353 5110 res,
2387 5059 2557 5113 neque
2601 5059 2692 5098 eas
2735 5061 2852 5114 qua:
2895 5058 3079 5101 carent
3107 5050 3330 5114 maritis,
3361 5068 3530 5122 neque
3575 5069 3822 5110 comnm-

2250 5153 2342 5190 nes
2371 5139 2566 5191 habere
2603 5149 2830 5208 oportet.
2863 5138 2946 5193 Ab
2987 5143 3129 5195 onmi
3170 5143 3513 5200 fornicatione
3549 5147 3824 5202 abstinere

2248 5237 2493 5298 oportet:
2529 5229 2646 5284 ideo
2684 5230 2851 5285 dicit:
2887 5234 3136 5299 Quoniam
3173 5237 3356 5291 vindex
3382 5249 3456 5291 est
3487 5237 3732 5294 Dominus
3762 5248 3827 5295 (te

2247 5318 2324 5370 his
2345 5319 2590 5371 omnibus.
2621 5319 2849 5389 Rogavit
2873 5337 2966 5377 eos
2991 5325 3236 5392 primum,
3275 5336 3328 5382 et
3355 5328 3610 5397 pudorem
3641 5331 3824 5384 incus-

2248 5412 2342 5475 sit,
2371 5410 2574 5476 dicens,
2606 5413 2752 5468 Sicut
2789 5425 2834 5468 et
2878 5427 3046 5486 gentes
3076 5434 3096 5472 :
3121 5418 3313 5476 deinde
3341 5423 3634 5477 rationibus
3662 5440 3825 5493 quam

2246 5518 2406 5574 prava
2434 5515 2484 5557 et
2509 5504 2732 5559 absurda
2757 5522 2843 5560 res
2873 5510 2940 5560 sit
2960 5509 3213 5574 Ostendit.
3254 5513 3395 5581 quod
3425 5529 3518 5583 per
3542 5516 3822 5569 avaritiam

2247 5597 2410 5650 frater
2448 5595 2642 5650 damno
2670 5598 2949 5652 afﬁciatur.
2985 5601 3245 5673 Deinceps
3284 5605 3551 5676 subjungit
3596 5607 3645 5660 id
3675 5609 3822 5678 quod

2246 5697 2327 5744 est
2351 5697 2508 5757 caput
2528 5699 2582 5744 et
2607 5704 2812 5744 summa
2841 5693 2916 5746 rei
2945 5710 2956 5746 :
2979 5693 3228 5759 Quoniam
3259 5696 3442 5751 vindex
3469 5708 3543 5750 est
3571 5696 3825 5755 Dominus

2247 5780 2309 5836 de
2346 5782 2420 5835 his
2467 5782 2714 5847 omnibus,
2762 5783 2887 5836 sicut
2927 5787 3252 5855 prwdirimus
3303 5790 3438 5843 vobis
3479 5799 3522 5844 et
3565 5790 3824 5862 testiﬁcati
