4106 6208
317 311 426 370 625

317 439 513 480 sumas.
538 422 723 493 Neque
740 422 883 479 enim
914 423 1129 493 impune
1155 424 1269 480 hac
1289 440 1529 495 agemus,
1553 442 1727 496 neque
1752 436 1893 481 tanta

315 517 558 569 fruemur
592 514 864 585 voluptate
905 524 1160 586 quantum
1203 518 1499 573 subibimus
1551 519 1892 589 supplicium.

315 607 372 660 7.
404 602 529 659 Non
557 605 691 659 enim
719 607 912 660 vocavit
943 623 1035 661 nos
1068 607 1200 662 Deus
1220 609 1273 661 in
1302 608 1693 676 immunditiam,
1725 610 1816 663 sed
1842 609 1896 663 in

314 698 789 765 sanctiﬁcationem.
823 698 1084 765 Quoniam
1112 700 1344 766 dixerat,
1378 700 1638 768 Fratrem,
1677 712 1732 757 et
1763 703 1894 758 sub-

310 793 562 857 junxerat
581 791 746 845 Deum
764 806 884 846 esse
903 791 1187 857 vindicem,
1203 793 1496 849 ostendens
1517 794 1658 864 quod
1684 795 1892 850 etiamsi

315 883 419 937 hoc
442 896 629 951 passus
658 882 815 937 luerit
840 882 1089 949 inﬁdelis,
1119 897 1305 954 ptenas
1344 883 1492 938 dabit
1538 883 1584 939 is
1629 885 1715 954 qui
1747 883 1892 948 fecit,

317 976 389 1028 ita
414 972 551 1030 dixit
577 992 590 1026 :
614 972 731 1028 Non
758 973 905 1028 illum
935 973 1211 1029 vindicans
1242 984 1293 1029 te
1318 975 1491 1045 punit,
1520 974 1615 1029 scd
1644 974 1895 1044 quoniam

317 1066 490 1133 ipsum
545 1064 872 1119 contumelia
921 1063 1181 1119 aﬁecisti:
1210 1065 1323 1133 ipse
1373 1073 1424 1118 te
1473 1065 1728 1119 vocavit:
1769 1078 1894 1117 eum

317 1160 406 1226 qui
483 1167 535 1212 te
603 1157 813 1212 vocavit
890 1156 1113 1212 all'ecisti
1188 1157 1533 1212 contumelia.
1606 1156 1896 1225 Propterea

315 1247 588 1316 subjuuxit
620 1266 632 1301 :
678 1247 733 1304 8.
775 1244 955 1316 Itaque
994 1247 1082 1316 qui
1112 1249 1220 1301 hac
1255 1246 1468 1317 spernit,
1505 1263 1606 1301 non
1644 1246 1896 1299 hominem

316 1340 526 1406 spernit,
572 1338 661 1393 sed
704 1338 886 1405 Deum,
931 1339 1018 1408 qui
1053 1340 1207 1394 etiam
1256 1340 1393 1393 dedit
1441 1339 1702 1409 Spiritum
1746 1354 1896 1393 suum

316 1440 543 1485 sanctum
588 1437 643 1485 in
669 1431 832 1486 nobis.
859 1430 1221 1499 Quamobrem
1246 1447 1341 1487 seu
1374 1431 1612 1499 reginam
1636 1445 1897 1501 corrupe-

316 1523 407 1587 ris,
465 1538 562 1578 seu
615 1523 865 1579 ancillam
910 1533 1051 1578 tuam
1096 1540 1215 1595 quze
1259 1526 1376 1579 viro
1422 1525 1623 1595 nupsit,
1671 1539 1766 1594 par
1814 1532 1899 1579 est

315 1614 541 1668 crimen.
579 1613 793 1679 Quare?
831 1615 1093 1681 Quoniam
1125 1633 1228 1669 non
1261 1631 1517 1685 personas
1556 1631 1675 1686 qua:
1706 1615 1897 1685 injuria

315 1704 624 1759 afﬁciuntur
654 1706 949 1773 ulciscitur,
974 1707 1068 1761 sed
1097 1709 1371 1777 seipsum:
1401 1716 1455 1761 tu
1482 1708 1623 1761 enim
1648 1707 1900 1761 similiter

314 1810 375 1850 es
428 1795 698 1865 pollutus;
759 1797 926 1851 Deum
980 1798 1229 1851 similiter
1275 1797 1499 1852 ali'ecisti
1549 1796 1892 1852 contumelia.

314 1885 449 1941 Nam
493 1897 549 1942 et
587 1888 689 1944 hoc
714 1897 768 1943 et
796 1888 922 1943 illud
948 1898 1032 1944 est
1061 1889 1405 1955 adulterium,
1436 1892 1554 1959 quia
1596 1898 1654 1944 et
1699 1889 1800 1945 hoc
1843 1898 1899 1945 et

318 1979 447 2033 illud
477 1989 560 2034 est
591 1981 1012 2038 matrimooium.
1040 1982 1264 2036 Etiamsi
1305 1997 1412 2036 non
1449 1981 1765 2037 adulterium
1804 1980 1898 2035 ad-

314 2073 545 2138 miseris,
599 2072 693 2127 sed
750 2073 827 2128 sis
870 2083 1154 2136 scortatus,
1216 2074 1426 2128 etiamsi
1486 2074 1734 2128 maritum
1792 2088 1896 2127 non

316 2160 512 2216 habeat
564 2164 847 2230 meretrix,
908 2163 1046 2219 Deus
1092 2174 1267 2219 tamen
1322 2164 1586 2228 vindieat,
1642 2164 1895 2234 quoniam

316 2252 550 2322 seipsum
590 2253 864 2309 vindicat:
899 2270 1004 2310 non
1041 2256 1182 2310 enim
1212 2264 1318 2310 tam
1346 2255 1495 2309 illum
1523 2270 1684 2325 quam
1728 2256 1896 2310 Deum

317 2344 619 2413 despiciens
656 2346 758 2400 hoc
799 2345 948 2401 facis.
984 2345 1041 2401 Id
1057 2357 1234 2402 autem
1262 2346 1387 2401 hinc
1423 2346 1595 2416 palam
1621 2355 1724 2407 est.
1754 2347 1895 2415 quod

319 2436 465 2490 illum
505 2438 717 2506 quidem
755 2438 929 2493 latens
954 2438 1105 2504 facis,
1139 2439 1305 2494 Deum
1335 2450 1513 2494 autem
1560 2453 1664 2495 non
1716 2440 1898 2495 videre

319 2541 428 2595 pra:
458 2535 507 2580 te
535 2525 666 2582 fers.
707 2526 954 2594 Namplie
978 2528 1131 2595 mihi,
1160 2528 1205 2582 si
1233 2529 1350 2598 quis
1380 2544 1611 2599 purpura
1640 2531 1709 2585 ab
1731 2530 1899 2600 Impe-

318 2630 496 2673 ratore
526 2620 794 2689 dignatus,
827 2632 879 2675 et
903 2621 1008 2675 alio
1034 2620 1240 2676 honore
1266 2621 1514 2690 plurimo,
1544 2630 1597 2678 et
1620 2622 1802 2691 jussus
1823 2622 1899 2676 vi-

319 2725 445 2765 vere
459 2726 556 2781 pro
576 2711 797 2767 honoris
820 2713 1099 2783 dignitate,
1119 2713 1376 2769 recedens
1401 2715 1633 2785 aliquam
1660 2714 1900 2770 vitiasset

319 2802 597 2858 mulierem
618 2846 633 2870 ,
662 2819 951 2873 quemnam
976 2804 1242 2861 all'ecisset
1269 2806 1632 2861 contumelia?
1663 2807 1895 2872 illamue,

317 2909 387 2947 an
434 2894 813 2964 imperatorem
854 2896 945 2966 qui
981 2895 1162 2951 dedit?
1204 2894 1538 2952 Contumelia
1574 2898 1789 2967 quidem
1824 2899 1902 2950 al-

321 2987 459 3042 l'ecta
507 2997 590 3042 est
630 2995 685 3043 et
740 2987 852 3051 illa,
901 2988 995 3043 sed
1043 2982 1149 3043 non
1198 2989 1479 3044 similiter.
1514 2991 1895 3058 Quamobrem,

321 3093 473 3147 rogo,
495 3092 776 3133 caveamus
800 3078 903 3133 hoc
930 3090 1227 3148 peccatum.
1251 3080 1400 3135 Sicut
1419 3081 1560 3134 enim
1580 3094 1678 3135 nos
1702 3095 1901 3135 uxores

322 3168 593 3237 ponimus,
633 3168 846 3237 quando
884 3169 1160 3224 nobiscum
1195 3170 1493 3224 ltabitantes
1538 3171 1740 3241 seipsas
1783 3171 1902 3226 aliis

322 3258 604 3312 dederint:
638 3260 706 3312 ita
747 3273 848 3314 nos
876 3275 1087 3330 quoque
1127 3260 1395 3329 punimur,
1428 3260 1473 3314 si
1500 3276 1606 3315 non
1631 3276 1659 3313 a
1693 3261 1898 3331 legibus

325 3349 807 3423 [Romanorum],
851 3367 880 3406 a
923 3353 1032 3408 Deo
1072 3352 1286 3422 quidem
1329 3363 1497 3408 certe.
1540 3353 1753 3410 Etenim
1801 3355 1905 3410 hoe

323 3457 535 3511 quoque
571 3451 654 3497 est
699 3444 1043 3497 adulterium.
1080 3444 1413 3500 Adulterium
1458 3455 1542 3499 est
1586 3446 1751 3508 enim.
1798 3462 1901 3499 nou

324 3533 500 3586 solum
527 3532 571 3587 si
602 3534 717 3587 viro
744 3535 1029 3605 eonjuncta
1069 3539 1387 3604 mmchetur,
1425 3538 1519 3591 sed
1548 3539 1708 3592 etiam
1742 3539 1785 3592 si
1819 3539 1906 3594 ille

322 3626 573 3695 alligatus
592 3628 660 3681 sit
679 3628 855 3682 uxori.
876 3628 1074 3681 Exacte
1101 3628 1318 3681 attende
1341 3628 1480 3696 quod
1511 3629 1630 3682 dico
1656 3646 1669 3683 :
1697 3630 1906 3684 etiamsi

326 3718 469 3787 quod
512 3718 706 3773 dicitur
747 3718 929 3772 multis
958 3720 1025 3774 sit
1061 3732 1224 3789 grave
1249 3732 1313 3772 ac
1348 3718 1653 3784 molestum,
1687 3735 1907 3776 necesse

328 3821 413 3865 est
459 3819 633 3865 tamen
680 3810 880 3877 dicere,
931 3822 988 3865 ut
1034 3810 1088 3864 in
1136 3817 1406 3879 posterum
1445 3810 1749 3880 corrigaris.
1791 3810 1906 3866 Non

328 3903 502 3957 soluat
529 3914 613 3958 est
636 3903 981 3967 adulterium,
1013 3902 1230 3973 quando
1259 3902 1373 3956 viro
1402 3902 1743 3972 conjunctam
1784 3918 1906 3959 cor-

332 3994 627 4062 rumpimus
664 3994 961 4057 mulierem,
1008 3992 1103 4048 sed
1145 4000 1200 4048 et
1244 3993 1288 4046 si
1336 3992 1555 4047 liberam
1591 4004 1645 4047 et
1677 3994 1907 4049 solutam

331 4085 430 4152 Ipsi
461 4084 660 4153 alligati
689 4085 860 4150 uxori,
891 4099 952 4140 ea
983 4099 1070 4138 res
1098 4092 1182 4137 est
1211 4084 1553 4138 adulterium.
1581 4084 1716 4153 Quid
1741 4088 1904 4149 enim,

329 4174 376 4227 si
400 4174 951 4243 qummmchaturuon
975 4181 1056 4228 est
1082 4173 1335 4242 alligata?
1367 4177 1435 4228 At
1466 4183 1521 4227 tu
1551 4190 1610 4229 es
1634 4176 1903 4245 alligatus,

331 4266 504 4335 legem
535 4280 594 4319 es
618 4274 1001 4334 transgressus,
1026 4264 1216 4334 injuria
1249 4265 1472 4319 at'fecisti
1500 4280 1715 4319 carnem
1740 4276 1904 4320 tuam.

328 4354 467 4411 Nam
505 4371 622 4424 cur,
667 4356 754 4412 dic
796 4355 946 4421 mihi,
980 4371 1202 4411 uxorem
1225 4358 1400 4425 punis,
1432 4357 1476 4410 si
1498 4365 1728 4410 seortata
1757 4357 1914 4410 fuerit

329 4463 455 4502 cum
499 4447 715 4504 homine
744 4449 934 4514 libero,
964 4464 1063 4504 nec
1095 4448 1327 4504 habente
1362 4449 1621 4503 uxorem?
1649 4448 1909 4516 Quoniam

328 4549 418 4594 est
442 4541 778 4605 adulterium.
811 4543 969 4610 Atqui
1000 4541 1090 4611 qui
1121 4555 1243 4624 cum
1271 4556 1335 4595 ea
1355 4549 1440 4595 est
1470 4549 1757 4602 scortatus,
1806 4555 1909 4594 non

332 4630 497 4686 habet
542 4646 799 4697 uxorem;
846 4631 940 4686 sed
986 4633 1099 4701 ipsa
1138 4632 1253 4687 viro
1286 4640 1372 4685 cst
1412 4631 1646 4699 alligata.
1678 4631 1815 4699 Ergo
1859 4638 1912 4683 tu

328 4736 547 4792 quoque
587 4723 833 4792 alligatus
858 4738 918 4779 es
948 4723 1121 4777 uxori.
1152 4723 1510 4790 Quamobrem
1550 4731 1605 4775 et
1634 4721 1774 4791 quod
1804 4738 1829 4773 a
1864 4732 1915 4777 te

330 4815 414 4874 tit,
438 4820 519 4866 est
542 4812 788 4866 similiter
817 4812 1160 4867 adulterium.
1188 4812 1290 4879 Qui
1318 4812 1530 4872 dimisit,
1561 4811 1752 4880 inquit,
1783 4827 1915 4866 uxo-

328 4918 441 4955 rem
477 4917 622 4969 suam
656 4912 995 4973 prwterquam
1029 4901 1384 4972 fornicationis
1422 4916 1599 4965 causa,
1642 4902 1764 4971 facit
1805 4918 1915 4956 eam

331 4991 608 5054 max/tari;
636 5002 683 5046 et
710 4993 796 5062 qui
820 4992 1082 5046 dimissam
1108 4992 1266 5057 ducit,
1300 4990 1575 5045 attrahatur
1598 4988 1815 5060 (Matth.
1860 4993 1911 5046 5.

328 5079 453 5150 53).
488 5081 543 5137 Si
575 5082 620 5136 is
658 5083 747 5152 qui
788 5082 1065 5136 dimissam
1105 5081 1251 5136 ducit
1291 5096 1534 5144 uxorem,
1577 5082 1915 5137 mmchatur:

328 5176 425 5242 qui
453 5185 535 5229 est
560 5190 680 5228 cunt
722 5191 816 5229 sua
865 5190 1051 5238 uxore,
1096 5176 1140 5228 si
1192 5176 1335 5228 illam
1381 5176 1696 5244 corrumpit,
1736 5192 1913 5230 annon

330 5265 505 5320 inulto
535 5266 703 5336 magis
742 5265 1086 5321 mmehatur?
1111 5265 1294 5320 Cuivis
1322 5274 1467 5320 certe
1491 5265 1659 5334 palam
1681 5277 1782 5321 est.
1811 5267 1915 5322 Sed

329 5356 491 5411 vobis
516 5358 731 5426 quidem
763 5358 894 5413 viris
924 5358 1037 5412 haec
1069 5358 1201 5412 satis
1222 5358 1363 5412 dicta
1386 5367 1582 5411 sunto:
1611 5373 1731 5412 nam
1762 5358 1829 5413 de
1850 5359 1914 5412 iis

326 5445 425 5516 qui
473 5456 599 5501 sunt
639 5447 945 5517 hujusmodi
994 5447 1240 5502 Christus
1281 5462 1496 5518 quoque
1532 5448 1682 5513 dicit,
1726 5447 1917 5502 Vcrmis

330 5553 511 5590 eorum
535 5554 637 5591 non
673 5540 934 5604 morietur,
963 5548 1010 5592 et
1042 5539 1175 5608 ignis
1210 5554 1310 5593 non
1344 5542 1691 5610 exstinguetur
1720 5538 1913 5613 (Marc.

330 5631 388 5682 υ.
428 5628 542 5700 44).
590 5630 815 5700 PrOpter
841 5630 1064 5700 juvenes
1101 5641 1280 5688 autem
1311 5631 1463 5688 vobis
1489 5632 1669 5688 dicere
1708 5640 1790 5686 est
1820 5646 1917 5686 ne-

330 5736 521 5786 ces~e;
573 5723 679 5775 imo
732 5738 835 5776 non
885 5731 1088 5778 tantum
1154 5732 1371 5794 propter
1439 5723 1578 5790 illos,
1654 5732 1909 5794 quantum

1136 310 1200 364 IN
1240 310 1452 367 EPIST.
1497 312 1535 368 Ι.
1580 317 1667 370 ΑΙ)
1706 316 2037 375 THESSAL.
2077 318 2230 373 CAP.
2275 316 2359 371 IV.
2402 317 2631 373 HOMIL.
2679 320 2740 375 V.

3477 341 3579 395 626

2007 440 2222 499 propter
2261 447 2357 486 vos
2390 450 2404 487 :
2435 448 2538 488 non
2580 434 2686 491 illis
2726 438 2889 503 enim,
2938 416 3032 497 sed
3079 446 3227 501 vobis
3258 449 3354 504 ista
3383 465 3580 509 conve-

2004 520 2186 587 niunt;
2218 532 2271 577 et
2291 524 2579 593 quomodo,
2603 526 2713 595 jam
2740 526 2935 586 dicam.
2960 531 3058 600 Qui
3082 549 3188 591 non
3209 537 3395 596 didicit
3422 557 3576 599 seor-

2004 615 2127 679 tari,
2152 629 2219 670 ne
2240 616 2557 673 adulterium
2587 620 2802 690 quidem
2829 623 2963 678 sciet
2989 626 3306 699 admittere;
3338 635 3427 704 qui
3455 650 3577 691 eum

2007 707 2377 798 meretricibus
2394 709 2660 766 volutatus
2679 722 2781 775 est,
2800 713 2866 769 ad
2886 713 2989 772 hoc
3009 733 3220 789 quoque
3236 722 3343 779 cito
3363 727 3539 783 veniet
3559 746 3575 798 ;

2000 794 2205 849 etiamsi
2236 813 2339 851 non
2362 812 2484 854 cum
2508 800 2622 856 viro
2650 803 2970 874 conjunctis,
2995 808 3089 864 sed
3111 825 3231 867 eum
3253 815 3441 872 solutis
3463 794 3577 876 stu;

2002 885 2081 954 pri
2105 886 2320 943 habebit
2340 891 2798 947 consuetudinem.

2069 976 2123 1033 5.
2164 977 2308 1044 Quid
2358 995 2487 1050 ergo
2543 983 2786 1039 suadeo?
2832 985 2902 1043 Ut
2958 989 3164 1047 radices
3217 997 3575 1065 exseindatis,

1999 1066 2319 1138 quicumque
2359 1070 2495 1126 ﬁlios
2536 1074 2743 1128 habetis
2770 1076 3030 1148 juvenes,
3073 1094 3125 1137 et
3154 1085 3221 1140 ad
3259 1091 3579 1148 mundanam

2001 1157 2160 1212 vitam
2186 1172 2281 1213 eos
2304 1159 2530 1216 educitis
2549 1203 2564 1229 ,
2607 1164 2715 1218 cito
2739 1180 2833 1221 eos
2852 1168 3057 1239 jungite
3076 1171 3206 1243 jugo
3235 1181 3579 1238 matrimonii.

2000 1247 2131 1302 Nam
2158 1251 2371 1320 quando
2401 1251 2577 1309 adhuc
2607 1254 2791 1325 juveni
2818 1260 3115 1317 molestiam
3143 1265 3398 1324 exhibent
3439 1271 3582 1327 desi-

2000 1337 2182 1402 deria,
2210 1354 2276 1394 eo
2323 1341 2536 1411 quidem
2579 1352 2820 1414 tempore
2848 1348 2986 1417 quod
3018 1353 3270 1419 praecedit
3316 1360 3582 1416 matrimo-

2002 1429 2171 1497 nium,
2203 1430 2320 1485 illos
2342 1435 2615 1489 continete
2642 1435 3093 1494 admonitionibus
3116 1483 3131 1508 ,
3164 1445 3342 1511 minis,
3375 1451 3584 1505 terrori-

2003 1520 2126 1586 bus,
2161 1523 2455 1592 promissis,
2479 1534 2534 1580 et
2558 1526 2679 1581 aliis
2707 1527 3186 1589 innumerabilibus
3216 1552 3230 1589 :
3260 1537 3312 1592 in
3344 1547 3583 1611 tempore

2002 1619 2177 1666 autem
2204 1614 2525 1669 matrimonii
2556 1631 2714 1672 nemo
2742 1618 2951 1675 differat
2983 1626 3001 1692 (
3034 1640 3156 1679 ecce
3194 1627 3382 1697 loquor
3423 1633 3583 1688 verba

2004 1702 2259 1770 pronuba:
2283 1704 2300 1774 )
2328 1704 2465 1759 ﬁlios
2493 1707 2813 1779 conjungere
2843 1720 2897 1765 et
2916 1716 3190 1780 copulare.
3219 1717 3323 1774 Sed
3360 1736 3445 1776 me
3474 1739 3581 1779 non

2003 1792 2165 1861 pudet
2188 1794 2306 1849 haec
2336 1797 2514 1852 dicere
2545 1816 2557 1851 :
2590 1816 2709 1853 nam
2740 1816 2838 1857 nec
2877 1804 3063 1873 puduit
3113 1804 3333 1866 Paulum
3380 1812 3578 1882 dicere,

2007 1881 2091 1938 Ne
2115 1884 2362 1954 fraudetis
2386 1903 2474 1942 ros
2516 1889 2724 1944 invicem
2752 1892 2771 1962 (
2794 1893 2844 1947 l.
2873 1893 2991 1948 Cor.
3021 1896 3072 1950 7.
3105 1897 3182 1968 5),
3211 1902 3350 1969 quod
3377 1903 3588 1963 videtur.

2004 1974 2262 2043 majorem
2304 1992 2461 2045 quam
2493 1981 2593 2033 hoc
2624 1979 2814 2036 aﬂ‘erre
2845 1984 3101 2052 pudorem
3128 2005 3143 2053 ;
3188 1990 3282 2045 sed
3325 2008 3447 2048 eum
3474 2010 3597 2051 nou.

2003 2065 2210 2134 puduit.
2240 2065 2354 2120 Non
2408 2069 2549 2123 enim
2594 2072 2750 2124 verba
2804 2073 3065 2144 attendit,
3094 2076 3189 2134 sed
3230 2095 3317 2135 res
3344 2091 3398 2138 et
3444 2082 3581 2140 facta

2005 2173 2125 2227 qua!
2153 2171 2183 2211 a
2216 2158 2391 2213 verbis
2421 2161 2847 2229 proﬁciscuntur.

2070 2250 2287 2305 Juvencs
2324 2253 2423 2306 cito
2463 2257 2715 2309 connubio
2742 2257 3015 2328 jaugeudi.
3040 2291 3111 2301 —
3130 2263 3263 2319 Cum
3294 2281 3424 2338 ergo
3453 2284 3582 2338 puer

1999 2343 2261 2406 creverit,
2292 2352 2574 2412 antequant
2623 2357 2860 2402 sectetur
2888 2350 3129 2407 militiam
3161 2364 3212 2408 et
3241 2356 3403 2411 ullum
3440 2360 3589 2414 aliud

2002 2436 2122 2489 vitae
2166 2450 2334 2506 genus
2358 2479 2371 2500 ,
2421 2437 2489 2493 de
2522 2439 2637 2507 ejus
2663 2443 3004 2498 matrimonio
3030 2461 3213 2502 curam
3260 2466 3405 2519 gere.
3442 2452 3583 2507 Etsi

2002 2525 2092 2581 ille
2137 2526 2328 2581 viderit
2357 2528 2499 2597 quod
2546 2544 2797 2598 sponsam
2847 2533 2954 2588 cito
2983 2535 3048 2589 ad
3077 2553 3199 2592 eum
3240 2542 3461 2597 adducis
3483 2585 3496 2607 ,
3529 2555 3586 2599 (ι

2000 2616 2141 2686 quod
2172 2617 2331 2672 breve
2376 2621 2585 2688 tempus
2617 2620 2949 2688 intercedat,
2980 2625 3188 2682 fortiter
3217 2633 3414 2697 poterit
3440 2633 3583 2690 ferre

2004 2707 2269 2762 ﬂammam
2301 2724 2316 2762 :
2350 2709 2430 2763 sin
2457 2720 2631 2764 autem
2664 2712 2714 2765 iu
2747 2725 2984 2769 mentem
3013 2718 3060 2771 ei
3093 2722 3300 2776 venerit
3335 2727 3475 2793 quod
3507 2728 3592 2783 sis.

2002 2813 2184 2854 socors
2250 2810 2306 2857 et
2365 2803 2672 2872 negligens,
2742 2807 3116 2879 cuucterisque
3166 2822 3220 2866 et
3281 2828 3595 2885 exspectes,

2003 2891 2173 2946 donec
2200 2908 2421 2963 magnos
2452 2896 2710 2960 possideat
2741 2911 3031 2967 proventus
3056 2943 3070 2967 ,
3099 2914 3159 2957 ut
3188 2912 3313 2960 tunc
3343 2908 3391 2961 ei
3420 2923 3577 2978 pares

2005 2984 2213 3053 nuptias
2234 3024 2249 3049 ,
2290 2984 2358 3039 ob
2384 2986 2640 3054 temporis
2675 2987 3057 3058 longitudinem
3088 2994 3322 3049 animum
3348 2996 3583 3067 deSpnu-

2004 3073 2173 3140 deus,
2200 3076 2308 3128 cito
2349 3076 2556 3130 labetur
2592 3076 2656 3129 ad
2703 3081 3104 3135 scortationem.
3152 3082 3260 3139 Sed
3303 3085 3387 3140 hei
3419 3088 3587 3143 mihi!

2005 3165 2153 3220 radix
2196 3167 2456 3221 malorum
2497 3178 2579 3222 est
2632 3169 2718 3224 hic
2743 3187 2955 3242 quoque
2998 3176 3239 3231 avaritia.
3270 3175 3399 3233 Nam
3449 3196 3593 3250 quoa

2008 3256 2149 3310 niam
2192 3257 2320 3312 nulli
2370 3266 2452 3313 est
2499 3273 2644 3313 cura:
2694 3262 2964 3330 quomodo
3006 3274 3310 3335 temperans
3362 3278 3418 3325 et
3461 3252 3581 3326 mo:-

2006 3345 2188 3400 destus
2234 3345 2326 3401 ﬁat
2375 3347 2552 3413 Illius,
2600 3349 2697 3404 sed
2742 3359 2989 3407 tenentur
3021 3369 3210 3411 omnes
3253 3358 3440 3415 insano
3469 3364 3603 3416 auri.

2008 3452 2221 3503 amore,
2257 3437 2358 3493 hac
2394 3438 2461 3494 de
2488 3454 2648 3496 causa
2677 3439 2800 3496 huic
2841 3444 2917 3498 rei
2949 3459 3108 3501 nemo
3138 3449 3336 3505 studet.
3385 3452 3584 3519 Quam-

2009 3528 2191 3584 obrem
2223 3543 2355 3601 rogo
2384 3530 2611 3600 primum
2640 3573 2655 3598 ,
2689 3540 2747 3587 ut
2775 3547 2961 3589 eorum
2990 3536 3198 3593 animos
3227 3544 3582 3611 componatis.

2009 3621 2063 3676 Si
2116 3622 2259 3676 enim
2308 3623 2375 3677 ad
2426 3631 2627 3677 castam
2680 3638 2931 3694 sponsam
2985 3632 3317 3698 accesserit,
3370 3634 3414 3688 si
3446 3634 3605 3691 illius.

2010 3714 2185 3769 solum
2214 3728 2409 3784 corpus
2439 3714 2663 3783 viderit,
2692 3726 2749 3772 et
2773 3718 3062 3775 vehemens
3089 3722 3192 3777 erit
3218 3721 3542 3781 desiderium
3568 3770 3587 3793 ,

2012 3816 2063 3860 et
2115 3806 2285 3876 major
2331 3806 2423 3861 Dei
2454 3815 2631 3862 metus
2660 3826 2675 3862 :
2704 3817 2758 3864 et
2788 3825 2913 3865 vere
2959 3810 3272 3870 honorabile
3309 3819 3590 3873 matrimo-

2015 3897 2194 3961 nium,
2240 3897 2435 3952 munda
2464 3905 2521 3953 et
2564 3898 2835 3968 impolluta
2885 3915 3110 3971 corpora
3154 3905 3453 3976 suscipiens
3482 3923 3499 3972 ;
3532 3918 3604 3965 et.

2013 4004 2131 4057 quae
2180 3998 2467 4044 nascentur
2524 3997 2681 4044 erunt
2736 3990 2892 4060 plena
2945 3994 3110 4048 multa
3159 3996 3533 4055 benedictione
3574 4016 3605 4064 ς-

2013 4091 2067 4136 et
2093 4082 2228 4136 alter
2264 4082 2417 4136 alteri
2444 4082 2641 4137 cedent
2674 4097 2904 4152 sponsus
2946 4095 3001 4139 et
3034 4100 3271 4155 sponsa:
3301 4104 3421 4144 nam
3470 4107 3590 4146 cum

2017 4187 2223 4227 morum
2255 4173 2549 4228 alienorum
2581 4177 2793 4243 utrique
2823 4176 2929 4229 sint
2952 4176 3213 4244 imperiti,
3244 4179 3595 4248 subjicientur

2015 4263 2149 4317 alter
2194 4262 2371 4317 alteri.
2419 4260 2608 4315 Iunior
2644 4273 2820 4316 autem
2866 4264 3126 4333 incipiens
3167 4265 3412 4323 lascivire
3455 4279 3505 4323 et
3536 4285 3595 4327 se

2017 4351 2213 4406 dedere
2259 4349 2462 4403 libidini
2487 4391 2503 4414 ,
2522 4358 2528 4364 ‘
2550 4358 2605 4404 et
2636 4364 2842 4404 morum
2868 4352 3294 4408 meretriciorum
3324 4357 3604 4427 accipiens

2015 4441 2399 4512 experientiam
2426 4482 2440 4505 ,
2475 4455 2639 4510 usque
2662 4440 2726 4495 ad
2759 4442 2982 4508 primam
3009 4453 3065 4496 et
3090 4427 3376 4500 secundam
3406 4463 3595 4518 veSpe-

2018 4550 2131 4588 ram
2160 4530 2393 4586 laudabit
2421 4547 2571 4587 suam
2600 4547 2822 4587 uxorem
2846 4549 2861 4597 ;
2908 4544 3090 4603 postea
3120 4544 3297 4590 autem
3330 4538 3438 4592 cito
3460 4538 3596 4594 dila—

2018 4626 2175 4681 betur
2215 4624 2283 4679 ad
2328 4624 2470 4678 illam
2519 4623 2822 4688 lasciviam,
2872 4624 2938 4679 ad
2967 4624 3130 4679 risum
3159 4625 3386 4683 effusum
3416 4639 3471 4685 et
3496 4631 3596 4686 im-

2021 4718 2315 4772 modestum
2341 4757 2357 4783 ,
2385 4732 2630 4787 quarens
2658 4716 2816 4771 verba
2842 4717 3007 4771 multa
3036 4717 3394 4777 illiberalitate
3421 4723 3596 4791 plena,

2019 4810 2212 4865 molles
2259 4817 2314 4864 et
2361 4809 2557 4864 fractos
2598 4815 2816 4879 gestus,
2849 4816 2903 4864 et
2941 4822 3159 4864 omnem
3186 4811 3344 4866 aliam
3374 4813 3599 4882 turpitu-

2020 4900 2231 4963 dinem,
2262 4912 2421 4969 quam
2456 4908 2515 4953 ut
2549 4897 2790 4954 dicamus
2813 4940 2829 4965 ,
2863 4898 3082 4955 minime
3116 4908 3198 4955 est
3241 4902 3607 4959 tolerandum.

2023 4992 2251 5061 lngenua
2277 4998 2453 5044 autem
2501 5001 2607 5044 non
2637 4989 2866 5043 Sustinet
2918 4988 3036 5043 h;ce
3086 4989 3380 5058 exhibere,
3423 5007 3594 5064 neque

2022 5097 2081 5138 se
2127 5082 2297 5152 ipsam
2345 5080 2644 5151 inquinare.
2700 5078 2777 5134 Ad
2826 5080 2949 5135 vita:
2992 5079 3136 5135 enim
3187 5083 3498 5138 societatem
3544 5094 3601 5139 et

2025 5175 2311 5228 liberorum
2337 5172 2759 5241 procreationem
2789 5171 2903 5226 viro
2927 5169 3025 5226 l‘uit
3047 5170 3310 5240 desponsa
3335 5212 3351 5238 ,
3400 5188 3505 5227 non
3534 5172 3603 5228 ad

2025 5263 2404 5332 turpitudinem
2426 5271 2481 5319 et
2507 5263 2708 5318 risum:
2742 5272 2799 5317 ut
2821 5262 3038 5317 domum
3068 5263 3353 5330 custodiat,
3377 5271 3434 5319 ut
3453 5264 3601 5320 illum

2022 5372 2234 5429 quoque
2260 5356 2468 5411 erudiat
2492 5370 2615 5412 esse
2645 5356 2926 5410 honestum
2946 5394 2962 5418 ,
2992 5368 3099 5408 non
3129 5363 3185 5408 ut
3214 5354 3318 5424 ipsi
3348 5355 3600 5412 exhibeat

2024 5449 2256 5505 fomenta
2296 5447 2656 5503 seortationis.
2713 5448 2780 5500 At
2819 5442 3037 5514 jucundi
3071 5444 3163 5500 tibi
3206 5445 3455 5501 videntur
3504 5462 3601 5517 ge-

2023 5551 2136 5594 stus
2151 5537 2462 5595 meretricii.
2479 5536 2603 5593 Seio
2623 5555 2636 5592 :
2659 5551 2782 5591 nam
2800 5536 2902 5591 hoc
2922 5549 3133 5606 quoque
3150 5534 3279 5592 dicit
3293 5535 3566 5608 Scriptura
3589 5555 3605 5591 :

2025 5628 2132 5685 Mel
2157 5628 2371 5684 distillat
2391 5645 2422 5682 α
2443 5627 2589 5683 labiis
2614 5627 2889 5682 meretricis
2916 5624 3106 5700 (Prov.
3139 5627 3195 5683 5.
3227 5625 3320 5697 5).
3353 5627 3603 5696 Propter-

2028 5738 2091 5781 ea
2121 5721 2264 5779 enim
2310 5721 2423 5779 haec
2468 5719 2643 5776 omnia
2688 5718 2861 5786 facio,
2912 5733 2979 5775 ne
3024 5718 3162 5775 illius
3207 5718 3381 5775 mellis
3429 5718 3606 5788 capias
