4106 6208
463 302 558 356 (.27
1161 304 1218 359 S.
1256 300 1532 358 JOANNIS
1567 298 2034 355 CllllYSOSTOMl
2074 299 2387 356 ARCIllEP.
2426 298 2956 357 CONSTANTINOP.

462 423 846 490 expct‘ientinttt
877 438 890 474 :
924 420 975 475 in
1025 419 1096 474 fel
1140 417 1282 473 enim
1328 415 1506 469 statim
1553 412 1796 469 vertitur.
1834 412 1903 467 Et
1944 411 2045 467 hoc

463 531 674 586 quoque
702 513 831 568 dicit
859 511 1132 581 Scriptura
1162 526 1176 562 :
1208 506 1335 574 Qua:
1369 506 1436 558 ad
1463 514 1658 575 tempus
1691 511 1832 557 tuum
1871 510 2047 573 guttur

464 608 787 677 impingunt;
833 614 1006 674 postea
1061 607 1225 654 autem
1269 595 1388 666 felle
1437 596 1663 649 amarius
1700 593 1954 657 inuenies,
2000 600 2046 643 et

464 699 673 767 «tricipiti
701 696 872 768 gladio
901 694 1060 764 magis
1085 699 1286 745 acutum
1313 687 1332 753 (
1358 686 1513 742 Prov.
1542 686 1576 742 5
1625 686 1660 741 4
1684 685 1724 753 ).

532 788 872 862 Clirysostomi
893 786 1058 839 cantio
1072 826 1088 849 ,
1110 798 1223 837 cum
1243 784 1305 835 de
1324 780 1472 836 rebus
1493 777 1765 845 impudicis
1786 774 2041 846 loquitur.

461 913 533 923 ——
569 881 704 948 Quid
734 878 906 933 dicis?
937 877 1094 931 Ferte
1130 888 1216 929 me
1243 871 1440 941 aliquid
1472 869 1633 926 etiam
1661 865 1995 922 immundum
2023 905 2039 929 ,

464 982 520 1027 ut
548 974 618 1027 ita
647 972 819 1026 dicam
842 1011 858 1035 ,
890 969 1197 1037 loquentem
1225 1004 1241 1028 ,
1288 971 1342 1018 et
1371 960 1712 1030 impudenter
1738 972 1825 1011 tne
1852 970 2044 1026 geren-

464 1079 568 1121 tem
590 1107 605 1132 ,
637 1062 1000 1136 pudoremque
1025 1066 1079 1114 et
1107 1056 1358 1112 ruborem
1387 1061 1676 1108 exuentem
1706 1067 1721 1104 :
1762 1063 1871 1104 non
1901 1046 2044 1101 enim

466 1159 651 1213 lubens
686 1155 799 1210 lucc
830 1154 1001 1223 patior
1019 1193 1034 1215 ,
1064 1148 1158 1204 scd
1188 1154 1406 1217 propter
1435 1159 1529 1199 eos
1558 1157 1694 1213 quos
1719 1155 1900 1196 rerum
1932 1153 2043 1193 non

464 1251 664 1319 pudet,
711 1263 875 1316 cogor
919 1243 1079 1298 verba
1121 1240 1322 1296 dicere.
1366 1236 1526 1292 Multa
1573 1244 1753 1289 autem
1798 1230 2046 1286 videmus

460 1339 721 1409 t'jttSlthdl
752 1337 910 1391 etiam
945 1334 995 1387 in
1028 1329 1341 1419 Scripturis.
1374 1327 1507 1382 Nam
1539 1323 1785 1380 Ezechiel
1831 1334 2044 1391 quoque

460 1430 758 1486 Jerusalem
786 1424 1114 1495 exprobrans
1135 1412 1446 1475 inulta'dicit
1472 1412 1759 1487 ejusmodi,
1786 1427 1886 1469 nec
1914 1427 2041 1467 eru-

465 1521 668 1585 bescit;
695 1528 747 1574 et
775 1517 1001 1572 merito:
1027 1529 1135 1569 non
1165 1512 1309 1568 enim
1334 1526 1399 1566 ea
1426 1509 1636 1564 dicebat
1662 1522 1726 1562 ex
1757 1521 1848 1560 sua
1879 1504 2041 1559 animi

460 1612 769 1677 affectione,
792 1609 885 1664 sed
909 1623 976 1663 ex
1000 1621 1128 1662 cura
1150 1616 1205 1660 et
1226 1602 1573 1673 providentia.
1602 1599 1737 1654 Nam
1755 1598 1859 1654 etsi
1882 1596 2041 1651 verba

460 1704 709 1758 videntur
737 1716 859 1757 esse
893 1698 1171 1756 indecora,
1192 1707 1298 1749 non
1312 1701 1400 1750 est
1427 1702 1603 1749 tamen
1653 1704 1848 1760 scopus
1888 1687 2040 1743 inde-

467 1809 626 1849 corus
651 1834 668 1858 ,
698 1792 791 1847 sed
819 1795 977 1844 etiam
1006 1787 1162 1842 valde
1192 1785 1519 1841 conveniens
1539 1782 1592 1839 ei
1614 1782 1702 1851 qni
1733 1781 1842 1833 vult
1863 1777 2043 1849 expel-

467 1887 577 1941 lere
612 1883 778 1937 animi
822 1878 1258 1935 immunditiam:
1293 1892 1415 1930 nam
1446 1875 1546 1929 nisi
1590 1873 1702 1942 ipsa
1742 1872 1901 1925 verba
1941 1885 2040 1924 au-

459 1978 616 2032 dierit
657 1974 939 2045 impudens
984 1972 1231 2033 animus,
1279 1967 1484 2036 pudore
1530 1980 1641 2020 non
1686 1961 2030 2018 suffunditur.

466 2067 675 2123 Etenim
714 2064 956 2121 medicus
983 2076 1195 2132 quoque
1223 2059 1409 2114 volens
1436 2057 1634 2128 ejicere
1660 2054 1994 2125 putredinem
2021 2094 2041 2119 ,

461 2160 654 2229 digitos
678 2159 823 2229 prius
849 2156 1084 2210 immittit
1104 2154 1155 2208 iu
1181 2153 1390 2217 vulnus,
1419 2161 1474 2206 et
1502 2149 1609 2205 nisi
1632 2148 1777 2218 prius
1802 2147 2043 2217 inquinet

465 2265 660 2305 manus
695 2264 814 2319 quae
844 2246 1125 2302 medentur
1149 2285 1164 2307 ,
1210 2259 1316 2298 non
1348 2240 1546 2312 poterit
1573 2237 1796 2295 mederi.
1836 2236 1911 2292 lta
1941 2250 2041 2306 ego

460 2356 693 2411 quoque,
722 2339 827 2393 nisi
851 2337 997 2407 prius
1020 2351 1084 2391 os
1109 2333 1382 2404 iuquinem
1409 2330 1553 2403 quod
1576 2330 1769 2386 vestris
1794 2327 2040 2383 medetur

459 2433 639 2498 vitiis,
673 2447 776 2485 non
806 2439 993 2501 potero
1031 2428 1183 2483 vobis
1210 2425 1436 2481 mederi.
1475 2423 1589 2479 lmo
1631 2436 1765 2477 vero
1806 2435 1907 2475 nec
1936 2419 2039 2474 hoc

462 2524 771 2594 inquinatur
792 2564 813 2589 ,
856 2536 956 2576 nec
995 2520 1102 2575 illa:
1131 2534 1344 2574 manus.
1375 2515 1595 2583 Quare?
1618 2513 1883 2583 Quoniam
1931 2526 2043 2568 non

460 2626 544 2672 est
580 2616 835 2671 naturalis
866 2612 1199 2669 immunditia
1220 2651 1236 2677 ,
1268 2624 1443 2680 neque
1469 2623 1536 2663 ex
1562 2615 1755 2663 nostro
1773 2618 2001 2674 corpore
2020 2644 2039 2669 ,

458 2711 598 2764 sicut
621 2722 721 2763 nec
749 2708 856 2762 illic
877 2722 944 2761 ex
971 2703 1218 2760 manibus
1242 2701 1407 2768 illius,
1432 2697 1530 2755 sed
1557 2714 1622 2754 ex
1654 2697 1845 2752 alienis
1864 2710 2042 2751 mem~

460 2802 591 2856 bris.
629 2798 686 2855 Si
711 2807 887 2853 autem
919 2796 1007 2851 ubi
1036 2803 1123 2851 est
1151 2793 1385 2849 alienum
1412 2804 1607 2861 corpus
1626 2830 1642 2856 ,
1676 2804 1789 2844 non
1826 2795 2041 2843 recusat

458 2894 549 2947 ille
574 2906 698 2946 suas
724 2903 913 2943 manus
953 2887 1160 2957 tingere
1189 2902 1204 2939 :
1233 2884 1322 2940 ubi
1366 2891 1611 2938 nostrum
1636 2921 1653 2949 ,
1681 2880 1794 2945 dic,
1816 2891 2037 2949 quaeso,

461 2979 868 3037 recusabimus?
906 2992 1105 3048 corpus
1129 2976 1272 3031 enim
1303 2982 1549 3029 nostrum
1595 2970 1726 3027 estis
1758 2985 1856 3025 vos
1879 3010 1895 3036 ,
1929 2969 2037 3024 ima

460 3073 707 3129 beeillum
735 3069 950 3142 quidem
976 3077 1027 3124 et
1055 3064 1411 3130 immundum,
1443 3062 1538 3118 sed
1567 3069 1744 3116 tamen
1769 3068 2035 3115 nostrum.

505 3165 583 3234 4.
616 3161 756 3229 Quid
773 3170 1002 3229 estergo
1026 3155 1171 3228 quod
1196 3155 1340 3217 dico.
1367 3164 1422 3209 et
1438 3168 1536 3209 cur
1558 3154 1697 3207 hanc
1722 3150 1821 3206 feci
1849 3150 2041 3204 admo-t

459 3252 740 3309 nitioncm?
772 3249 987 3306 Vestem
1009 3248 1222 3318 quidem
1256 3261 1414 3318 quam
1442 3244 1603 3300 habet
1632 3258 1843 3309 servus,
1872 3257 2033 3297 num-

457 3358 617 3415 quam
665 3343 804 3398 ferre
846 3344 898 3397 in
946 3342 1180 3397 animum
1224 3339 1530 3406 induxeris,
1580 3352 1700 3394 eam
1740 3336 2041 3391 abhorrens

460 3445 674 3508 propter
701 3434 921 3501 sordes;
953 3434 1048 3488 sed
1091 3432 1344 3487 malueris
1369 3445 1490 3487 esse
1516 3429 1691 3485 nudus
1711 3469 1728 3496 ,
1755 3443 1913 3499 quam
1948 3427 2036 3482 illa

462 3529 533 3582 uti
566 3546 580 3581 :
614 3541 842 3595 corpore
883 3533 1058 3580 autem
1106 3523 1382 3578 imtnundo
1418 3532 1474 3576 et
1520 3521 1739 3576 sordido
1760 3561 1776 3585 ,
1811 3529 1865 3575 et
1895 3518 2035 3589 quod

460 3636 566 3673 non
613 3618 786 3673 solum
815 3630 970 3673 servo
1001 3628 1090 3671 tuo
1117 3657 1133 3681 ,
1182 3614 1276 3670 sed
1303 3611 1464 3669 etiam
1506 3611 1625 3666 aliis
1666 3610 2036 3665 innumerabi-

457 3713 595 3766 libus
625 3720 708 3766 est
739 3713 853 3766 usui
878 3749 894 3775 ,
931 3709 1169 3764 abuteris
1188 3750 1204 3775 ,
1232 3718 1285 3762 et
1310 3723 1416 3760 non
1440 3703 1799 3760 abborrebis‘!
1825 3703 2038 3758 Pudore

456 3804 631 3858 affecti
660 3804 790 3858 estis
815 3800 1138 3856 audientes?
1187 3797 1294 3853 Sed
1326 3797 1378 3852 in
1421 3795 1579 3852 factis
1616 3795 1819 3864 pudore
1861 3792 2033 3850 afﬁci-

461 3895 612 3960 miui,
641 3908 746 3946 non
774 3893 828 3946 in
859 3891 1054 3944 verbis.
1079 3889 1195 3942 Alia
1224 3888 1403 3942 omnia
1430 3886 1782 3957 przetermitto
1809 3901 1823 3938 :
1852 3899 2037 3940 mores

458 3998 737 4054 perversos
761 3992 815 4036 et
839 3982 1095 4051 impuros,
1128 3978 1347 4047 reliqua:
1376 3977 1499 4031 vita:
1526 3975 1747 4045 agenda:
1776 3976 2028 4031 servilem

460 4091 512 4132 et
540 4068 852 4131 illiberalem
879 4073 1162 4128 rationem.
1206 4071 1302 4127 Die
1323 4069 1477 4136 mihi,
1503 4079 1556 4125 tu
1583 4068 1827 4124 eamdem
1852 4068 1955 4123 inis
1982 4078 2038 4124 et

456 4183 643 4222 servus
676 4165 834 4220 tuus?
863 4171 920 4219 et
955 4163 1155 4217 utinam
1197 4161 1345 4217 solus
1373 4174 1560 4216 servus
1623 4168 1745 4215 tuus
1766 4199 1783 4224 ,
1833 4166 1889 4214 et
1928 4173 2034 4213 non

456 4261 619 4315 etiam
646 4257 881 4312 carnifex
927 4253 1188 4324 publicus.
1220 4251 1288 4306 Et
1314 4249 1582 4308 carnificis
1604 4249 1819 4320 quidem
1849 4265 2038 4305 manus

457 4361 643 4407 tenere
672 4364 777 4403 non
810 4346 1032 4422 tuleris:
1063 4360 1181 4401 eam
1208 4353 1386 4399 autem
1412 4384 1427 4405 ,
1456 4357 1575 4412 quae
1606 4357 1768 4396 unum
1796 4356 1917 4397 cum
1942 4343 2037 4399 illo

456 4456 652 4511 corpus
684 4440 821 4495 facta
848 4448 932 4493 est
956 4478 973 4503 ,
1001 4436 1344 4506 amplecteris
1376 4444 1429 4488 et
1457 4434 1817 4501 exoscularis,
1845 4443 1899 4489 et
1926 4450 2033 4490 non

455 4539 663 4597 borres,
696 4547 800 4587 non
829 4529 1136 4586 extimescis
1160 4569 1177 4595 ,
1223 4544 1328 4583 ιιοί
1360 4527 1560 4597 pudore
1606 4527 1837 4583 afficeris
1862 4569 1876 4594 ,
1927 4544 2032 4583 non

455 4626 728 4683 erubescis
750 4666 768 4693 ,
797 4638 901 4679 non
933 4623 1144 4692 attgeris
1175 4636 1240 4676 ac
1266 4620 1649 4675 conturbaris?
1679 4619 1795 4674 Dixi
1816 4619 2031 4689 quidem

456 4716 768 4787 parentibus
794 4715 987 4771 vestris
1030 4721 1088 4767 ut
1111 4727 1210 4767 vos
1236 4712 1344 4766 cito
1383 4710 1644 4766 ducerent
1678 4710 1744 4765 ad
1773 4711 1985 4780 nuptias
2016 4732 2030 4767 :

456 4808 553 4864 sed
581 4819 759 4863 tamen
788 4820 890 4862 nec
914 4818 1010 4860 vos
1040 4801 1257 4873 quidem
1286 4802 1415 4857 estis
1442 4816 1548 4856 non
1573 4800 1790 4856 obnoxii
1820 4800 2033 4870 suppli-

454 4899 563 4954 cio.
602 4895 739 4952 Nam
776 4896 824 4951 si
850 4909 959 4951 non
986 4894 1078 4949 alii
1106 4902 1290 4949 essent
1334 4891 1490 4946 multi
1531 4891 1897 4947 adolescentes
1929 4906 2032 4960 pu-

454 4990 577 5045 dice
601 4995 658 5045 et
678 4997 827 5043 caste
850 4986 1090 5041 viventes
1113 5025 1129 5049 ,
1159 4992 1215 5038 et
1254 4984 1382 5037 olim
1409 4991 1465 5038 et
1493 4997 1633 5038 nunc
1649 5023 1665 5050 ,
1708 4989 1855 5038 esset
1882 4982 2034 5038 vobis

455 5084 684 5134 fortasse
734 5076 911 5147 aliqua
958 5073 1233 5130 excusatio
1285 5087 1352 5128 ac
1402 5071 1645 5128 defensio
1693 5088 1709 5129 :
1760 5071 1806 5126 si
1855 5079 2034 5126 autem

453 5177 615 5233 sunt,
666 5165 937 5238 quomodo
980 5164 1224 5237 poteritis
1268 5163 1452 5219 dicere
1499 5176 1607 5217 non
1651 5162 1891 5233 potuisse
1937 5177 2032 5218 vos

453 5259 709 5315 cohibere
735 5257 1003 5313 ﬂammam
1042 5253 1350 5327 cupidinis?
1392 5250 1476 5308 llli
1507 5267 1604 5308 vos
1651 5261 1907 5309 accusant
1942 5252 2033 5324 qui

454 5357 781 5420 potuerunt,
840 5348 985 5418 quod
1028 5347 1136 5403 sint
1190 5343 1433 5416 ejusdem
1481 5354 1686 5399 natura:
1718 5343 2030 5415 participes.

456 5438 652 5494 Audite
675 5437 897 5495 Paulum
924 5437 1191 5493 dicentem
1220 5453 1234 5491 :
1263 5433 1541 5490 Sectentim'
1566 5450 1743 5504 pacem
1767 5444 1814 5489 et
1839 5434 2031 5488 sancti-

456 5530 743 5596 ﬁcationem
766 5568 783 5594 ,
823 5529 932 5584 sine
974 5543 1075 5600 qua
1116 5541 1263 5583 nemo
1291 5523 1475 5580 uidebit
1516 5522 1790 5580 Dominum
1820 5522 2027 5596 (Hebr.

461 5620 547 5677 ιε.
589 5622 700 5693 Η).
728 5620 846 5678 Non
874 5619 1145 5678 sufficiunt
1187 5619 1271 5676 lue
1297 5618 1456 5676 mina:
1481 5616 1550 5675 ad
1574 5632 1669 5675 vos
1708 5616 2032 5676 terrendos?

3634 301 3739 359 423

2157 413 2318 467 \‘ides
2345 414 2484 469 alios
2524 425 2782 485 perpetuo
2806 431 2928 473 esse
2955 417 3178 487 pudicos
3197 458 3214 484 ,
3257 428 3513 491 casteque
3544 430 3601 476 et
3640 421 3737 476 bu-

2152 517 2303 562 neste
2332 508 2528 578 degere
2557 527 2573 575 ;
2600 519 2655 565 et
2677 518 2732 565 tu
2761 527 2829 565 ne
2856 511 2922 566 ad
2948 512 3246 580 juventutis
3271 513 3489 583 quidem
3519 525 3734 584 tempus

2152 608 2204 653 te
2237 596 2448 654 fortiter
2494 601 2683 670 geris?
2731 601 2882 657 vides
2917 603 3061 658 alios
3108 619 3235 659 cum
3283 605 3558 674 voluptate
3612 622 3736 663 esse

2151 688 2347 744 millies
2373 690 2689 748 colluctatos
2716 708 2732 757 ;
2766 701 2823 748 et
2848 702 2905 748 tu
2928 708 2998 748 ne
3024 695 3196 749 semel
3219 696 3435 766 quidem
3460 698 3737 752 sustines?

2148 780 2206 836 Si
2240 781 2419 846 vultis,
2448 781 2621 838 dicam
2646 799 2883 840 causam.
2925 785 3043 840 Non
3070 787 3215 840 enim
3244 803 3405 843 causa
3430 800 3513 844 est
3534 790 3740 858 juven-

2152 879 2238 925 tus
2281 889 2295 926 :
2344 871 2543 942 alioqui
2579 887 2769 928 omnes
2807 874 3036 944 juvenes
3086 875 3246 931 futuri
3288 889 3444 934 erant
3479 881 3737 951 impudici

2150 971 2208 1017 et
2232 963 2665 1021 incontinentes:
2699 967 2794 1023 sed
2830 981 2931 1024 nos
2957 970 3102 1040 ipsus
3137 970 3190 1024 in
3219 987 3405 1042 rogum
3438 974 3733 1043 iujicimus.

2149 1054 2375 1122 Quando
2441 1058 2585 1112 enim
2608 1058 2661 1112 in
2713 1059 2979 1116 theatrum
3024 1062 3370 1131 ascenderis,
3414 1075 3471 1120 et
3525 1066 3737 1122 sederis

2150 1145 2308 1201 nudis
2338 1148 2619 1203 mulierum
2648 1150 2907 1207 membris
2931 1167 3159 1222 pascens
3180 1155 3366 1211 oculos
3387 1197 3404 1222 ,
3426 1156 3494 1214 ad
3523 1168 3735 1229 tempus

2147 1236 2364 1305 quidem
2413 1239 2646 1306 lmtaris;
2691 1252 2873 1310 postea
2923 1253 3101 1300 autem
3143 1247 3292 1304 illiue
3340 1265 3586 1321 magnam
3629 1253 3733 1309 alis

2150 1326 2371 1383 febrem.
2431 1331 2563 1386 Cum
2605 1332 2804 1389 videris
2844 1336 3094 1391 mulieres
3134 1345 3400 1409 tamquam
3448 1341 3501 1395 in
3549 1344 3734 1412 specie

2148 1423 2392 1492 corporis
2419 1434 2760 1494 apparentes,
2804 1436 2859 1484 et
2901 1430 3204 1499 spectacula
3250 1440 3306 1486 et
3334 1433 3540 1488 cantica
3565 1474 3582 1500 ,
3609 1451 3733 1503 quae

2149 1511 2279 1566 nihil
2313 1513 2453 1568 aliud
2495 1514 2695 1572 habent
2721 1532 2881 1588 quam
2913 1534 3127 1577 amores
3172 1520 3451 1589 nefarios;
3495 1540 3728 1595 nempe:

2149 1601 2276 1668 Illa,
2308 1604 2501 1674 inquit,
2533 1605 2674 1663 hunc
2711 1610 2945 1674 amavit,
2989 1619 3046 1666 et
3071 1627 3177 1666 non
3208 1621 3286 1668 est
3315 1615 3515 1684 potitus
3537 1657 3552 1680 ,
3587 1627 3640 1671 et
3667 1631 3731 1673 se

2146 1693 2465 1761 sulloeavit;
2518 1708 2573 1752 et
2621 1698 2689 1752 ad
2741 1709 2942 1756 matres
2987 1700 3223 1758 nefarios
3281 1703 3563 1762 devolutos
3606 1724 3732 1765 esse

2145 1801 2357 1842 amores
2386 1806 2400 1841 :
2442 1790 2658 1859 quando
2686 1798 2742 1847 et
2770 1794 2988 1848 auribus
3018 1794 3136 1851 base
3176 1798 3452 1868 acceperis
3480 1841 3495 1864 ,
3548 1811 3601 1856 et
3631 1817 3732 1872 per

2147 1879 2417 1946 mulieres,
2447 1890 2502 1935 et
2528 1896 2623 1951 per
2646 1892 2849 1953 gestus,
2881 1883 3097 1940 habitus
3117 1896 3171 1942 et
3203 1887 3400 1957 figuras
3418 1929 3435 1956 ,
3460 1890 3571 1961 jam
3599 1908 3731 1947 vero

2146 1971 2305 2026 etiam
2339 1987 2433 2040 per
2462 1973 2606 2030 viros
2633 1991 2833 2043 senes;
2865 1978 3016 2033 multi
3041 1979 3183 2035 enim
3225 1981 3387 2037 larvis
3416 1984 3519 2038 sibi
3554 1985 3730 2057 impo-

2145 2063 2263 2118 sitis
2292 2065 2398 2119 illic
2426 2076 2588 2136 agunt
2617 2068 2866 2126 mulieres
2898 2089 2911 2125 :
2944 2073 3213 2142 quomodo
3242 2077 3442 2144 poteris
3466 2079 3576 2148 jam
3606 2096 3730 2138 esse

2148 2154 2368 2222 pudicus
2397 2166 2453 2211 et
2479 2166 2786 2227 temperans
2807 2203 2821 2224 ,
2847 2178 2969 2217 cum
3002 2164 3089 2218 illa
3116 2169 3416 2234 spectacula
3448 2210 3466 2236 ,
3494 2171 3596 2228 illze
3625 2190 3727 2229 au-

2144 2244 2375 2304 ditiones
2421 2250 2658 2306 animum
2705 2262 2854 2309 tuum
2898 2266 3162 2327 occupent
3206 2274 3269 2314 ac
3331 2260 3627 2333 detineant,
3670 2279 3731 2323 et

2145 2349 2329 2407 postea
2374 2341 2495 2396 talia
2538 2344 2746 2399 somnia
2775 2346 3090 2418 excipiant?
3130 2365 3162 2404 a
3210 2361 3401 2408 natura
3449 2356 3590 2411 enim
3642 2370 3729 2415 est

2146 2428 2363 2485 insitum
2413 2439 2471 2487 ut
2515 2433 2727 2490 animus
2771 2437 2934 2491 multa
2982 2439 3243 2510 ejusmodi
3276 2444 3484 2502 visione
3526 2464 3725 2520 apprc-

2147 2521 2347 2575 bendat
2374 2563 2393 2587 ,
2417 2522 2715 2591 cujusmodi
2746 2525 2975 2584 interdiu
2995 2530 3108 2587 vult
3132 2542 3185 2588 et
3211 2537 3560 2608 concupiscit.
3590 2542 3723 2598 Cum

2144 2624 2273 2680 ergo
2303 2613 2411 2668 illic
2448 2624 2503 2670 et
2531 2630 2619 2671 res
2665 2618 2949 2676 obscaenas
2991 2622 3197 2689 videas,
3236 2635 3290 2681 et
3334 2628 3493 2683 verba
3540 2632 3728 2687 audias

2144 2701 2501 2768 obscmniora,
2519 2715 2575 2761 et
2592 2707 2811 2764 vulnera
2831 2711 3044 2780 quidem
3065 2715 3317 2784 accipias,
3342 2720 3725 2779 medicamenta

2142 2802 2320 2848 autem
2349 2809 2451 2850 non
2480 2794 2724 2866 imponas
2748 2815 2762 2852 :
2787 2800 2877 2870 qui
2909 2802 3020 2856 fieri
3049 2813 3225 2872 potest
3246 2815 3303 2861 ut
3332 2823 3437 2863 non
3466 2824 3727 2881 augeatur

2145 2882 2370 2952 putredo
2394 2924 2409 2951 ,
2442 2895 2496 2940 et
2523 2887 2743 2944 morbus
2771 2906 2876 2945 non
2909 2891 3238 2959 intendatur,
3270 2906 3324 2952 et
3353 2899 3523 2954 multo
3551 2904 3724 2975 magis

2143 2988 2301 3043 quam
2330 2976 2381 3029 in
2412 2978 2611 3034 nostris
2639 2981 2991 3050 corporibus?
3029 2983 3262 3042 Facilius
3289 2991 3454 3054 enim,
3485 2992 3531 3045 si
3562 2995 3726 3050 velle-

2144 3081 2263 3120 mus
2284 3106 2301 3132 ,
2339 3082 2500 3135 quam
2523 3083 2748 3138 corpora
2775 3113 2791 3137 ,
2836 3073 3062 3129 liberum
3092 3078 3371 3135 arbitrium
3419 3085 3719 3154 susciperet

2142 3159 2554 3214 correctionem.
2597 3160 2730 3216 Nam
2761 3162 2868 3217 illic
2896 3165 3110 3234 quidem
3137 3177 3193 3223 et
3221 3171 3625 3230 medicamentis
3666 3188 3723 3233 et

2146 3247 2376 3302 medicis
2406 3259 2461 3304 et
2490 3261 2729 3321 tempore
2757 3268 2895 3323 opus
2920 3265 3005 3311 est
3029 3274 3043 3310 :
3089 3258 3174 3314 bic
3201 3271 3378 3316 autem
3412 3265 3607 3320 sufficit
3634 3309 3649 3334 ,
3675 3271 3721 3323 si

2143 3337 2395 3403 volueris,
2425 3349 2481 3394 et
2508 3339 2681 3396 bonus
2709 3358 2830 3400 esse
2855 3353 2910 3400 et
2937 3348 3130 3403 malus.
3171 3350 3527 3419 Quamobrem
3571 3374 3724 3413 mor-

2143 3426 2269 3485 bum
2296 3430 2469 3501 magis
2494 3433 2770 3503 accepisti.
2814 3435 2948 3492 Cum
2979 3454 3107 3508 ergo
3135 3457 3198 3496 ea
3226 3459 3346 3512 qua:
3375 3446 3571 3502 latdttnl
3604 3450 3724 3520 qui-

2141 3520 2264 3576 dem
2289 3524 2629 3593 congerimus
2655 3568 2670 3591 ,
2718 3542 2904 3584 eorum
2935 3545 3112 3587 autem
3145 3549 3264 3605 qua:
3300 3536 3488 3606 juvant
3520 3541 3719 3597 nullam

2141 3611 2387 3668 ducimus
2418 3615 2680 3672 rationem
2707 3659 2723 3684 ,
2750 3620 2967 3689 quando
3015 3624 3116 3678 erit
3164 3626 3272 3681 ulla
3301 3629 3545 3685 sanitas?
3587 3632 3722 3687 Pro-

2144 3713 2328 3774 pterea
2345 3705 2543 3763 Paulus
2559 3722 2773 3780 quoque
2788 3710 2995 3768 dicebat
3018 3732 3032 3767 :
3057 3715 3207 3770 Sicut
3229 3728 3398 3789 gentes
3417 3738 3532 3790 qua:
3555 3722 3721 3778 Deum

2141 3811 2244 3849 nou
2273 3808 2477 3852 norunt.
2506 3799 2718 3856 Pudore
2744 3802 3136 3872 suffundamur,
3166 3817 3373 3866 terrore
3395 3812 3711 3882 afficiantur,

2140 3886 2184 3939 si
2214 3897 2402 3957 gentes
2441 3904 2559 3958 quae
2601 3889 2768 3946 Deum
2799 3908 2903 3948 non
2943 3906 3135 3951 norunt
3175 3912 3321 3969 saepe
3351 3911 3478 3956 sunt
3514 3903 3720 3972 pudica:

2140 3989 2194 4033 et
2246 3988 2649 4048 temperantes;
2702 3984 3083 4043 erubescamus
3133 4005 3254 4045 cum
3307 3991 3412 4048 illis
3461 3993 3721 4052 fuerimus

2140 4069 2455 4127 deteriores.
2488 4071 2668 4129 Facile
2687 4084 2771 4130 est
2797 4076 2853 4130 in
2881 4078 3133 4148 pudicitia
3161 4090 3213 4136 et
3244 4087 3590 4153 temperantia
3621 4104 3722 4142 nos

2143 4170 2287 4216 recte
2312 4177 2523 4230 gerere,
2554 4165 2601 4219 si
2627 4166 2853 4221 velimus
2873 4209 2889 4232 ,
2932 4168 2976 4223 si
3006 4185 3105 4225 nos
3134 4173 3277 4241 ipsos
3298 4174 3625 4233 abducamus
3650 4181 3721 4234 ab

2141 4254 2209 4309 iis
2237 4270 2357 4324 qua:
2387 4255 2587 4311 lmduut
2615 4276 2630 4312 :
2660 4258 2855 4328 alioqui
2897 4276 2998 4316 nec
3041 4265 3424 4321 scortationem
3455 4267 3611 4325 facile
3637 4282 3721 4326 est

2141 4343 2326 4414 fugere
2352 4385 2369 4412 ,
2398 4348 2441 4401 si
2471 4348 2723 4405 nolimus.
2771 4350 2908 4416 Quid
2936 4360 3021 4406 est
3046 4354 3189 4408 enim
3214 4342 3427 4413 facilius
3451 4374 3608 4429 quam
3638 4361 3721 4416 ire

2141 4433 2209 4489 ad
2238 4435 2453 4490 forum?
2478 4437 2573 4491 sed
2612 4438 2682 4493 ob
2710 4450 2946 4495 nostram
2976 4441 3239 4512 ignaviam
3270 4458 3325 4502 et
3353 4450 3630 4505 mollitiem
3659 4452 3719 4506 fit

2140 4522 2379 4589 difficile,
2415 4539 2518 4579 non
2546 4527 2718 4580 solum
2756 4529 3000 4596 feminis,
3055 4532 3149 4587 sed
3180 4535 3342 4589 etiam
3388 4537 3541 4593 viris.
3581 4539 3717 4608 Quid

2141 4612 2347 4669 facilius
2387 4632 2545 4685 quam
2593 4617 2872 4674 dormire?
2912 4621 3008 4676 sed
3058 4623 3159 4679 hoc
3186 4640 3399 4697 quoque
3448 4630 3721 4687 eﬂ'eeiums

2139 4706 2378 4762 difficile.
2412 4707 2561 4763 Multi
2587 4709 2800 4780 quidem
2842 4724 2990 4768 certe
3023 4714 3218 4771 divites
3253 4726 3362 4772 tota
3410 4730 3568 4776 nocte
3609 4722 3719 4776 cir-

2140 4807 2493 4867 cumaguntur
2520 4839 2535 4862 ,
2562 4814 2629 4855 eo
2654 4800 2798 4871 quod
2823 4817 2929 4858 non
2956 4816 3269 4875 exspectent
3299 4824 3452 4865 usum
3496 4814 3669 4867 somni
3697 4856 3715 4881 ,

2140 4895 2197 4943 et
2224 4895 2349 4943 tunc
2391 4889 2680 4944 dormiant.
2728 4890 2799 4946 Et
2825 4893 2878 4946 in
2908 4909 3117 4950 summa
3164 4898 3300 4953 nibil
3339 4910 3423 4956 est
3461 4901 3712 4971 difficile,

2138 4977 2184 5032 si
2221 4993 2321 5032 nos
2347 4979 2609 5046 velimus;
2635 4981 2766 5036 nibil
2797 4981 2969 5050 facile,
2998 4985 3042 5038 si
3070 4987 3303 5042 nolimus
3328 5006 3343 5043 :
3371 4993 3551 5046 omnia
3575 4994 3722 5048 enim

2140 5077 2265 5123 sunt
2310 5068 2361 5123 in
2414 5079 2594 5125 nostra
2652 5082 2939 5140 potestate.
2991 5076 3285 5147 Propterea
3333 5081 3463 5138 dicit
3505 5100 3725 5155 quoque

2140 5158 2415 5228 Scriptura
2440 5200 2456 5223 ,
2489 5161 2552 5216 Si
2589 5164 2752 5219 vetitis
2774 5205 2791 5229 ,
2835 5166 3008 5237 inquit
3030 5209 3046 5235 ,
3096 5181 3146 5225 et
3173 5188 3252 5225 me
3288 5174 3555 5246 audiatis(
3585 5176 3724 5232 lani.

2142 5249 2195 5302 l.
2235 5249 2327 5317 l9)
2351 5265 2368 5310 ;
2396 5258 2453 5304 et
2479 5266 2666 5307 rursus
2689 5294 2707 5320 ,
2736 5254 2799 5308 Si
2826 5256 3021 5325 nolitis,
3050 5276 3141 5313 nec
3161 5277 3240 5315 me
3258 5262 3500 5320 audiatis.
3530 5266 3725 5323 Totum

2138 5356 2268 5412 ergo
2300 5343 2461 5396 situm
2484 5353 2570 5399 est
2596 5344 2651 5399 in
2698 5361 2766 5401 eo
2793 5348 2937 5418 quod
2966 5359 3051 5406 est
3092 5353 3230 5409 velle
3271 5364 3329 5410 et
3368 5357 3517 5414 nolle
3545 5376 3563 5415 :
3593 5374 3724 5428 pro-

2142 5441 2326 5503 pterea
2348 5440 2404 5487 et
2430 5433 2677 5503 punimur
2697 5445 2752 5492 et
2777 5436 3076 5495 laudamur.
3105 5440 3260 5498 Faxit
3280 5454 3461 5503 autem
3489 5448 3647 5512 Deus,
3665 5456 3723 5503 ut

2139 5536 2262 5577 cum
2282 5519 2541 5579 fuerimus
2562 5538 2631 5579 ex
2659 5524 2726 5582 iis
2747 5526 2837 5597 qui
2864 5527 3170 5595 laudantur,
3196 5547 3550 5606 assequamur
3576 5537 3717 5593 bona

2150 5615 2431 5683 promissa,
2460 5616 2628 5688 gratia
2658 5626 2714 5676 et
2741 5619 3070 5691 benignitate
3092 5665 3107 5690 ,
3138 5632 3244 5679 etc.

1958 5767 2207 5777 .._—.___.
