4106 6208
455 230 556 286 6Ξ9

1282 228 1347 283 ΙΝ
1383 227 1593 284 EPIST.
1639 228 1654 281 l
1720 226 1813 283 AD
1852 224 2179 282 THESSAL.
2218 227 2370 284 CAP.
2413 229 2497 285 IV.
2539 232 2769 290 HOMIL.
2814 234 2898 289 Vl.

1963 359 2907 399 ________________'___,

3614 245 3717 300 (50

3324 377 3660 394 ‘_-_~._4—_

1864 430 2195 492 HOMILIA
2244 435 2348 496 Vl.

445 584 576 639 CAP.
637 584 689 638 6.
743 598 795 636 v.
847 581 905 639 9.
951 579 1031 637 De
1075 583 1286 636 caritate
1330 592 1497 634 autem
1549 580 1879 651 fraternitatis
1926 595 2025 631 non

517 675 785 729 habuimus
809 690 1008 729 necesse
1030 674 1245 728 scribere
1273 673 1409 726 robis
1437 689 1454 725 :
1478 671 1575 738 ipsi
1599 672 1729 723 enim
1758 688 1839 723 eos
1865 688 1894 721 a
1919 668 2025 721 Deo

519 764 765 818 didicistis
790 773 843 817 ut
861 756 1083 832 diligatis
1103 763 1335 816 invicem.
1366 761 1451 816 10.
1484 758 1684 814 Etenim
1707 760 1836 812 illud
1858 760 2024 829 facitis

518 857 572 910 in
601 870 772 910 omnes
802 859 985 925 fratres
1014 855 1065 907 in
1090 856 1320 908 universa
1355 852 1676 907 Macedonia.

518 949 571 1002 1.
608 947 901 1013 Quamnam
930 944 1000 998 oh
1034 959 1268 1009 causan,
1302 958 1423 998 cum
1468 942 1535 997 de
1578 940 1926 1009 temperantia
1968 950 2022 993 et

445 1038 696 1107 pudicitia
725 1046 832 1090 tam
854 1035 1199 1091 vehementer
1220 1035 1585 1098 disseruisset,
1615 1045 1669 1088 et
1693 1032 1835 1103 quod
1863 1047 2023 1100 opor—

448 1134 557 1183 teat
582 1127 793 1196 operari
820 1135 962 1181 esset
989 1126 1383 1193 disceptaturas
1411 1167 1424 1183 .
1476 1135 1529 1178 et
1555 1124 1694 1193 quod
1729 1140 1832 1176 nou
1862 1139 2022 1191 opor-

451 1226 558 1272 teat
603 1215 789 1270 dolore
844 1214 982 1268 allici
1032 1214 1102 1268 oh
1141 1229 1235 1268 eos
1282 1213 1372 1283 qui
1418 1213 1768 1267 decesserunt
1817 1229 1829 1263 :
1878 1210 2018 1280 quod

450 1310 714 1363 honorum
760 1308 997 1361 omnium
1041 1315 1125 1361 est
1171 1316 1368 1376 caput,
1407 1320 1599 1374 nempe
1641 1305 1869 1370 caritas,
1920 1302 2020 1357 hoc

448 1399 595 1468 ponit
646 1398 764 1451 aliis
820 1396 1112 1451 derelictis.
1172 1396 1291 1449 Non
1336 1411 1575 1461 necesse,
1622 1395 1826 1465 inquit,
1861 1395 2016 1447 habe-

446 1505 557 1542 mus
587 1490 657 1541 ad
689 1503 774 1542 vos
796 1487 1056 1541 scribere?
1108 1486 1271 1556 quue
1324 1503 1390 1540 ex
1431 1488 1595 1541 multa
1640 1487 1916 1555 prudentia
1966 1494 2019 1538 et

443 1581 707 1652 spirituali
761 1581 1024 1636 doctrina.
1080 1580 1193 1634 Duo
1242 1580 1383 1636 enim
1439 1579 1525 1635 hic
1580 1578 1818 1634 indicat:
1854 1596 2015 1632 unum

444 1675 655 1745 quidem
679 1716 693 1738 ,
727 1673 867 1744 quod
916 1689 1003 1729 res
1048 1682 1130 1728 est
1174 1674 1311 1728 adeo
1351 1673 1650 1729 necessaria
1673 1716 1687 1737 ,
1738 1683 1793 1726 ιιι
1822 1689 1889 1728 ne
1916 1674 2017 1728 do—

444 1767 610 1819 ctrina
654 1765 867 1833 quidem
907 1774 1093 1836 egeat;
1124 1781 1245 1820 nam
1275 1780 1392 1835 qua:
1435 1775 1561 1819 sunt
1600 1764 1751 1819 valde
1801 1781 2014 1834 magna,

445 1867 567 1911 sunt
592 1858 839 1912 omnibus
875 1858 1186 1913 manifesta:
1208 1858 1500 1912 secundum
1526 1867 1722 1923 autem,
1753 1859 1833 1913 eis
1858 1859 2018 1926 majo.

448 1964 558 2002 rem
588 1948 839 2017 pudorem
878 1949 1102 2015 incutit,
1134 1964 1292 2020 quam
1319 1949 1362 2003 si
1389 1948 1753 2004 admonuisset
1797 1950 1896 2003 hoc
1931 1950 2013 2002 di-

446 2054 594 2093 cens.
624 2040 756 2094 Nam
786 2041 874 2110 qui
919 2041 1186 2095 existimat
1215 2054 1310 2095 eos
1356 2056 1413 2095 se
1456 2050 1603 2095 recte
1638 2042 1870 2111 gessisse
1893 2083 1907 2104 ,
1961 2051 2015 2094 et

444 2131 564 2184 ideo
590 2147 693 2185 non
722 2132 1006 2197 admonet;
1033 2133 1078 2186 si
1109 2146 1167 2187 se
1204 2147 1308 2187 non
1337 2144 1482 2187 recte
1504 2134 1814 2202 gessissent,
1845 2134 2013 2203 magis

444 2224 757 2278 induxisset.
804 2223 936 2279 Vide
961 2235 1136 2279 antem
1170 2241 1305 2279 :non
1330 2224 1459 2280 dicit
1484 2226 1552 2280 de
1568 2226 1789 2280 caritate
1818 2228 1868 2280 in
1897 2242 2017 2280 om-

445 2329 559 2380 nes,
593 2315 683 2369 sed
726 2314 793 2370 de
817 2315 1037 2371 caritate
1064 2316 1115 2369 in
1154 2317 1367 2372 fratres.
1398 2317 1517 2371 Non
1539 2334 1666 2388 Opus
1694 2317 1932 2370 habemus
1951 2317 2019 2369 ad

445 2423 528 2460 uos
552 2406 787 2462 scribere.
828 2407 1052 2476 Oportet
1097 2423 1225 2479 ergo
1264 2409 1424 2464 silere
1453 2418 1507 2465 et
1534 2409 1666 2465 nihil
1713 2409 1893 2464 dicere
1919 2450 1932 2472 ,
1970 2409 2015 2463 si

446 2516 551 2555 non
578 2516 713 2570 opus
742 2502 830 2555 sit.
874 2500 1023 2555 Nunc
1052 2513 1230 2557 autem
1258 2502 1521 2568 dicendo,
1573 2501 1695 2556 Non
1741 2518 1869 2571 opus
1898 2511 1969 2555 est
1994 2540 2011 2568 ,

445 2593 561 2661 plus
583 2591 706 2646 fecit
729 2608 885 2662 quam
906 2593 950 2647 si
977 2591 1215 2648 dixisset.
1242 2597 1271 2646 Ι
1277 2596 1354 2663 psi
1397 2595 1526 2647 enim
1572 2610 1658 2647 vos
1687 2610 1718 2646 a
1751 2591 1855 2647 Deo
1882 2593 2016 2645 didi—

441 2686 599 2739 cistis.
628 2684 759 2740 Vide
787 2694 964 2740 autem
991 2703 1108 2739 cum
1136 2696 1332 2756 quanta
1360 2687 1517 2741 laude
1545 2688 1708 2740 Deum
1735 2687 1853 2756 ejus
1882 2687 2012 2756 ipsis

442 2778 714 2832 doctorem
746 2780 1019 2834 constituit
1048 2796 1061 2831 :
1096 2779 1210 2833 Non
1249 2795 1382 2848 opus
1409 2789 1491 2834 est
1518 2822 1532 2844 ,
1579 2781 1789 2851 inquit,
1836 2790 1892 2832 ut
1919 2795 2012 2833 vos

443 2868 661 2923 discatis
709 2868 776 2923 ah
823 2869 1061 2923 homine.
1100 2870 1250 2936 Quod
1284 2869 1538 2938 pr0pheta
1583 2886 1795 2940 quoque
1842 2870 2016 2924 dicit:

448 2957 511 3011 Et
539 2968 723 3021 erunt,
756 2959 928 3028 inquit
951 3000 967 3024 ,
1001 2975 1173 3012 omnes
1220 2978 1250 3009 a
1293 2958 1398 3012 Deo
1429 2959 1578 3013 docti.
1634 2958 1730 3012 Vas
1752 3002 1766 3025 ,
1805 2961 2010 3028 inquit,

441 3066 614 3103 omnes
638 3066 669 3101 α
695 3048 800 3103 Deo
840 3048 1087 3102 didicistis
1109 3091 1121 3111 ,
1161 3057 1212 3102 ut
1237 3049 1510 3119 diligeretis
1544 3050 1769 3104 invicem.
1817 3048 2014 3104 Etenim

442 3141 572 3193 illud
600 3140 768 3209 facitis
792 3141 846 3193 in
884 3152 1056 3194 omnes
1084 3141 1267 3209 fratres
1289 3184 1303 3201 ,
1343 3140 1427 3206 qui
1452 3148 1568 3193 sunt
1607 3141 1659 3192 in
1699 3150 1802 3193 tota
1843 3140 2014 3193 Mace-

443 3233 597 3285 donia
626 3249 645 3286 :
678 3242 731 3287 et
758 3233 811 3286 in
838 3246 1026 3287 omnes
1055 3233 1190 3287 alios
1217 3274 1231 3297 ,
1262 3233 1456 3303 inquit.
1504 3233 1627 3288 Haec
1658 3232 1812 3287 valde
1840 3233 2001 3299 pudo-

443 3342 555 3379 rem
585 3326 848 3380 incutiunt
891 3326 955 3379 ad
988 3324 1088 3379 hoc
1126 3339 1185 3381 ut
1224 3328 1274 3381 id
1309 3325 1523 3382 faciant.
1588 3326 1653 3380 Et
1695 3342 1798 3380 non
1830 3327 1925 3379 ahs
1956 3342 2013 3378 re

443 3417 565 3470 dico
590 3458 604 3479 ,
637 3418 776 3486 quod
820 3432 849 3472 a
901 3419 1008 3473 Deo
1047 3417 1342 3482 didicistis,
1387 3417 1483 3475 sed
1513 3416 1638 3473 illud
1673 3419 1791 3473 novi
1840 3432 1902 3473 ex
1951 3418 2014 3470 iis

444 3524 562 3576 (10:1:
593 3508 781 3564 facitis.
832 3509 905 3564 De
937 3508 1037 3563 hac
1066 3524 1121 3563 re
1150 3510 1227 3563 eis
1259 3510 1419 3562 multa
1451 3509 1654 3578 pra-bet
1690 3508 2010 3562 teStitnonia.

450 3597 706 3667 Rogamus
732 3609 899 3652 autem
925 3612 1029 3662 vos,
1061 3601 1262 3667 fratres,
1292 3608 1343 3651 ut
1367 3597 1626 3651 abundetis
1644 3600 1822 3668 magis,
1854 3597 1937 3651 11.
1971 3605 2016 3650 et

445 3705 650 3757 operam
663 3690 810 3754 detis,
824 3698 878 3742 ut
893 3690 1046 3759 quieti
1065 3690 1193 3753 sitis,
1215 3699 1258 3742 et
1275 3699 1327 3743 ut
1341 3698 1550 3742 vestrum
1567 3691 1817 3759 negotium
1831 3690 2012 3759 agatis,

446 3790 492 3833 et
522 3782 796 3849 operemini
819 3779 1048 3834 numibus
1079 3781 1274 3846 vestris,
1307 3780 1437 3834 sicut
1465 3781 1793 3848 praecepimus
1839 3779 1974 3833 vobis
1997 3821 2012 3844 ,

448 3882 501 3924 ut
528 3873 729 3925 honeste
761 3870 1025 3925 ambuletis
1063 3870 1131 3924 ad
1157 3886 1240 3925 eos
1270 3871 1356 3941 qui
1378 3869 1503 3939 foris
1545 3880 1660 3924 sunt
1685 3913 1699 3935 ,
1730 3880 1774 3925 et
1826 3871 2017 3923 nullius

445 3964 639 4034 aliquid
664 3963 972 4020 desideratis.
1020 3962 1114 4017 Hic
1142 3964 1376 4017 ostendit
1396 3980 1551 4033 quam
1581 3963 1868 4015 multorum
1899 3979 2014 4015 tua-

451 4056 620 4108 lorum
643 4070 802 4109 causa
829 4055 899 4110 sit
924 4056 1115 4120 otium,
1146 4070 1301 4124 quam
1331 4060 1616 4109 multorum
1643 4065 1818 4110 autem
1850 4055 2013 4108 hono~

451 4161 568 4200 rum
598 4146 868 4215 operatio;
915 4146 1072 4216 idque
1117 4146 1277 4202 efﬁcit
1309 4149 1640 4201 manilestum
1684 4161 1748 4201 ex
1800 4146 1862 4201 iis
1899 4161 2016 4215 quae

450 4246 576 4290 sunt
602 4238 741 4306 apud
769 4252 885 4299 nos,
922 4245 978 4291 ut
1004 4235 1128 4290 facit
1166 4236 1345 4290 multis
1372 4237 1421 4290 in
1453 4237 1583 4292 locis
1608 4253 1622 4301 ;
1652 4247 1703 4291 et
1734 4230 2019 4306 prudenter

452 4343 581 4382 sane
607 4346 621 4379 :
655 4328 738 4383 his
761 4329 903 4384 enim
931 4330 1098 4397 magis
1125 4329 1447 4383 inducuntur
1476 4329 1656 4396 plures
1683 4368 1698 4391 ,
1721 4343 1878 4397 quam
1909 4327 2019 4394 spi-

456 4418 753 4473 ritualihus.
815 4418 907 4474 Est
941 4420 1083 4473 enim
1115 4419 1353 4473 caritatis
1393 4419 1443 4471 in
1474 4418 1777 4487 proximos,
1819 4433 1921 4471 non
1952 4415 2019 4469 al)

452 4508 558 4562 illis
600 4510 884 4579 accipere,
928 4508 1023 4563 sed
1072 4508 1174 4563 illis
1202 4508 1456 4578 praebere.
1500 4508 1630 4562 Vide
1675 4514 1851 4562 autem
1898 4524 2019 4576 pru-

453 4600 686 4653 dentiam
730 4617 743 4652 :
774 4612 893 4653 cum
923 4606 1068 4654 esset
1108 4607 1387 4669 rogaturus
1417 4608 1470 4653 et
1512 4599 1877 4652 admoniturus
1907 4640 1921 4662 ,
1973 4596 2021 4650 id

378 4725 385 4731 -
454 4689 597 4756 quod
629 4698 772 4743 recte
803 4690 860 4743 lit
887 4691 1034 4760 ponit
1063 4691 1113 4744 in
1145 4690 1337 4753 medio,
1374 4699 1428 4743 ut
1457 4697 1510 4743 et
1535 4706 1562 4742 a
1592 4690 1752 4759 priori
1784 4689 2023 4743 admoai.

458 4781 601 4834 tione
631 4781 895 4850 respirent
924 4793 977 4837 et
1001 4799 1030 4836 ιι
1064 4782 1218 4836 minis
1244 4823 1258 4847 ,
1307 4783 1519 4851 qttando
1544 4781 1758 4836 dicebat
1790 4799 1802 4834 :
1837 4778 2018 4848 Itaque

457 4871 545 4939 qui
574 4874 679 4925 lucc
709 4873 937 4940 spernit,
989 4889 1088 4926 non
1114 4873 1367 4928 hominem
1410 4872 1595 4942 spiruit
1626 4913 1642 4938 ,
1682 4872 1769 4924 sed
1816 4871 1974 4925 Deum
2001 4887 2021 4935 ;

458 4971 514 5015 et
542 4970 595 5015 ut
624 4961 722 5015 hac
751 4964 958 5018 ratione
986 4974 1052 5019 ne
1081 4964 1346 5018 resiliant.
1382 4963 1490 5017 Iloc
1521 4973 1697 5016 autem
1728 4963 1783 5015 lit
1811 4979 1874 5017 ex
1897 4980 2027 5032 0pc.

462 5053 668 5106 ratione
691 5093 707 5116 ,
741 5063 797 5106 ut
827 5070 998 5123 neque
1023 5056 1322 5124 accipiant,
1368 5070 1540 5124 neque
1565 5056 1670 5108 sint
1707 5054 1862 5107 otiosi
1886 5096 1899 5117 ,
1935 5053 2028 5108 sed

462 5151 747 5210 operantes
781 5144 901 5197 aliis
928 5145 1221 5214 pra‘heant.
1264 5145 1467 5200 Beatius
1506 5156 1577 5200 est
1605 5146 1746 5200 enim
1771 5186 1786 5211 ,
1818 5146 1983 5215 inquit
2013 5188 2027 5211 ,

462 5234 587 5287 dare
621 5249 774 5301 quam
804 5235 1051 5303 accipere.
1088 5234 1154 5289 Et
1203 5237 1511 5305 operemini,
1561 5238 1763 5307 inquit,
1805 5237 2034 5290 manibus

466 5323 642 5376 vestris
674 5323 691 5392 (
720 5323 834 5378 Act.
867 5323 959 5379 20.
990 5323 1058 5378 55
1084 5324 1123 5395 ).
1172 5320 1271 5380 Uhi
1318 5332 1439 5380 sunt
1482 5341 1609 5396 ergo
1658 5327 1748 5396 qui
1789 5336 2037 5394 quaerunt

464 5428 600 5479 opus
629 5413 942 5483 spirituale‘t
962 5411 1121 5472 Vides
1144 5418 1413 5487 quomodo
1442 5419 1519 5472 cis
1547 5434 1757 5473 onmem
1780 5419 2037 5472 ademerit

465 5505 585 5572 ejus
609 5508 690 5562 rei
735 5513 1106 5576 occasionem,
1135 5510 1316 5567 dicens
1342 5553 1355 5575 ,
1399 5510 1633 5564 Manibus
1659 5510 1850 5567 vestris.
1890 5508 2039 5580 Jeju-

473 5596 688 5653 nium'te
729 5613 979 5671 operatur
1022 5604 1212 5674 aliquis
1254 5605 1538 5658 manibus“!
1584 5620 1708 5656 num
1751 5613 2035 5659 nocturnas

2134 574 2382 670 vigilias?
2431 597 2554 636 num
2600 585 3099 649 humicuhatioues?
3135 599 3304 658 Nemo
3333 605 3433 662 hoc
3472 610 3705 670 dixerit:

2134 667 2239 774 sed.
2258 667 2325 722 de
2353 684 2516 738 Opere
2544 672 2674 728 dicit
2699 678 2959 746 spirituali
2997 703 3011 739 :
3041 699 3125 742 est
3161 693 3300 746 enim
3331 663 3707 774 revera

2136 757 2274 809 tuale
2298 798 2313 823 ,
2346 773 2660 827 operantem
2691 766 2811 821 aliis
2841 773 3077 837 praebere
3101 820 3113 839 ,
3161 790 3216 834 et
3250 786 3453 841 nullum
3487 757 3702 860 Opusvei

2134 856 2305 912 potest
2320 853 2653 943 tequiparari.
2683 854 2749 912 Ut
2771 861 2992 930 honeste,
3019 867 3206 938 inquit,
3230 853 3707 943 ambulent-Vides

2128 940 2398 1031 quomodo
2425 956 2517 994 eos
2560 953 2756 1016 tangat.
2807 949 2919 1006 Non
2961 957 3133 1022 dixit,
3184 962 3260 1017 Ne
3292 966 3572 1029 inhoneste
3610 940 3705 1031 vos

2127 1028 2325 1121 geratis
2354 1032 2754 1103 mendicantes;
2800 1042 2893 1096 sed
2926 1045 3151 1114 idipsum
3181 1055 3396 1121 quidem
3423 1064 3579 1119 tacite

2127 1117 2415 1220 gttillcavit,
2451 1125 2632 1220 mitius
2657 1139 2833 1184 autem
2865 1150 2898 1202 p
2923 1139 3045 1202 .uit,
3082 1154 3136 1194 ut
3161 1117 3215 1198 et
3247 1163 3483 1220 pungat,
3513 1117 3697 1212 etnon

2128 1208 2478 1309 vehementer
2500 1213 2597 1271 hos
2624 1231 2827 1286 gravet.
2857 1222 2986 1279 Nam
3015 1230 3058 1281 si
3087 1230 3119 1283 ii
3147 1208 3382 1302 qui-sun:
3410 1208 3548 1309 apud

2128 1297 2210 1352 his
2239 1300 2579 1360 offenduntur
2604 1348 2618 1371 ,
2669 1312 2835 1367 multo
2874 1319 3040 1385 magis
3084 1297 3329 1388 externi,
3369 1297 3698 1390 invenientes

2127 1392 2268 1447 mille
2297 1400 2578 1453 accusandi
2606 1412 2659 1456 et
2683 1406 3109 1472 reprehendendi
3140 1429 3298 1470 ausas
3321 1460 3335 1482 ,
3366 1426 3580 1488 quando
3613 1428 3691 1479 vi-

2123 1483 2251 1539 dent
2282 1486 2550 1545 hominem
2585 1508 2774 1550 sanum
2800 1536 2815 1563 ,
2860 1510 2912 1552 et
2941 1502 3030 1570 qui
3063 1503 3162 1558 sibi
3190 1517 3365 1575 potest
3383 1483 3646 1569 sufﬁcere
3673 1556 3687 1570 .

2124 1579 2426 1674 mendicare
2456 1592 2511 1636 et
2548 1585 2667 1640 aliis
2694 1603 2824 1656 opus
2851 1589 3070 1648 habere.
3115 1595 3181 1649 Et
3224 1598 3344 1654 ideo
3385 1619 3481 1656 nos
3508 1611 3695 1674 appel-

2123 1666 2233 1722 lant
2289 1671 2753 1745 Christemporos,
2808 1679 2909 1735 hoc
2957 1693 3040 1738 est
3085 1686 3281 1742 Christi
3329 1666 3693 1751 mercatores:

2124 1757 2400 1829 Propterea
2424 1806 2439 1829 ,
2470 1765 2638 1836 inquit
2659 1810 2672 1830 ,
2706 1771 3081 1840 blasphematur
3102 1793 3281 1832 nomen
3320 1780 3433 1835 ltei.
3466 1787 3532 1837 At
3564 1788 3694 1841 nilnl

2124 1849 2311 1904 horum
2342 1855 2552 1920 posuit,
2585 1858 2677 1911 sed
2708 1860 2755 1912 id
2787 1862 2924 1930 quod
2957 1867 3187 1921 iiiaxime
3215 1883 3308 1922 eos
3338 1881 3545 1939 poterat
3580 1884 3693 1930 lau-

2121 1954 2265 2008 gere,
2297 1957 2488 2010 nempe
2513 1944 2745 2001 dedecus
2776 1959 2828 2003 ct
2856 1956 3237 2021 turpitudinem
3268 1975 3282 2011 :
3319 1960 3399 2014 12.
3432 1960 3687 2018 Nolumus

2121 2044 2285 2085 autem
2327 2051 2412 2089 vos
2440 2038 2706 2107 ignorare,
2734 2045 2934 2110 fratres,
2964 2045 3027 2098 de
3070 2046 3435 2106 dormientibus
3457 2093 3473 2119 ,
3505 2067 3558 2107 ut
3586 2072 3686 2109 non

2120 2125 2480 2274 chztristeﬂmigi
2525 2129 2653 2182 sicut
2702 2140 2748 2183 et
2809 2135 2977 2188 cwteri
3025 2138 3111 2204 qui
3157 2155 3297 2207 spent
3344 2157 3445 2196 non
3498 2144 3680 2199 habent

2196 2222 2297 2261 out.
2384 2250 2396 2263 .
2473 2210 2557 2274 ί).

2196 2222 2297 2261 om.
2341 2210 2396 2263 2.
2428 2210 2557 2278 21).

2197 2294 2252 2350 2.
2280 2294 2403 2349 Ηεεο
2423 2297 2532 2350 duo
2560 2300 2790 2354 maxime
2824 2319 2920 2357 eos
2947 2308 3389 2373 pessumdahant,
3415 2323 3710 2381 paupertas

2125 2393 2183 2438 et
2210 2384 2378 2438 animi
2412 2388 2702 2455 aegritudo,
2741 2399 2799 2444 ut
2828 2394 3072 2464 reliquos
3098 2399 3262 2452 etiam
3294 2400 3708 2458 homines.Vide

2126 2665 2311 2709 autem
2357 2672 2455 2712 eos
2505 2675 2741 2728 quorum
2788 2667 3036 2733 pecunia:
3088 2669 3446 2738 rapiebantur
3477 2682 3705 2741 propter

2126 2746 2431 2812 Christum,
2464 2750 2620 2821 jubet
2647 2762 2942 2822 operantes
2972 2756 3066 2822 ali,
3104 2760 3278 2814 multo
3323 2763 3495 2832 magis
3543 2764 3700 2818 alios.

2070 2848 2073 2849 '
2121 2837 2256 2891 Nam
2279 2838 2427 2908 quod
2448 2851 2615 2911 raptae
2631 2843 2838 2900 iuerint
2865 2862 3058 2902 eorum
3086 2850 3477 2919 pecuniaahinc
3496 2851 3700 2923 liquet:

2124 2929 2443 2999 lmitatores,
2468 2934 2667 3004 inquit,
2689 2936 2861 3006 fuistis
2885 2938 3237 2994 Ecclesiarum
3255 2958 3373 3011 qua:
3387 2953 3510 2994 sunt
3535 2943 3587 2995 in
3606 2942 3702 2995 Ju-

2127 3028 2242 3080 daea
2276 3024 2334 3096 (l
2374 3026 2549 3082 Thess.
2575 3028 2629 3083 2.
2667 3029 2776 3099 li).
2805 3028 3125 3097 Quomodo?
3151 3031 3291 3099 Quia
3318 3033 3426 3089 illis
3453 3035 3701 3092 scribens

2118 3120 2338 3175 dicebat
2363 3139 2374 3173 :
2396 3119 2468 3175 Et
2497 3124 2746 3193 rapinam
2767 3120 3024 3178 bonorum
3055 3133 3346 3179 vestrorum
3365 3144 3483 3180 cum
3507 3129 3700 3199 gaudio

2114 3212 2414 3282 suscepistis
2441 3213 2620 3283 (Hebr.
2648 3214 2957 3286 10.34).llic
2989 3226 3171 3272 autem
3196 3217 3262 3272 de
3294 3219 3699 3275 resurrectione

2118 3306 2289 3375 agitat
2311 3321 2643 3363 sermonem.
2669 3309 2811 3376 Quid
2832 3309 3003 3364 vero?
3027 3324 3210 3364 annon
3232 3311 3300 3366 de
3326 3327 3394 3366 eo
3410 3326 3534 3364 cum
3563 3311 3698 3381 ipsis

2113 3395 2482 3452 disseruerat?
2498 3397 2602 3452 Sed
2617 3398 2708 3453 hic
2722 3400 2997 3468 quoddam
3012 3400 3243 3455 alterum
3259 3399 3573 3456 subindicat
3589 3418 3698 3473 my-

2112 3486 2667 3555 sterium.Quodnam
2691 3501 2873 3544 autem
2900 3491 3005 3546 hoc
3030 3491 3150 3545 est?
3180 3489 3315 3556 Quia
3338 3509 3433 3546 nos
3458 3493 3547 3562 qui
3577 3494 3696 3545 vivi-

2116 3595 2250 3643 mus,
2275 3581 2364 3649 qui
2396 3580 2590 3635 residui
2609 3598 2814 3647 sumus,
2853 3582 3050 3652 inquit,
3084 3585 3138 3636 in
3156 3588 3439 3637 adventant
3456 3583 3688 3647 Domini,

2116 3686 2220 3724 non
2238 3673 2614 3741 prteveniemus
2628 3690 2734 3739 eos,
2751 3677 2840 3746 qui
2865 3676 3193 3729 dormierunt
3209 3674 3692 3745 (v.H).Atqueno—

2112 3760 2199 3817 his
2210 3762 2430 3832 quidem
2446 3762 2837 3821 suﬂicitsermo
2853 3767 3274 3822 resurrectionis
3285 3768 3351 3821 ad
3368 3784 3493 3821 eum
3510 3784 3688 3821 conso-

2122 3854 2336 3909 laudum
2358 3854 2447 3924 qui
2470 3854 2736 3909 cruciatur
2755 3852 2969 3909 dolore:
2993 3854 3187 3909 sullicit
3209 3859 3365 3910 etiam
3391 3858 3528 3928 quod
3554 3876 3694 3911 nunc

2123 3946 2314 4001 dicitur
2340 3947 2572 4002 maxime
2613 3945 2716 4001 ﬁde
2754 3947 2966 4017 dignam
2995 3947 3193 4002 faciens
3221 3950 3687 4005 resurrectionem.

2126 4030 2357 4092 Primum
2380 4050 2555 4091 autem
2576 4036 2724 4101 illud,
2743 4048 2792 4090 ut
2817 4040 2827 4089 i
2837 4054 2946 4106 pse,
2968 4037 3204 4093 dicamus
3225 4036 3501 4094 :Nolumus
3523 4052 3692 4093 autem

2124 4144 2207 4182 vos
2230 4129 2482 4198 ignorare,
2512 4129 2714 4196 fratres.
2743 4128 2803 4180 de
2831 4127 3209 4194 dormientibus,
3233 4139 3284 4180 ut
3308 4146 3407 4182 non
3434 4132 3694 4183 contriste-

2124 4223 2247 4275 ntini
2275 4221 2401 4275 sicut
2420 4228 2465 4273 et
2488 4220 2653 4273 caeteri
2672 4220 2756 4289 qui
2773 4236 2912 4286 spem
2937 4235 3037 4270 non
3062 4218 3403 4272 Itttbertt.\'ide
3432 4236 3588 4288 quam
3612 4221 3694 4274 hic

2126 4325 2336 4379 quoque
2362 4308 2605 4377 loquatur
2633 4307 2822 4359 leniter
2851 4317 2902 4360 et
2924 4306 3148 4374 placide.
3180 4307 3294 4359 Non
3327 4307 3461 4361 dixit
3492 4350 3505 4370 ,
3544 4308 3686 4364 Estis

2127 4400 2261 4453 adeo
2282 4398 2426 4451 stulti
2463 4395 2608 4465 (Gal.
2638 4397 2672 4450 5
2726 4397 2803 4460 5),
2841 4398 2976 4449 sicut
3001 4396 3066 4449 ad
3094 4395 3419 4460 Corinthios,
3450 4399 3584 4452 adeo
3617 4400 3696 4452 iu-

2129 4491 2381 4559 sipicutes
2406 4531 2419 4551 ,
2452 4487 2591 4556 quod
2618 4501 2738 4541 cum
2765 4486 2944 4540 sciatis
2969 4488 3412 4541 resurrectionem
3439 4530 3453 4555 ,
3494 4490 3630 4543 sicut
3662 4492 3694 4546 ii

2129 4583 2217 4650 qui
2248 4596 2352 4635 non
2379 4580 2623 4643 credunt,
2652 4578 2840 4632 dolore
2869 4576 3209 4638 al'liciamini;
3240 4576 3336 4631 sed
3369 4580 3438 4631 ita
3472 4580 3695 4647 placide,

2133 4674 2293 4738 Nolo,
2319 4673 2491 4736 dixit,
2523 4671 2680 4723 aliam
2709 4684 2892 4723 eorum
2922 4668 3168 4721 virtutem
3198 4682 3471 4723 reverens.
3501 4669 3566 4722 Et
3592 4687 3697 4725 non

2133 4769 2287 4826 dixit.
2324 4767 2397 4820 De
2425 4762 2650 4817 mortuis
2670 4805 2684 4827 ,
2713 4760 2890 4815 statim
2920 4775 2950 4813 a
2980 4757 3254 4829 prooemiis
3275 4759 3482 4828 jaciens
3512 4758 3699 4813 imula.

2137 4868 2370 4914 mentum
2399 4854 2799 4910 consolationis.

2209 4952 2397 5007 Mortui
2420 4966 2518 5002 non
2539 4942 2982 5017 plaugendi.—Ut
3000 4960 3097 4997 non
3114 4942 3489 5008 cantristemini,
3515 4943 3702 5012 inquit,

2135 5046 2262 5099 sicut
2284 5051 2331 5096 et
2361 5040 2525 5094 caueri
2548 5038 2631 5108 qui
2660 5053 2797 5107 spem
2815 5052 2913 5089 non
2932 5035 3132 5089 habent.
3158 5033 3413 5104 l’laugere
3430 5050 3557 5103 ergo
3588 5050 3707 5103 pro-

2139 5148 2255 5206 pter
2274 5150 2366 5190 eos
2382 5132 2471 5204 qui
2493 5140 2971 5193 excesserunt,n0n
2991 5140 3068 5182 est
3083 5142 3266 5183 eorum
3291 5136 3434 5181 certe
3453 5128 3538 5196 qui
3558 5146 3706 5195 spem

2141 5228 2371 5289 habent;
2400 5233 2455 5279 et
2481 5224 2691 5277 merito.
2723 5222 2909 5275 Anima
2938 5222 3075 5273 enim
3106 5235 3223 5287 qur.
3253 5216 3385 5275 nihil
3407 5216 3505 5270 scit
3531 5216 3596 5272 de
3630 5235 3711 5269 rev

2142 5316 2470 5372 surrectione
2495 5357 2509 5380 ,
2541 5313 2634 5367 scd
2661 5312 2797 5365 hanc
2830 5321 3053 5363 mortem
3096 5318 3318 5361 morlettl
3364 5323 3481 5361 esse
3513 5318 3661 5375 putat
3694 5350 3707 5373 ,

2145 5410 2336 5465 merito
2362 5408 2563 5478 plangit
2587 5415 2641 5459 et
2674 5406 2993 5458 latuentatur
3025 5414 3078 5454 et
3118 5400 3262 5469 luget
3305 5398 3710 5457 intolerabiliter

2149 5512 2412 5568 tamquam
2440 5498 2508 5552 de
2538 5499 2601 5550 iis
2640 5497 2727 5565 qui
2760 5493 3031 5564 perierunt
3060 5510 3070 5544 :
3102 5499 3153 5544 tu
3184 5497 3360 5543 autem
3403 5489 3490 5558 qui
3522 5506 3706 5557 exspu-

2147 5612 2256 5659 ctas
2285 5593 2749 5655 resurrectionem,
2779 5603 2871 5642 cur
2891 5581 3242 5639 immutans?
3269 5580 3408 5652 Ergo
3440 5581 3617 5655 lugere
3636 5590 3711 5639 est
