4106 6208
367 193 462 250 ιιιι

366 318 552 362 eorum
578 301 665 371 qui
697 311 847 368 spem
870 310 972 349 non
998 291 1212 348 habent.
1241 287 1451 348 Audite,
1474 300 1507 336 ο
1527 284 1795 344 mulieres,
1821 297 1940 350 quae

371 397 616 452 lubenter
645 385 1029 450 lamentamini,
1051 399 1169 454 quae
1198 381 1328 436 estis
1356 377 1615 448 proclives
1641 384 1696 430 et
1717 388 1946 443 propen-

370 505 444 542 sa:
492 481 894 541 intolerabiliter
933 475 999 531 ad
1049 474 1222 528 luctus
1251 511 1268 537 ,
1303 469 1445 541 quod
1484 483 1545 522 ea
1576 465 1783 522 faciatis
1825 477 1946 532 qua:

369 577 586 631 ethnici.
618 573 674 627 Si
699 581 873 626 autem
895 569 1074 622 dolere
1101 571 1315 634 propter
1339 574 1432 616 eos
1461 559 1549 629 qui
1578 561 1943 618 excesserunt,

371 679 453 721 est
473 666 831 722 ethnicorum,
866 661 1117 729 plangere
1141 664 1194 709 et
1219 667 1385 723 genas
1415 651 1656 704 lacerare
1685 661 1943 717 quorum-

374 773 496 811 nam
521 767 603 810 est
627 797 641 820 ,
671 750 1002 821 dic,qnaeso?
1041 746 1148 800 Cur
1169 743 1478 799 lamenteris
1501 782 1516 808 ,
1543 741 1587 794 si
1613 739 1792 796 credis
1821 753 1943 793 eum

373 861 494 904 esse
522 851 946 901 resurrecturum
979 840 1002 891 ’ἐ
1045 837 1089 892 si
1116 835 1295 892 credis
1319 847 1441 888 cum
1471 847 1576 885 non
1608 829 1829 898 periisse
1856 868 1872 893 ,
1900 827 1945 880 si

373 955 490 995 eam
512 952 621 990 rem
652 947 771 988 esse
791 946 1034 986 somnum
1058 923 1539 983 etdormitionem?
1569 921 1792 990 Propter
1819 934 1949 972 con-
1980 917 2003 966 ἕ

373 1028 710 1086 suetudinem
740 1024 1013 1086 amissam,
1048 1019 1261 1088 inquit,
1303 1016 1627 1082 tutelamque
1669 1021 1723 1066 et
1770 1024 1946 1064 rerum

373 1127 645 1183 cnram,et
672 1132 832 1171 omne
852 1112 995 1168 aliud
1023 1111 1278 1165 ofﬁcium.
1307 1107 1530 1174 Quando
1556 1119 1684 1175 ergo
1704 1103 1948 1157 amiseris

375 1213 540 1266 lilinm
570 1211 620 1264 in
653 1209 932 1262 immatura
961 1211 1136 1265 actate,
1169 1201 1258 1269 qtti
1284 1199 1519 1254 nondum
1552 1204 1727 1266 potest
1749 1192 1945 1263 aliquid

374 1318 552 1373 agerc,
574 1313 671 1354 cur
699 1293 1046 1351 lamenteris?
1075 1291 1201 1362 quid
1229 1290 1492 1363 requiris?
1515 1289 1737 1352 Bonam,
1760 1285 1948 1354 inquit,

377 1409 524 1462 Spem
552 1387 879 1449 ostenderat,
912 1395 966 1439 et
993 1382 1272 1452 Sperabam
1301 1381 1414 1436 fore
1441 1389 1496 1434 ιιι
1518 1380 1622 1434 mei
1649 1393 1831 1432 curam
1853 1392 1949 1445 ge—

377 1491 524 1538 reret
586 1481 873 1548 Propterea
919 1490 1104 1546 quer
1147 1475 1318 1527 virum
1344 1514 1360 1536 ,
1401 1479 1685 1539 propterea
1737 1468 1902 1522 ﬁlium
1932 1510 1946 1532 ,

383 1583 661 1645 propterea
697 1571 888 1638 plango
911 1577 964 1622 et
990 1567 1273 1628 lamentor,
1307 1579 1411 1617 non
1444 1561 1584 1632 quod
1611 1576 1717 1614 non
1739 1559 1951 1614 credam

381 1663 780 1724 resurrectioni,
812 1660 905 1715 sed
929 1659 1070 1730 quod
1093 1658 1193 1712 sim
1221 1656 1476 1711 destituta
1525 1654 1593 1708 ab
1631 1653 1829 1707 auxilio
1853 1695 1868 1718 ,
1901 1662 1956 1706 et

380 1754 649 1808 amiserim
680 1761 982 1806 curatorem
1014 1757 1067 1804 et
1091 1747 1432 1802 defensorem
1452 1787 1467 1810 ,
1500 1745 1588 1814 qui
1618 1758 1826 1798 mecum
1856 1744 1952 1796 ha-

382 1845 600 1908 bitabat,
633 1842 720 1910 qui
753 1856 932 1896 rerum
963 1840 1202 1893 omnium
1224 1846 1338 1891 erat
1367 1837 1564 1900 socius,
1596 1835 1684 1904 qui
1719 1851 1803 1888 me
1825 1850 1954 1888 con-

381 1935 690 1988 solabatur:
724 1932 836 1986 haec
867 1931 1044 2000 lugeo.
1079 1929 1203 1982 Scio
1233 1925 1350 1980 fore
1375 1937 1429 1979 ut
1459 1935 1720 1994 resurgat,
1745 1923 1838 1978 sed
1870 1924 1954 1979 in-

386 2025 698 2081 termediam
723 2038 828 2077 non
849 2022 962 2075 iero
979 2019 1370 2088 separationetn
1387 2035 1400 2070 :
1419 2016 1588 2070 affluit
1601 2015 1762 2069 multa
1778 2029 1956 2069 rerum

385 2117 538 2172 turba
564 2157 577 2178 ,
611 2131 728 2168 sum
752 2112 992 2180 exposita
1025 2109 1233 2178 injuria:
1260 2109 1498 2161 omnium
1529 2105 1619 2174 qui
1649 2105 1916 2159 voluerint
1941 2122 1954 2159 :

383 2208 472 2275 qni
498 2207 643 2275 prius
675 2201 934 2257 timebant
961 2199 1163 2264 famuli,
1192 2213 1332 2252 nunc
1354 2196 1661 2265 deSpiciunt
1689 2205 1743 2249 et
1785 2195 1956 2249 insul-

388 2311 497 2354 tant
529 2316 541 2351 :
571 2299 715 2352 sicui
735 2294 1016 2358 benefccit,
1044 2292 1088 2345 is
1105 2301 1186 2346 est
1206 2290 1402 2345 oblitus
1421 2291 1537 2358 ejus
1556 2289 1958 2345 beneﬁciorum:

386 2394 430 2446 si
458 2391 575 2461 quis
601 2390 668 2443 ab
691 2403 756 2443 eo
788 2387 926 2441 male
952 2385 1195 2452 affectus,
1229 2382 1541 2438 recordatur
1569 2383 1796 2451 injuriae,
1824 2382 1955 2436 iram

388 2486 439 2536 in
474 2496 558 2536 me
588 2479 872 2534 convertit.
905 2478 1027 2531 llaec
1068 2491 1173 2530 non
1223 2476 1408 2529 sinunt
1451 2490 1536 2528 me
1568 2473 1707 2528 ferre
1735 2474 1963 2527 viduita-

390 2587 518 2636 tem,
552 2587 647 2626 nec
669 2571 874 2640 placide
904 2569 1085 2638 lugere
1117 2585 1130 2621 :
1161 2575 1442 2636 propterea
1472 2565 1687 2636 plango,
1715 2574 1962 2634 propter-

385 2681 449 2717 ea
476 2663 759 2716 lamentor.
789 2657 1069 2725 Quomodo
1091 2671 1218 2727 ergo
1244 2671 1336 2710 eas
1355 2655 1754 2710 consolabimur
1779 2655 1804 2708 ?
1831 2653 1960 2724 quid

389 2752 660 2809 dicemus?
689 2749 957 2822 quomodo
1001 2765 1183 2804 earum
1216 2747 1415 2802 luctum
1457 2745 1797 2800 arcebimus?
1842 2745 1960 2800 Pri-

390 2862 537 2903 tuum
568 2859 659 2898 eas
688 2843 923 2898 conabor
944 2840 1265 2895 convincere
1298 2877 1314 2904 ,
1359 2835 1502 2907 quod
1533 2836 1646 2890 haec
1671 2835 1830 2890 verba
1855 2848 1962 2888 non

392 2939 495 2990 sint
525 2933 918 2989 lamentationis
939 2971 954 2995 ,
997 2929 1092 2984 sed
1124 2927 1532 2982 inconsiderata:
1558 2925 1719 2980 animi
1750 2933 1963 2995 pertur-

395 3027 641 3082 bationis.
669 3025 725 3080 Si
755 3025 896 3078 enim
930 3021 1044 3075 hare
1067 3021 1249 3090 luges,
1277 3027 1551 3088 oporteret
1589 3032 1710 3072 eum
1736 3017 1825 3087 qui
1869 3032 1966 3072 ex-

393 3119 557 3172 cessit
587 3125 845 3186 perpetuo
870 3114 1051 3182 lugere
1081 3110 1160 3165 :si
1191 3117 1370 3164 autem
1396 3124 1517 3164 cum
1547 3123 1720 3163 annus
1742 3118 1968 3179 praeter-

398 3207 519 3261 ierit
545 3247 560 3272 ,
593 3203 933 3258 Oblivisceris
969 3200 1191 3272 perinde
1215 3209 1376 3270 atque
1402 3199 1447 3254 si
1478 3198 1612 3254 nihil
1639 3200 1923 3254 accidisset
1951 3240 1967 3264 ,

399 3313 503 3352 non
525 3312 646 3351 eum
669 3295 758 3365 qui
787 3293 1016 3348 excessit
1047 3292 1377 3356 lamentaris,
1407 3306 1505 3345 nec
1524 3290 1640 3360 ejus
1668 3293 1886 3345 tutelam
1917 3301 1972 3346 et

398 3388 787 3444 defensionem.
822 3389 892 3441 At
922 3403 1025 3439 non
1055 3385 1162 3440 fers
1188 3385 1578 3454 separationem
1615 3425 1631 3449 ,
1663 3396 1716 3439 et
1747 3401 1969 3440 consue-

398 3481 597 3535 tudinis
617 3476 1088 3548 interruptionem?
1115 3476 1252 3544 Quid
1277 3476 1509 3531 dixerint
1537 3493 1656 3546 qua)
1683 3477 1750 3532 ad
1778 3493 1972 3532 secun-

398 3575 495 3628 das
553 3575 904 3628 convolarunt
957 3569 1219 3639 nuptias?
1264 3569 1377 3622 Νυιι
1437 3569 1579 3622 enim
1635 3569 1840 3637 priores
1891 3585 1973 3623 re-

398 3666 617 3733 quirunt
670 3673 724 3719 et
772 3661 1097 3717 desiderant.
1143 3659 1246 3715 Sed
1295 3675 1363 3714 ne
1419 3659 1716 3713 orationem
1763 3659 1828 3712 ad
1882 3675 1974 3715 eas

402 3758 695 3824 dirigamus
719 3797 734 3820 ,
779 3754 872 3808 sed
900 3753 964 3806 ad
991 3768 1083 3807 eas
1109 3766 1228 3822 quae
1257 3750 1324 3804 iis
1347 3751 1437 3820 qui
1467 3758 1815 3805 excesserunt
1840 3765 1975 3805 con-

402 3856 620 3901 servant
673 3845 1098 3900 benevolentiam
1135 3857 1276 3896 :cur
1320 3842 1469 3912 luges
1525 3841 1838 3896 infantem?
1882 3858 1978 3897 cur

408 3935 698 3990 maritum?
728 3935 990 4002 Quoniam
1017 3933 1108 3986 illo
1135 3932 1350 4001 quidem
1375 3931 1478 3985 frui
1509 3947 1614 3986 non
1643 3941 1723 3987 est
1753 3947 1978 3988 conces-

404 4043 522 4082 sum
552 4043 566 4093 ;
602 4028 702 4082 hoc
745 4041 874 4080 vero
903 4027 1203 4094 exspectavi
1235 4026 1344 4079 fore
1379 4033 1436 4079 ut
1477 4023 1702 4094 amplius
1747 4023 1976 4081 fruerer.

416 4120 527 4173 lloc
555 4129 732 4173 autem
759 4127 971 4188 quanta:
997 4127 1080 4173 est
1107 4117 1436 4172 inﬁdelitatis
1461 4158 1476 4182 ,
1507 4117 1814 4173 existimare
1836 4120 1977 4188 quod

407 4221 499 4264 aut
527 4211 750 4264 maritus
780 4217 870 4262 aut
894 4208 1066 4262 infans
1095 4219 1145 4263 te
1173 4209 1222 4262 in
1254 4217 1366 4262 tuto
1392 4208 1644 4275 collucet,
1669 4225 1775 4264 non
1797 4221 1978 4266 autem

409 4301 592 4356 Deus?
619 4299 897 4367 Quomodo
924 4315 1026 4353 non
1059 4310 1211 4368 putas
1239 4308 1290 4353 te
1313 4315 1432 4354 eum
1455 4301 1703 4355 irritare?
1735 4301 1983 4371 Propter-

408 4410 469 4446 ea
499 4393 639 4447 enim
670 4408 762 4446 eos
792 4406 934 4460 sa'pe
963 4391 1175 4460 accipit,
1207 4408 1272 4445 ne
1296 4392 1374 4446 eis
1399 4391 1469 4445 ita
1498 4392 1573 4446 sis
1603 4391 1760 4445 afﬁxa
1787 4434 1802 4459 ,
1838 4404 1892 4446 ιιι
1914 4394 1981 4447 ab

410 4483 516 4537 illis
540 4498 686 4552 spem
707 4481 959 4536 abducas.
996 4483 1134 4536 Dens
1160 4483 1300 4536 enim
1332 4492 1414 4536 est
1434 4482 1651 4547 zelotes,
1669 4492 1723 4537 et
1753 4484 1983 4537 maxime

407 4575 647 4629 omnimn
675 4574 788 4628 vult
815 4590 843 4627 a
877 4574 1027 4628 nobis
1047 4574 1192 4642 diligi
1215 4592 1227 4635 ;
1253 4574 1411 4643 idque
1436 4575 1687 4643 quoniam
1713 4589 1808 4629 nos
1828 4575 1982 4631 valde

419 4665 610 4735 diligit.
643 4665 800 4719 Scitis
827 4666 969 4719 enim
1001 4666 1142 4718 hunc
1183 4679 1303 4718 esse
1332 4681 1532 4718 murem
1563 4679 1750 4720 eorum
1781 4667 1869 4735 qui
1897 4667 1980 4722 itt-

409 4770 543 4812 Sano
562 4754 702 4824 capti
727 4764 850 4809 sunt
869 4770 1091 4810 amore:
1122 4755 1405 4809 suntenim
1437 4756 1590 4810 valde
1619 4757 1848 4828 zelotypi
1883 4798 1897 4822 ,
1929 4767 1984 4813 et

413 4845 701 4900 maluerint
725 4845 956 4898 animam
987 4844 1272 4915 prodigere
1301 4885 1316 4910 ,
1345 4861 1505 4915 quam
1531 4848 1599 4900 ab
1637 4848 1744 4902 ullo
1775 4863 1842 4903 ex
1872 4849 1984 4903 suis

411 4935 666 4990 rivalibus
711 4935 1102 4991 existimatione
1141 4937 1401 5005 superari.
1435 4937 1660 5007 Propter
1698 4938 1812 4994 haec
1841 4939 1985 4995 Deus

413 5041 536 5080 eum
565 5026 790 5094 accepit,
825 5035 1042 5096 propter
1069 5027 1203 5092 haec,
1235 5027 1469 5096 inquam,
1500 5029 1682 5084 verba.

484 5115 541 5170 5.
569 5114 698 5169 Nam
723 5130 840 5183 cur,
863 5115 1178 5191 d.ic,quaaso,
1212 5117 1338 5172 olim
1370 5134 1473 5173 nou
1503 5119 1714 5175 fuerunt
1742 5119 1976 5176 viduita-

417 5213 520 5271 tes,
552 5218 650 5259 nec
671 5203 966 5260 immaturae
990 5205 1278 5262 orbitates?
1305 5221 1403 5262 cur
1437 5207 1705 5264 Abraham
1749 5218 1803 5264 et
1836 5209 1983 5265 Isaac

415 5295 539 5352 sivit
564 5297 742 5351 vivere
771 5295 987 5367 longum
1014 5297 1265 5367 tempus?
1288 5297 1549 5364 Quoniam
1569 5339 1585 5365 ,
1612 5313 1680 5355 eo
1709 5300 1869 5355 etiam
1905 5301 1988 5354 vi-

417 5396 598 5455 vente,
624 5388 893 5444 Abraham
920 5389 1086 5445 Deum
1115 5390 1365 5460 praetulit.
1398 5389 1540 5444 Dixit
1561 5390 1798 5460 quidem,
1825 5391 1985 5446 Occi-

415 5479 507 5540 de,
523 5480 796 5535 etoccidit.
815 5481 923 5536 Cur
937 5481 1150 5537 Sarram
1166 5481 1233 5536 ad
1253 5489 1456 5536 tantum
1476 5482 1719 5552 provexit
1738 5483 1942 5537 senium
1963 5483 1989 5537 ?

419 5571 677 5636 Quoniam
700 5586 761 5628 ea
787 5571 945 5627 etiam
976 5572 1090 5628 viva
1117 5612 1134 5640 ,
1165 5571 1328 5628 Deum
1369 5571 1540 5642 magis
1577 5571 1778 5629 audivit
1816 5587 1978 5643 quant

1085 179 1142 234 s.
1185 173 1462 233 JOANNiS
1499 166 1978 227 cunvsosrmn
2014 164 2328 224 AllClllEP.
2369 165 2910 225 consrmrmor.

3524 174 3634 229 £32

2054 278 2238 346 ipsam.
2263 279 2550 349 Propterea
2575 282 2784 336 dicebat
2813 283 2862 337 ei
2897 283 3035 337 Deus
3061 300 3075 336 :
3101 285 3236 338 Audi
3256 285 3471 341 Sat-ram
3497 306 3626 343 uxo-

2051 384 2154 420 rem
2174 378 2313 422 tuam
2341 371 2359 440 (
2394 370 2520 425 Gen.
2551 374 2640 427 21.
2673 375 2740 427 12
2765 375 2803 440 ).
2833 374 3016 444 Neque
3037 387 3254 445 propter
3273 379 3449 433 mariti
3475 396 3629 433 amn-

2054 473 2166 510 rcm
2197 499 2212 523 ,
2247 474 2419 528 neque
2455 472 2671 531 propter
2703 465 2882 518 uxoris
2912 506 2926 527 ,
2958 481 3136 534 neque
3166 477 3386 536 propter
3410 468 3630 523 infantis

2053 560 2233 599 curam
2271 547 2438 602 Deum
2476 553 2754 619 quisquam
2801 554 2868 607 ad
2913 555 3046 609 iram
3087 557 3432 624 promcabat.
3480 557 3633 612 Nunc

2055 645 2233 690 autem
2257 641 2506 706 quoniam
2527 641 2660 696 adeo
2681 642 2931 698 deorsum
2956 646 3223 700 tendimus
3247 657 3302 701 et
3323 647 3628 714 dilabimur,

2055 736 2110 780 et
2140 729 2314 782 mariti
2344 744 2536 783 uxores
2562 733 2679 800 plus
2701 750 2855 800 quam
2888 735 3049 789 Deum
3081 736 3352 806 diligimus
3376 778 3391 804 ,
3414 749 3471 792 et
3495 756 3630 793 uxn-

2057 834 2142 872 res
2169 823 2388 910 maritos
2421 824 2527 877 Deo
2560 826 2928 893 pra-ferimus;
2955 828 3079 883 ideo
3106 846 3203 882 nos
3235 831 3318 885 vel
3347 833 3542 885 invitos
3565 833 3631 886 ad

2056 911 2135 963 sui
2171 911 2334 966 trahit
2359 913 2704 970 desiderium.
2736 917 2812 972 Ne
2837 920 3027 990 diligas
3057 923 3302 976 maritum
3333 923 3450 992 plus
3474 939 3630 992 quam

2061 1000 2222 1054 Demn
2251 1042 2265 1064 ,
2299 1013 2351 1056 et
2395 1022 2685 1076 numquam
2727 1011 2930 1065 senties
2968 1011 3279 1067 viduitatem
3313 1030 3333 1070 ;
3363 1014 3470 1066 imo
3505 1030 3634 1070 vero

2056 1091 2262 1144 etiamsi
2285 1095 2559 1161 acciderit,
2585 1097 2701 1166 ejus
2725 1100 2922 1153 nullum
2945 1115 3162 1155 sensum
3186 1103 3386 1168 capies.
3416 1104 3590 1171 Quare
3609 1103 3636 1157 ?

2058 1183 2316 1251 Quoniam
2355 1186 2690 1244 defensorem
2733 1191 2898 1246 habes
2929 1192 3284 1249 immortalem
3333 1197 3422 1264 qui
3465 1197 3632 1265 magis

2057 1275 2247 1344 diligit.
2303 1277 2359 1331 Si
2409 1279 2572 1337 Deum
2631 1283 2798 1351 magis
2851 1283 3027 1354 diligis
3059 1326 3074 1350 ,
3123 1303 3191 1341 ne
3249 1287 3472 1357 lugeas:
3507 1305 3630 1342 nam

2061 1365 2148 1433 qui
2202 1368 2373 1438 magis
2422 1370 2660 1442 diligitur
2713 1385 2795 1429 est
2854 1376 3211 1441 immortalis;
3255 1396 3352 1434 nec
3405 1382 3530 1434 sinit
3581 1391 3638 1434 ut

2057 1459 2346 1527 accipiatur
2383 1476 2574 1518 sensus
2611 1466 2729 1534 ejus
2775 1467 2863 1538 qui
2905 1469 3079 1523 minus
3131 1470 3386 1542 diligitur.
3437 1473 3492 1527 In
3545 1489 3639 1526 ex-

2063 1550 2244 1618 emplo
2301 1552 2486 1607 faciam
2531 1555 2630 1610 hoc
2687 1558 2777 1613 tibi
2834 1562 3196 1631 perspicuum.
3243 1563 3337 1618 Dic
3378 1564 3510 1618 mihi
3540 1581 3553 1616 :
3589 1564 3634 1618 si

2062 1641 2255 1698 habeas
2294 1645 2545 1700 maritum
2587 1649 2763 1703 omnia
2793 1648 3077 1706 facientem
3112 1669 3178 1707 ex
3222 1653 3386 1708 animi
3411 1655 3481 1708 tui
3507 1668 3635 1708 seu-

2064 1734 2228 1788 tentia
2253 1774 2268 1800 ,
2301 1736 2388 1804 qui
2418 1737 2488 1791 sit
2515 1738 2565 1792 in
2597 1739 2734 1794 bona
2759 1743 3156 1800 existimatione
3188 1786 3204 1811 ,
3235 1746 3324 1815 qui
3353 1755 3407 1802 te
3437 1747 3636 1800 claram

2065 1824 2258 1892 ubique
2286 1825 2490 1892 reddat,
2518 1844 2616 1884 nec
2642 1834 3088 1888 contemnendam
3112 1877 3124 1898 ,
3154 1837 3244 1906 qui
3271 1836 3338 1890 sit
3359 1837 3496 1906 apud
3525 1852 3638 1891 om-

2065 1931 2158 1972 nes
2185 1917 2431 1985 celebris,
2457 1922 2711 1990 prudens,
2744 1926 2959 1995 sapiens
2980 1967 2996 1992 ,
3026 1928 3114 1997 qui
3149 1937 3199 1982 te
3227 1928 3413 1999 diligat
3441 1940 3491 1983 et
3518 1945 3642 1998 prn-

2065 2020 2182 2079 pler
2223 2025 2344 2064 eum
2376 2011 2527 2066 beata
2562 2015 2828 2083 reputeris
2851 2057 2866 2079 ,
2900 2025 2954 2070 et
2987 2033 3106 2070 cum
3134 2032 3199 2072 eo
3227 2020 3404 2088 parias
3430 2035 3642 2089 quoque

2066 2098 2265 2162 ﬁlium;
2288 2099 2481 2156 deinde
2505 2103 2806 2173 priusquam
2829 2105 2892 2159 ad
2922 2116 3182 2160 maturam
3207 2109 3384 2162 veniat
3406 2118 3639 2173 aetatem,

2065 2191 2308 2255 excedat,
2341 2193 2612 2248 sentiesne
2640 2194 2882 2251 luctum?
2907 2196 3248 2267 Nequaquam
3282 2217 3295 2253 :
3327 2214 3449 2253 nam
3480 2199 3523 2252 is
3552 2200 3641 2268 qni

2067 2281 2234 2350 magis
2259 2281 2513 2352 diligitur,
2531 2284 2678 2339 illum
2704 2287 2956 2340 obscurat
2980 2298 3032 2342 et
3059 2288 3362 2344 abscondit.
3390 2291 3456 2346 Et
3479 2307 3639 2355 nunc,

2066 2375 2112 2428 si
2145 2375 2306 2430 Deum
2329 2378 2543 2447 quidem
2565 2377 2682 2447 plus
2699 2394 2848 2435 ames
2860 2396 3018 2450 quam
3045 2383 3315 2450 maritum,
3330 2381 3469 2438 forte
3494 2385 3640 2438 illiilli

2069 2481 2174 2520 non
2214 2475 2319 2521 tam
2363 2469 2471 2522 cito
2497 2469 2704 2524 auferet
2732 2487 2746 2523 :
2776 2471 2916 2540 quod
2947 2471 2992 2527 si
3024 2472 3271 2540 auferat,
3300 2489 3406 2528 non
3439 2484 3641 2530 tantum

2068 2557 2268 2612 senties
2303 2559 2521 2614 luctum.
2543 2559 2828 2630 Propterea
2856 2562 3045 2617 beatus
3072 2563 3172 2618 Job
3199 2564 3327 2617 nihil
3357 2575 3460 2620 tam
3484 2582 3643 2636 grave
3731 2562 3739 2568 ’

2070 2663 2259 2719 passus
2288 2656 2390 2714 est,
2420 2666 2540 2704 cum
2572 2652 2924 2721 repentinam,
2953 2663 3006 2708 et
3029 2654 3186 2709 simul
3213 2653 3414 2716 illatam
3443 2657 3642 2713 audiis-

2071 2749 2152 2792 set
2201 2749 2426 2817 mortem
2474 2742 3017 2814 ﬁliorum:quoniam
3066 2745 3232 2801 Deum
3274 2747 3392 2817 plus
3433 2751 3646 2804 amabat

2071 2848 2229 2902 qnam
2270 2815 2434 2901 ipsos.
2483 2834 2560 2888 Eo
2599 2851 2728 2906 ergo
2772 2838 2984 2893 vivente
3021 2839 3110 2909 qui
3160 2815 3521 2911 diligebatur,
3556 2843 3644 2897 illa

2072 2939 2193 2976 eum
2222 2925 2370 2978 nullo
2399 2934 2554 2979 erant
2583 2927 2770 2982 dolore
2796 2927 3073 2984 afl‘ectura.
3106 2931 3241 2998 Quid
3263 2931 3396 2986 dicis
3416 2975 3433 2999 ,
3464 2951 3497 2987 υ
3526 2951 3642 2988 ιιιιιο

2073 3013 2170 3068 lier
2196 3021 2219 3068 γ
2251 3017 2472 3070 maritus
2509 3025 2564 3071 et
2601 3017 2742 3072 ﬁlius
2772 3028 2824 3074 te
2852 3019 3308 3091 defendebanl,et
3336 3027 3432 3082 tui.
3459 3041 3641 3082 curam

2074 3105 2361 3174 gerebant;
2395 3107 2532 3161 Deus
2559 3117 2739 3165 autem
2780 3109 2873 3164 tibi
2915 3125 3019 3164 non
3063 3112 3270 3181 parcit?
3295 3115 3446 3169 illum
3473 3115 3646 3186 ipsum

2075 3199 2194 3266 quis
2250 3198 2342 3252 libi
2390 3199 2579 3255 dedit?
2619 3217 2798 3256 annon
2829 3202 2985 3272 ipse?
3023 3213 3074 3261 te
3120 3213 3296 3261 autem
3337 3209 3455 3279 quis
3495 3209 3650 3264 fecit?

2077 3305 2252 3345 annon
2291 3291 2445 3359 ipse?
2471 3292 2570 3358 Qui
2599 3308 2665 3347 ex
2693 3293 2865 3348 nihilo
2891 3294 2958 3348 ad
2987 3294 3091 3354 hoc
3114 3308 3171 3352 ut
3198 3313 3349 3354 esses
3376 3299 3636 3367 adduxit,

2077 3390 2131 3434 et
2160 3383 2392 3435 animam
2416 3383 2693 3453 inspiravit
2719 3425 2734 3448 ,
2766 3393 2820 3439 et
2842 3395 3074 3442 mentem
3099 3387 3330 3456 indidit,
3361 3401 3415 3446 et
3444 3391 3524 3446 sui
3554 3409 3648 3447 co-

2076 3473 2367 3544 gnitionem
2396 3473 2488 3528 tibi
2514 3475 2692 3546 largiri
2713 3476 2959 3546 dignatus
2979 3487 3084 3545 est,
3103 3488 3156 3535 et
3185 3481 3319 3538 Filio
3339 3499 3438 3537 suo
3463 3485 3650 3556 unige-

2080 3564 2192 3618 nito
2214 3573 2429 3635 propter
2446 3574 2496 3621 te
2519 3581 2622 3620 non
2643 3569 2897 3638 pepercit,
2918 3570 3008 3624 tibi
3028 3586 3134 3626 non
3159 3573 3346 3640 parcit,
3363 3590 3655 3631 conservus

2079 3665 2256 3709 autem
2281 3655 2369 3710 libi
2394 3657 2593 3726 parcit?
2611 3675 2765 3728 quam
2789 3674 2894 3714 non
2917 3661 3047 3714 iram
3065 3663 3298 3718 excitant
3319 3663 3434 3720 ha-c
3453 3668 3607 3722 verba
3632 3670 3657 3722 ?

2080 3747 2218 3811 Quid
2245 3748 2348 3802 tale
2370 3747 2597 3803 habuisti
2619 3765 2648 3803 a
2669 3753 2903 3805 marito?
2934 3751 3074 3807 Nihil
3101 3756 3273 3824 possis
3291 3757 3488 3812 dicere.
3520 3759 3652 3815 Nam

2081 3839 2290 3892 etiamsi
2320 3849 2370 3894 te
2395 3841 2571 3909 aliquo
2602 3840 2780 3895 affecit
2806 3843 3068 3898 beneﬁcio
3098 3886 3113 3911 ,
3143 3846 3236 3900 sed
3270 3847 3321 3901 id
3346 3846 3472 3904 fecit
3494 3890 3510 3916 ,
3532 3865 3654 3905 enm

2084 3938 2137 3982 tu
2172 3929 2315 3997 prior
2339 3928 2631 3998 incepisses
2661 3949 2674 3985 :
2703 3930 2770 3987 de
2812 3932 2920 3988 Deo
2963 3943 3140 3989 autem
3172 3937 3302 3992 nihil
3351 3939 3454 3993 tale
3503 3940 3656 3995 dixe-

2085 4018 2155 4071 rit
2199 4019 2497 4090 quisquam.
2529 4019 2645 4074 Non
2676 4022 2816 4076 enim
2865 4023 3005 4079 Deus
3053 4026 3207 4080 nobis
3259 4028 3546 4094 benefecit,
3574 4032 3656 4086 sic

2086 4112 2231 4180 prius
2287 4111 2547 4166 beneﬁcio
2600 4112 2858 4180 affectus;
2891 4115 2986 4170 sed
3037 4133 3156 4172 cum
3210 4120 3411 4176 nullius
3460 4131 3656 4191 egeat,

2085 4217 2153 4256 ex
2205 4203 2314 4257 sola
2381 4203 2618 4259 bonitate
2656 4205 2920 4260 benefacit
2965 4207 3242 4263 hominum
3290 4212 3493 4280 generi.
3549 4213 3657 4266 Re-

2085 4311 2244 4365 gnmu
2295 4297 2386 4351 tibi
2433 4305 2515 4351 est
2557 4298 2846 4367 pollicitus,
2877 4300 3025 4354 dedit
3053 4303 3216 4355 vitam
3265 4304 3656 4367 innuortalem,

2085 4385 2308 4454 gloriam
2342 4427 2356 4452 ,
2391 4388 2771 4444 fraternitatem
2805 4428 2821 4455 ,
2856 4389 3084 4445 ﬁliorum
3113 4392 3452 4461 adoptionem
3474 4435 3497 4462 ,
3536 4394 3663 4450 fecit

2086 4476 2402 4532 coheredem
2428 4477 2692 4547 Unigeniti
2716 4496 2729 4532 :
2753 4490 2806 4533 tu
2834 4491 3013 4536 antem
3037 4494 3156 4551 post
3178 4492 3256 4538 tot
3280 4494 3336 4540 et
3362 4495 3503 4540 tanta
3521 4486 3666 4542 bona

2087 4568 2261 4622 adhuc
2285 4567 2573 4622 meministi
2600 4569 2813 4626 mariti?
2841 4571 2977 4638 Quid
3005 4573 3093 4628 ille
3113 4573 3331 4629 donavit
3355 4575 3666 4645 ejusmodi?

2087 4659 2265 4714 Solem
2293 4676 2448 4715 suum
2482 4660 2607 4716 fecit
2634 4663 2791 4731 oriri,
2821 4665 3050 4734 pluviam
3074 4665 3242 4732 dedit,
3271 4670 3463 4724 annuis
3494 4671 3665 4740 pascit

2088 4750 2376 4804 alimentis.
2412 4750 2502 4805 Va:
2530 4751 2683 4808 nobis
2706 4753 2775 4808 ob
2805 4763 2911 4808 tam
2940 4755 3203 4825 ingratum
3225 4759 3497 4814 animum!
3535 4760 3667 4814 Pro-

2092 4851 2270 4909 pterea
2293 4850 2439 4897 tuum
2459 4842 2708 4898 maritum
2734 4844 2948 4914 accipit,
2975 4855 3033 4899 ut
3057 4861 3181 4900 eum
3208 4863 3314 4903 non
3338 4865 3548 4919 quaeras
3570 4866 3584 4904 :
3606 4859 3666 4906 ιιι

2089 4941 2266 4985 autem
2295 4948 2417 4988 eum
2447 4933 2537 5003 qui
2573 4934 2832 5000 excessit,
2861 4933 3036 4990 adhuc
3060 4945 3305 5000 sectaris,
3340 4938 3506 4995 Deum
3534 4955 3667 4996 vero

2090 5019 2311 5076 dimittis
2322 5037 2442 5077 cum
2459 5033 2731 5094 Oporteret
2745 5023 2944 5095 gratias
2955 5039 3137 5094 agere,
3153 5041 3273 5082 cum
3294 5037 3566 5099 oporteret
3581 5038 3636 5083 to
3649 5059 3668 5072 -

2093 5121 2203 5167 tum
2227 5113 2280 5167 in
2303 5112 2472 5182 ipsum
2489 5114 2783 5184 conjicere?
2795 5116 2929 5184 Quid
2942 5117 3084 5172 enim
3101 5127 3184 5174 est
3199 5119 3338 5188 quod
3355 5119 3606 5186 accepisti
3637 5136 3670 5174 a

2095 5206 2285 5259 marito
2299 5203 2322 5256 ?
2335 5212 2518 5274 partus
2529 5204 2762 5273 dolores,
2781 5207 2990 5264 labores
3002 5217 3057 5264 et
3069 5209 3440 5276 contumelias,
3457 5221 3512 5265 et
3525 5225 3670 5278 saepe

2095 5296 2408 5363 maledicta,
2439 5298 2830 5368 lncrepationes
2849 5340 2864 5364 ,
2894 5300 3308 5371 indignationes.
3338 5300 3527 5358 Nonne
3555 5303 3672 5358 haec

2093 5387 2271 5442 omnia
2299 5402 2328 5442 a
2355 5390 2595 5444 maritis?
2617 5390 2721 5446 Sed
2752 5400 2878 5446 sunt
2901 5392 3077 5448 adhuc
3097 5433 3112 5459 ,
3143 5394 3349 5465 inquit,
3377 5396 3513 5451 bona
3541 5396 3667 5450 alia.

2095 5481 2347 5548 Quantam
2363 5482 2516 5538 haec?
2537 5483 2616 5537 Me
2636 5484 2928 5554 splendidis
2946 5495 2998 5539 et
3021 5486 3267 5555 pretiosis
3283 5488 3488 5542 ornavit
3507 5486 3670 5541 vesti-

2103 5568 2297 5626 mentis
2323 5607 2336 5635 ι
2379 5575 2530 5632 faciei
2556 5591 2744 5633 aurum
2771 5577 3041 5648 imposuit,
3067 5593 3150 5634 me
3175 5577 3298 5634 fecit
3315 5577 3559 5635 omnibus
3580 5591 3670 5633 ro-
