4080 6222
423 263 519 316 ἐπὶ
1245 256 1311 311 IN
1353 255 1571 312 EPIST.
1608 257 1633 312 1
1661 256 1752 310 Al)
1785 253 1991 309 'ﬂIESE

2101 287 2124 308 ι.
2179 254 2330 310 CAP.
2369 254 2459 308 ιγ.
2502 254 2737 310 ιιυιιιιι.
2781 256 2861 310 VI.

417 371 764 437 καταξαίνειν
797 371 1048 442 παρειὰς,
1082 372 1245 425 τίνων
1268 373 1373 442 ἄρα
1400 374 1566 438 ἐστὶν,
1598 371 1716 426 εἰπέ
1746 388 1829 441 μοι
1856 388 1870 436 ;
1899 369 1994 421 Τί-

418 473 505 519 νος
547 457 738 508 ἕνεκεν
782 454 1020 524 θρηνεῖς,
1070 457 1118 506 εί
1159 455 1433 517 πιστεύεις
1483 457 1564 508 ὅτι
1604 455 1988 524 ἀναστήσεται,

414 542 495 593 ὅτι
515 540 617 592 οὐκ
647 537 946 600 ἀπόλωλεν,
975 539 1057 590 ὅτι
1085 538 1249 599 ὕπνος
1273 541 1366 591 καὶ
1395 541 1648 609 κοίμησις
1673 539 1734 590 τὸ
1761 535 1995 606 πρᾶγμά

416 627 441 676 ἐ
460 640 568 688 ru;
598 619 896 690 Συνηθείας
920 621 1126 684 ἕνεκεν,
1155 623 1307 691 φησὶ,
1343 625 1436 676 καὶ
1463 624 1816 692 προστασίας.
1855 639 1993 692 πρα-

413 705 644 774 γμάτων
691 704 1026 773 ἐπιμελείας,
1075 705 1172 773 τῆς
1205 704 1368 772 ἄλλης
1413 705 1708 774 θεραπείας
1753 703 1990 771 ἀπάσης.

416 790 587 840 Ὅταν
627 784 720 840 οῦν
769 786 935 838 παῖδα
982 787 1253 857 ἀπολέσῃς
1282 789 1339 839 ἐν
1379 786 1542 858 ἀώρῳ
1595 788 1802 858 ἡλικία,
1840 786 1992 838 οὐδὲν

413 871 626 923 οὐδέπω
666 869 868 938 πρᾶξαι
911 869 1224 940 δυνάμενον,
1265 870 1409 933 τίνος
1443 871 1628 923 ἐνεκεν
1659 871 1909 942 θρηνεῖς;
1939 869 1992 920 τί

413 951 728 1023 ἐπιζητεῖς;
783 951 1051 1014 Ἐλπίδας,
1105 953 1259 1023 φησὶ,
1304 953 1546 1023 χρηστὰς
1591 953 1856 1021 ἐνέφαινε,
1899 952 1991 1004 καὶ

415 1036 762 1106 προσεδόκων
796 1036 876 1089 ὅτι
929 1053 1028 1104 μου
1064 1037 1447 1108 προστήσεται.
1499 1037 1595 1089 Διά
1639 1037 1794 1089 τοῦτο
1842 1036 1990 1105 ζητῶ

415 1119 506 1171 τὸν
533 1119 720 1189 ἄνδρα,
763 1120 852 1173 διὰ
893 1119 1050 1173 τοῦτο
1092 1121 1181 1172 τὸν
1225 1121 1356 1184 υίὸν,
1397 1120 1484 1173 διὰ
1524 1120 1679 1172 τοῦτο
1722 1120 1990 1188 κόπτομαι

418 1202 512 1254 καὶ
542 1201 744 1271 θρηνῶ,
786 1203 886 1254 οὐκ
918 1203 1221 1256 ἀπιστοῦσα
1267 1206 1333 1272 τῇ
1368 1205 1683 1264 ἀναστάσει,
1715 1203 1826 1255 ἀλλ’
1859 1205 1990 1271 ἐρη-

421 1304 515 1352 μος
547 1286 797 1358 βοηθείας
839 1290 1124 1356 γενομένη,
1162 1289 1256 1340 καὶ
1301 1287 1390 1339 τὸν
1423 1288 1734 1357 προστάτην
1781 1286 1990 1338 ἀπολω-

416 1370 624 1433 λεκυῖα,
655 1369 746 1423 τὸν
777 1371 1041 1435 σύνοικον,
1083 1370 1178 1423 τὸν
1217 1373 1274 1422 ἐν
1307 1371 1440 1422 πᾶσι
1473 1368 1850 1429 κοινωνοῦντα,
1899 1368 1990 1420 τὸν

416 1451 866 1521 παρηγοροῦνταο
899 1451 986 1505 διὰ
1018 1453 1189 1505 ταῦτα
1231 1453 1430 1506 πενθῶ.
1467 1447 1598 1504 Οἶδα
1625 1453 1706 1504 ὃτι
1751 1451 1990 1521 ἀναστή-

419 1551 592 1596 σεται,
625 1535 739 1587 ἀλλ’
779 1536 838 1588 οὐ
885 1535 1037 1604 φέρω
1082 1535 1174 1587 τὸν
1226 1535 1428 1601 μεταξὺ
1474 1535 1768 1604 χωρισμόν
1825 1533 1991 1596 πολὺς

415 1617 525 1669 τῶν
579 1618 918 1687 πραγμάτων
959 1618 987 1668 6
1023 1616 1179 1685 δχλος
1230 1620 1467 1689 ἐπιρρεῖ,
1513 1619 1647 1670 πᾶσι
1685 1617 1990 1686 ’πρόκειμαι

415 1703 528 1762 τοῖς
561 1699 904 1769 βουλομένοις
936 1700 1160 1753 ἀδικεῖνο
1193 1701 1242 1752 οἱ
1266 1701 1565 1764 δεδοικότες
1596 1701 1859 1771 πρότερον
1883 1697 1990 1750 τῶν

416 1783 662 1844 οἰκετῶν,
694 1783 1098 1853 καταφρονοῦσι
1129 1784 1245 1848 νῦν,
1267 1785 1655 1853 ἐπεμϐαίνουσι
1678 1800 1690 1812 ’
1723 1785 1879 1846 εἴτις
1900 1783 1991 1834 εὐ-

417 1869 742 1938 ηργέτηται.
789 1869 888 1937 τῆς
926 1869 1246 1939 εὐεργεσίας
1295 1869 1642 1937 ἐπιλέλησται
1694 1869 1791 1937 τῆς
1846 1866 1988 1919 ἐκεί-

416 1968 540 2004 νου·
585 1953 637 2004 εί
653 1967 736 2012 τις
779 1951 963 2014 κακῶς
995 1951 1161 2005 ἔπαθε
1205 1954 1332 2022 παρ’
1365 1953 1552 2014 αὐτοῦ,
1591 1951 1669 2020 τῷ
1705 1949 1991 2002 ἀπελθόντι

420 2031 776 2102 μνησικακῶν
813 2036 893 2093 είς
928 2035 1030 2104 ἐμὲ
1073 2033 1173 2104 τὴν
1212 2036 1382 2105 ὀργὴν
1433 2035 1646 2105 ἀφίησι.
1678 2031 1864 2085 Ταῦτα
1892 2032 1992 2084 οὐκ

415 2115 609 2185 ἀφίησί
650 2133 718 2187 με
762 2117 861 2186 τὴν
911 2118 1138 2188 χηρείαν
1186 2119 1393 2189 φέρειν,
1433 2118 1621 2188 πράως
1674 2113 1989 2186 ὀδύρασθαι·

412 2200 502 2253 διὰ
528 2201 700 2253 ταῦτα
728 2201 1018 2270 κόπτομαι,
1060 2201 1146 2254 διά
1177 2201 1345 2256 ταῦτα
1381 2201 1583 2271 θρηνῶ.
1621 2201 1742 2262 Πῶς
1769 2196 1861 2252 οὗν
1892 2201 1990 2262 τὰς

412 2281 668 2346 τοιαύτας
695 2283 1240 2353 παραμυθησόμεθα;
1285 2284 1338 2336 τί
1367 2283 1630 2354 ἐροῦμενς
1665 2283 1780 2344 πῶς
1810 2282 1990 2335 αὐτῶν

411 2364 512 2435 τὴν
557 2364 752 2434 ὀδύνην
793 2365 1278 2436 ἀποκρουσὸμεθας
1322 2367 1542 2437 Πρῶτον
1575 2367 1741 2426 αὐτὰς
1785 2365 1991 2432 διελέγ-

413 2447 502 2509 ξαι
544 2446 895 2516 πειράσομαι,
941 2450 1023 2502 ὃτι
1065 2450 1125 2502 οὐ
1169 2450 1375 2503 τούτων
1416 2451 1564 2502 ἐστὶν
1593 2451 1622 2501 6
1661 2449 1856 2518 θρῆνος
1884 2448 1990 2500 τῶν

415 2529 699 2600 ῥημάτων,
745 2529 880 2583 ἀλλᾶ
925 2531 1132 2593 πάθους
1181 2532 1488 2600 ἀλογίστου.
1549 2533 1609 2584 Εἰ
1658 2531 1764 2601 γὰρ
1815 2530 1989 2584 ταῦτα

411 2607 650 2676 πενθεῖς,
687 2614 854 2683 ἐχρῆν
894 2614 1182 2678 διαπαντὸς
1211 2617 1422 2669 πενθεῖν
1459 2619 1547 2667 τὸν
1577 2613 1879 2667 ἀπελθόντα
1899 2631 1914 2646 ο
1940 2615 1988 2667 εἰ

412 2695 470 2748 δέ
507 2696 754 2749 ἐνιαυτοῦ
793 2697 1154 2767 παρελθόντος
1187 2697 1524 2768 ἐπιλέλησαι,
1575 2697 1650 2760 ὡς
1680 2698 1801 2750 ούδέ
1831 2714 1989 2764 γενο-

416 2778 580 2848 μένου
631 2781 798 2844 τινὸς,
847 2781 908 2833 οὐ
961 2781 1052 2834 τὸν
1099 2782 1405 2835 ἀπελθόντα
1457 2780 1696 2850 θρηνεῖς,
1737 2780 1859 2833 οὐδέ
1890 2780 1988 2850 τὴν

416 2865 770 2932 προστασίαν.
802 2865 966 2917 Ἀλλά
984 2867 1074 2918 τὸν
1101 2866 1377 2937 χωρισμὸν
1409 2868 1470 2920 οὐ
1507 2867 1713 2936 φέρεις,
1741 2867 1862 2919 οὐδέ
1891 2865 1990 2936 τὴν

415 2950 516 3016 τῆς
543 2947 834 3017 συνηθείας
878 2948 1184 3021 διακοπήνς
1227 2950 1293 3002 Τί
1344 2950 1390 3003 δ’
1440 2949 1505 3002 ἂν
1552 2948 1757 3002 εἴποιεν
1808 2949 1865 3001 αἱ
1895 2949 1989 3001 καὶ

414 3030 686 3100 δευτέροις
729 3032 1014 3102 ὁμιλοῦσαι
1056 3034 1290 3101 γάμοις;
1327 3047 1352 3074 α
1394 3034 1604 3103 Σφόδρα
1638 3049 1700 3100 γε
1726 3049 1739 3061 ·
1781 3033 1842 3085 οὐ
1881 3035 1989 3104 γὰρ

415 3115 541 3178 τοὺς
564 3117 860 3186 προτέρους
892 3115 1261 3187 ἐπιζητοῦσιν.
1293 3117 1455 3170 Ἀλλά
1499 3119 1575 3188 μὴ
1621 3117 1757 3188 πρὸς
1787 3116 1990 3181 ταύτας

415 3197 509 3250 τὸν
539 3198 696 3265 λόγον
723 3199 1118 3268 ἀποτείνωμεν,
1173 3200 1306 3254 ἀλλά
1350 3203 1488 3270 πρὸς
1533 3201 1632 3265 τὰς
1681 3204 1794 3264 τοῖς
1819 3201 1990 3255 ἀπελ-

418 3280 603 3333 θοῦσιν
626 3279 842 3334 εὐνοιαν
879 3282 1274 3350 φυλαττούσας.
1304 3285 1402 3336 Διά
1441 3284 1494 3337 τί
1527 3285 1744 3348 πενθεῖς
1775 3284 1837 3336 τὸ
1866 3303 1992 3338 παι-

414 3362 553 3429 δίονς
596 3362 685 3417 διὰ
715 3362 768 3416 τί
818 3363 910 3417 τὸν
961 3364 1164 3435 ἄνδρα;
1205 3365 1313 3419 Τοῦ
1342 3367 1462 3436 μὲν,
1492 3367 1680 3438 ἐπειδὴ
1732 3368 1832 3421 οὐκ
1879 3370 1989 3421 ἀπ-

417 3445 638 3508 έλαυσα,
671 3447 805 3515 φησί
829 3465 844 3479 θ
876 3447 972 3500 τοῦ
1005 3448 1081 3510 δέ.
1107 3449 1292 3519 ἐπειδὴ
1324 3450 1700 3521 προσεδόκησα
1735 3451 1991 3504 ἐπιπλέον

419 3528 838 3584 ἁπολαύσεσθαι.
874 3531 1046 3585 Τοῦτο
1084 3533 1142 3586 δὲ
1191 3535 1324 3587 αὐτὸ
1361 3535 1492 3604 ὅσης
1523 3535 1779 3597 ἀπιστίας
1815 3535 1876 3586 τὸ
1907 3551 1993 3587 νο-

425 3611 621 3682 μίζειν,
674 3613 754 3666 ὅτι
808 3615 837 3665 6
901 3614 1039 3685 ἀνὴρ
1099 3615 1132 3686 ἢ
1190 3615 1252 3668 τὸ
1297 3617 1504 3670 παιδίον
1542 3618 1600 3669 ἐν
1641 3617 1911 3689 ἀσφαλείᾳ
1933 3634 1991 3670 σε

423 3697 674 3767 καθίστη,
707 3697 836 3750 ἀλλ’
867 3699 964 3769 οὐχ
994 3701 1022 3752 6
1065 3699 1225 3763 Θεόςς
1265 3699 1381 3764 πῶς
1408 3702 1508 3754 οὐκ
1537 3702 1635 3754 οἴει
1668 3700 1991 3770 παροξύνειν

420 3780 609 3842 αὐσόνς
645 3780 744 3834 Διά
789 3781 898 3851 γὰρ
941 3781 1100 3834 τοῦτο
1155 3782 1354 3845 αὐτοὺς
1407 3782 1674 3854 λαμϐάνει
1707 3785 1988 3849 πολλάκις,

421 3861 506 3913 ἴνα
562 3861 637 3930 μὴ
678 3861 850 3926 οὕτως
894 3864 1078 3926 αὐτοῖς
1222 3865 1648 3937 προσδεδεμένη,
1697 3866 1836 3920 ὥστε
1895 3868 1990 3920 ἀπ’

421 3945 572 4017 [469]
600 3945 822 3998 ἐκείνων
855 3945 954 4016 τὴν
987 3947 1178 4000 ἐλπίδα
1208 3951 1537 4018 ἀπαγαγεῖν.
1581 3951 1710 4015 Θεὸς
1741 3951 1852 4021 γάρ
1875 3953 1992 4004 ἐστι

420 4028 686 4099 ζηλωτὴς,
707 4029 800 4084 καὶ
816 4031 1031 4084 πάντων
1046 4032 1277 4100 μάλιστα
1301 4031 1546 4102 βούλεται
1569 4051 1643 4087 πα
1652 4035 1697 4102 ρ’
1726 4033 1882 4104 ἡμῶν
1906 4051 1995 4102 φι-

420 4111 647 4176 λεῖσθαι,
684 4114 778 4165 καὶ
804 4113 983 4179 τοῦτο,
1014 4114 1199 4184 ἐπειδὴ
1234 4115 1440 4184 σφόδρα
1469 4117 1618 4186 ἡμᾶς
1647 4116 1811 4184 φιλεῖ.
1848 4119 1992 4170 Ἰστε

419 4197 528 4266 γὰρ
559 4197 640 4249 ὅτι
662 4195 821 4249 τοῦτο
849 4197 958 4248 τῶν
985 4198 1227 4267 μανικῶς
1256 4197 1554 4266 φιλούντων
1585 4200 1643 4251 τὸ
1673 4199 1794 4263 ἔθος
1812 4217 1828 4234 ο
1856 4201 1990 4270 σφό-

419 4278 523 4348 δρα
551 4279 658 4332 είσὶ
680 4279 992 4350 ζηλότυποι,
1024 4281 1118 4334 καὶ
1134 4283 1372 4352 αἱροῖντο
1403 4281 1470 4335 ἂν
1494 4283 1594 4350 τὴν
1618 4282 1799 4352 ψυχὴν
1855 4301 1992 4354 προ-

423 4362 598 4426 έσθαι,
635 4362 666 4432 ἢ
698 4364 1240 4434 παρευὼκιμηθῆναι
1302 4364 1408 4418 ὐπό
1437 4382 1581 4428 τινος
1633 4365 1740 4417 τῶν
1767 4367 1995 4435 ἀντερα-

422 4445 583 4498 στῶν.
611 4448 709 4501 Διά
737 4448 908 4501 ταῦτα
936 4450 1031 4502 καὶ
1063 4451 1092 4502 6
1121 4448 1254 4512 Θεὸς
1294 4449 1455 4501 αὐτὸν
1485 4448 1667 4512 ἐλαϐε,
1705 4448 1794 4502 διὰ
1819 4448 1994 4502 ταῦτα

419 4531 490 4581 τι
522 4530 763 4600 ῥήματα.

489 4639 562 4702 γ’.
581 4635 732 4687 Ἐπεὶ
753 4633 896 4698 τίνος
923 4634 1132 4698 ἕνεκεν,
1157 4635 1278 4688 είπέ
1304 4637 1485 4705 μοι,τὸ
1512 4636 1740 4689 παλαιὸν
1760 4638 1860 4690 οὐκ
1882 4636 1995 4704 ἐγίο

422 4731 576 4769 νοντο
630 4720 870 4788 χηρεῖαι,
919 4718 1040 4771 οὐδέ
1097 4718 1354 4789 ὀρφανίαι
1408 4719 1608 4790 ἀώροις
1661 4719 1750 4772 διὰ
1795 4719 1848 4771 τί
1903 4719 1994 4773 τὸν

435 4797 684 4867 ’Λϐραὰμ
733 4801 828 4853 καὶ
862 4800 1050 4854 Ἰσαὰκ
1101 4801 1280 4871 ἀφῆκε
1337 4800 1504 4855 πολὺν
1555 4801 1718 4872 ζῆσαι
1771 4802 1991 4872 χρόνον;

421 4880 642 4943 Πάντως
679 4883 760 4936 ὅτι
790 4884 884 4936 καὶ
904 4883 1104 4948 ζῶντος
1139 4882 1336 4950 αὐτοῦ,
1370 4885 1638 4955 προετίμα
1662 4885 1689 4924 ι’
1718 4885 1809 4938 τὸν
1841 4885 1994 4940 Θεόν.

424 4959 560 5016 Εἷπε
588 4963 745 5032 γοῦν.
772 4967 989 5036 Σφάξον
1021 4984 1035 4999 ·
1079 4967 1173 5020 καὶ
1206 4966 1431 5036 ἔσφαξε.
1457 4967 1554 5022 Διά
1574 4968 1624 5020 τί
1655 4969 1754 5039 τὴν
1782 4969 1996 5040 Σάρραν

421 5047 514 5101 ἐπι
535 5047 788 5101 τοσοῦτον
830 5050 1006 5120 ἧγαγε
1052 5051 1258 5124 γῆρας;
1299 5052 1420 5105 Ὀτι
1469 5052 1564 5104 καὶ
1609 5051 1793 5122 ζώσης
1827 5053 1997 5120 αὐτῆς

421 5129 516 5184 τοῦ
548 5130 686 5184 Θεοῦ
719 5132 922 5202 μᾶλλον
958 5135 1177 5204 ήκουεν,
1207 5135 1240 5206 ἢ
1272 5135 1460 5206 αὐτῆς.
1511 5137 1609 5189 Διά
1645 5137 1804 5189 τοῦτο
1843 5136 1996 5204 ἔλεγε

422 5212 561 5281 πρὸς
588 5213 752 5274 αὐτὸν
796 5215 826 5267 6
870 5215 1004 5280 Θεός
1037 5233 1052 5249 ο
1098 5218 1392 5272 Ἄκουσον
1441 5216 1676 5287 Σὰρῤας
1732 5218 1838 5286 τῆς
1894 5236 1998 5286 γυ-

422 5298 635 5362 ναικός
666 5312 806 5354 σου.
839 5298 976 5352 οὔτε
1009 5300 1078 5352 δι’
1106 5300 1297 5372 ἀνδρὸς
1331 5301 1534 5370 φιλίαν,
1552 5301 1676 5355 οὔτε
1706 5301 1795 5355 διὰ
1811 5318 2002 5369 γυναι·-

423 5381 539 5444 κὸς,
603 5379 729 5435 οὐτε
788 5383 876 5436 διά
925 5384 1112 5449 παιδὸς
1169 5385 1506 5456 προστασίαν
1564 5386 1882 5459 παρώργιζέ
1915 5404 2000 5451 τις

421 5463 546 5518 τότε
567 5465 659 5527 τὸν
686 5465 840 5527 Θεόν.
869 5466 984 5524 Νῦν
1009 5468 1068 5522 δέ
1100 5469 1286 5542 ἐπειδὴ
1319 5474 1660 5546 κατωφερεῖς
1689 5473 1876 5541 ἐσμεν,
1904 5471 1999 5529 καὶ

491 5714 513 5738 ⁸
544 5709 720 5773 Inserit
751 5710 886 5760 (Iolb.
911 5716 962 5758 el
986 5709 1136 5773 Savil.
1167 5710 1216 5760 in
1243 5725 1376 5771 marg
1403 5748 1416 5765 .
1441 5709 1569 5773 ‘_Apa
1591 5712 1669 5758 τὸν
1690 5712 1931 5773 χωρισμόν
1953 5726 1966 5769 ;

490 5773 517 5816 ι’
545 5772 826 5836 ίιιέρὺυιιιι
844 5771 1148 5836 προετίμασε,
1168 5773 1297 5835 quod
1319 5787 1347 5823 ο
1370 5771 1804 5824 ιζυιθζςοιτρυιιιιη
1829 5780 1919 5822 ρει.

3571 251 3683 305 632

2104 370 2308 439 σφόδρα
2342 371 2890 440 καταπεπώκαμεν,
2929 372 3023 424 καλ⁸
3070 370 3260 438 ἄνδρες
3292 368 3554 436 γυναῖκας
3581 362 3683 418 τοῦ

2103 453 2234 505 Θεοῦ
2261 454 2422 508 πλέον
2457 454 2748 524 φιλοῦμεν,
2784 455 2873 507 καὶ
2907 456 3165 521 γυναῖκες
3191 452 3389 520 ἄνδρας
3416 449 3508 502 τοῦ
3539 449 3682 502 Θεοῦ

2103 536 2264 588 πλέον
2292 536 2671 607 προτιμῶμεν,
2715 538 2906 588 τούτου
2941 537 3098 605 χάριν
3134 534 3229 586 καὶ
3263 534 3496 594 ἄκοντας
3525 533 3678 600 ἡμᾶς

2102 624 2181 680 εἰς
2214 620 2376 672 πόθον
2409 621 2559 673 ἐλκει
2591 621 2687 674 τὸν
2715 620 2902 673 αὐτοῦ.
2934 620 3024 689 Μὴ
3061 618 3208 687 φίλει
3255 617 3346 668 τὸν
3380 615 3549 684 ἄνδρα
3577 613 3675 666 τοῦ

2101 705 2236 756 Θεοῦ
2267 704 2448 766 πλέον,
2480 706 2572 757 καὶ
2595 707 2697 756 οὐκ
2738 704 2975 774 αἰσθήσῃ
3003 701 3229 772 χηρείας
3270 699 3400 752 ποτέ
3428 712 3442 727 ⁸
3473 698 3680 767 μᾶλλον

2098 789 2153 841 δὲ
2179 790 2281 841 κᾶν
2314 790 2519 859 συμϐῇ,
2569 791 2628 841 οὐ
2670 789 2814 860 λήψῃ
2862 790 2958 857 τὴν
3000 787 3272 855 αἴσθησιν.
3308 783 3405 835 Διὰ
3436 781 3518 848 τί;
3552 782 3679 832 Ὂτι.

2101 875 2412 943 προστάτην
2443 874 2587 944 ἔχεις
2625 874 2714 926 τὸν
2758 873 2956 942 μᾶλλον
2993 869 3249 939 φιλοῦντα
3292 866 3575 919 ἀθάνατον.
3609 864 3676 915 EE

2105 957 2304 1026 μᾶλλον
2334 957 2425 1009 τὸν
2455 957 2588 1008 Θεὸν
2645 956 2840 1024 φιλεῖς,
2895 955 2969 1025 μὴ
3027 952 3212 1004 πένθει
3238 967 3252 980 ⁸
3280 952 3306 1002 6
3334 948 3442 1016 γὰρ
3474 945 3680 1026 μαλλον

2101 1039 2439 1107 φιλούμενος,
2481 1039 2744 1100 ἀθάνατός
2773 1041 2910 1097 ἐστι,
2939 1038 3028 1088 καὶ
3049 1036 3147 1086 οὐκ
3167 1032 3359 1100 ἀφίησι
3393 1029 3486 1081 τοῦ
3510 1024 3679 1096 ἧττον

2101 1121 2425 1191 φιλουμένου
2463 1123 2646 1174 λαϐεῖν
2682 1121 2932 1185 αἴσθησιν
2954 1137 2972 1151 ι
3019 1116 3142 1168 Ἐπὶ
3171 1113 3388 1179 ὀποδείγ
3401 1111 3566 1180 ματός
3590 1127 3677 1161 σοι

2098 1205 2253 1257 τοῦτο
2285 1207 2493 1273 ποιήσω
2545 1205 2796 1273 φανερόν.
2833 1202 2964 1255 Εἰπέ
3022 1217 3131 1268 μοι,
3179 1199 3227 1250 εί
3276 1195 3440 1265 ἄνδρα
3470 1194 3612 1262 ἔχεις
3643 1201 3667 1230 ⁸

2101 1288 2242 1338 κατά
2267 1287 2492 1357 γνώμην
2520 1305 2602 1339 σοι
2643 1288 2818 1340 πάντα
2881 1287 3209 1354 πράττοντα,
3257 1277 3674 1346 εὐδοκιμοῦντα,

2099 1372 2192 1422 καὶ
2230 1371 2486 1423 ποιοῦντά
2517 1387 2575 1422 σε
2599 1369 2856 1439 λαμπρὰν
2893 1363 3192 1433 πανταχοῦ,
3229 1361 3323 1414 καὶ
3351 1359 3671 1427 ἀκαταφρό-

2099 1470 2276 1521 νητον,
2314 1452 2704 1523 εὐδοκιμοῦντα
2756 1451 2907 1520 παρά
2977 1450 3134 1512 πᾶσι,
3194 1443 3434 1502 συνετὸν,
3486 1442 3679 1510 σοφὸν,

2100 1539 2357 1606 φιλοῦντά
2416 1555 2498 1602 σε,
2560 1536 2972 1608 μακαριζομένη
3029 1535 3096 1586 δι’
3153 1532 3336 1590 αὐτὸν,
3391 1528 3484 1580 καὶ
3535 1526 3673 1593 μετά

2098 1621 2288 1674 τούτου
2339 1623 2504 1691 τέκῃς
2556 1623 2650 1674 καὶ
2703 1621 2934 1682 παιδίον,
2995 1615 3114 1670 εἶτα
3176 1615 3306 1684 πρὶν
3346 1612 3490 1682 ἢείς
3525 1609 3674 1679 ὥραν

2100 1704 2272 1757 ἐλθεῖν
2323 1705 2538 1774 ἡλικίας
2591 1704 2822 1757 ἀπέλθοι
2878 1703 3054 1764 τοῦτο,
3117 1695 3227 1767 ἆρα
3288 1695 3522 1764 αἰσθήσῃ
3578 1693 3672 1744 τοῦ

2101 1789 2360 1854 πένθους;
2392 1788 2654 1858 Οὐδαμῶς
2678 1805 2692 1819 ⁸
2714 1789 2743 1841 6
2775 1785 2882 1856 γὰρ
2914 1782 3111 1856 μᾶλλον
3147 1780 3469 1849 φιλούμενος
3499 1778 3674 1828 ἐκεῖνο

2099 1870 2462 1942 ἀποκρύπτει.
2503 1871 2610 1923 Καὶ
2650 1870 2745 1922 νῦν
2782 1871 2876 1922 τὸν
2918 1867 3049 1920 Θεὸν
3096 1863 3162 1918 ἂν
3197 1862 3360 1914 πλέον
3393 1860 3551 1928 φιλῇς
3577 1857 3671 1942 τοῦ

2100 1941 2314 2023 ἀνδρὸς,
2349 1953 2585 2022 μάλιστα
2629 1953 2728 2022 μὲν
2769 1954 2830 2004 οὐ
2871 1951 3079 2018 ταχέως
3124 1947 3285 2000 αὐτὸν
3320 1943 3586 2012 λήψεται·
3625 1941 3674 1990 εί

2099 2038 2152 2088 δέ
2185 2037 2291 2106 ἄρα
2322 2035 2415 2088 καὶ
2450 2035 2626 2100 λάϐοι,
2667 2036 2767 2104 οὐχ
2815 2034 2956 2099 ἐξεις
2988 2031 3242 2098 αἴσθησιν
3281 2026 3374 2079 τοῦ
3419 2023 3669 2084 πένθους.

2101 2120 2199 2171 Διά
2228 2118 2386 2171 τοῦτο
2413 2119 2508 2171 καῖ
2531 2120 2559 2170 6
2597 2118 2866 2187 μακάριος
2909 2114 3034 2167 Ἰὼϐ
3061 2113 3213 2165 οὐδὲν
3239 2110 3446 2177 ἔπασχε
3473 2107 3670 2166 δεινὸν,

2099 2202 2205 2254 τῶν
2239 2202 2446 2254 παίδων
2471 2201 2536 2254 ἀθ
2547 2201 2666 2270 ρόον
2691 2200 2782 2252 τὸν
2809 2199 3037 2251 θάνατον
3078 2194 3339 2256 ἀκούσας,
3367 2190 3554 2257 ἐπειδὴ
3585 2189 3676 2239 τὸν

2099 2285 2230 2338 Θεὸν
2283 2285 2455 2354 ἐφίλει
2501 2284 2662 2337 πλέον
2719 2281 2922 2336 αὐτῶν.
2975 2277 3084 2332 Τοῦ
3130 2277 3312 2328 τοίνυν
3346 2270 3674 2354 φιλουμένᾶ

2099 2352 2336 2434 ζῶντος,
2357 2368 2508 2420 οὐδὲν
2561 2366 2784 2436 ἔμελλεν
2830 2365 3015 2417 ἐκεῖνα
3058 2361 3324 2430 λυπήσειν
3385 2356 3570 2410 αὐτόν.
3609 2352 3676 2406 Τί

2097 2455 2295 2521 λέγεις,
2358 2446 2404 2504 ὦ
2461 2450 2656 2520 γύναι;
2707 2450 2736 2502 6
2783 2448 2922 2517 ἀνὴρ
2967 2446 3059 2499 καὶ
3113 2446 3141 2496 ὁ
3196 2444 3322 2504 παῖς
3386 2436 3678 2510 προϊστατὸ

2101 2555 2215 2599 σου,
2249 2539 2277 2589 6
2311 2536 2369 2589 δέ
2400 2535 2531 2597 Θεὸς
2563 2533 2624 2586 οὐ
2652 2531 2893 2601 φείδεταί
2923 2527 2948 2566 ἀ
2980 2546 3076 2582 σου
3105 2545 3118 2588 ς
3163 2527 3325 2579 αὐτὸν
3369 2523 3434 2594 δὴ
3469 2524 3678 2575 ἐκεῖνον

2098 2623 2182 2685 τίς
2243 2639 2326 2674 σοι
2371 2619 2605 2683 ἔδωκεν;
2654 2617 2778 2687 οὐχὶ⁸
2821 2614 3012 2677 αὐτός;
3057 2614 3112 2665 σὲ
3159 2612 3216 2664 δέ
3266 2610 3350 2671 τίς
3385 2608 3675 2687 ἐποίησεν;

2097 2707 2217 2777 οὐχί
2250 2705 2448 2769 αὐτός;
2497 2703 2554 2754 '0
2613 2685 2841 2770 μένηέκ
2895 2697 2991 2750 τοῦ
3054 2696 3128 2766 μὴ
3174 2694 3326 2756 ὸντος
3350 2693 3519 2777 είςᾼτὸ
3537 2685 3678 2741 εἶναι

2099 2774 2459 2863 παραγαγὼν,
2480 2786 2572 2839 καὶ
2592 2783 2770 2854 ψυχὴν
2807 2781 2904 2852 μὲν
2937 2779 3273 2863 ἐμπνεύσας,
3296 2777 3404 2863 ’καὶ
3435 2774 3678 2863 διάνοιαν

2099 2858 2295 2937 ἐνθεὶς,
2328 2873 2421 2925 καλ¹
2466 2871 2566 2939 τὴν
2608 2869 2773 2922 αὐτοῦ
2827 2865 3030 2932 γνῶσιν
3077 2859 3421 2925 καταξιώσας
3448 2858 3676 2928 χαρίσα-

2101 2958 2242 3018 σθαι,
2280 2958 2372 3009 καὶ
2403 2954 2496 3008 τοῦ
2531 2953 2661 3007 Υίοῦ
2696 2949 2862 3006 αὐτοῦ
2892 2951 2987 3005 τοῦ
3018 2945 3336 3021 μονογενοῦς
3371 2944 3458 2996 διά
3500 2943 3559 2995 σέ
3600 2943 3675 3012 μὴ

2099 3041 2433 3111 φειδόμενος,
2469 3037 2563 3091 σοῦ
2595 3037 2656 3090 οὐ
2692 3035 2949 3105 φείδεται,
2994 3034 3024 3086 6
3066 3032 3122 3086 δὲ
3166 3029 3454 3100 ὁμόδουλος
3487 3027 3678 3111 φείσε-

2097 3109 2220 3189 ται;
2248 3109 2420 3193 πόσης
2460 3121 2631 3174 ταῦτα
2667 3119 2836 3188 ὀργῆς
2889 3118 2955 3170 τὰ
3017 3117 3266 3186 ρήματα;
3322 3111 3388 3163 Τί
3437 3109 3679 3193 τοιοῦτον

2100 3207 2255 3277 ἔσχες
2281 3191 2432 3278 παρὰ
2453 3204 2549 3258 τοῦ
2599 3203 2826 3273 ἀνδρόςς
2865 3199 3032 3252 υύδέν
3091 3197 3158 3250 ἂν
3212 3195 3356 3264 ἔχοις
3385 3191 3678 3278 {magna

2231 3273 2376 3362 (47οᾗ
2408 3289 2462 3341 τί
2519 3304 2578 3339 σε
2629 3286 2723 3340 καὶ
2769 3283 3163 3355 εὐηργέτησεν,
3196 3278 3336 3362 ,ἀλλ’
3369 3273 3427 3331 εὖ
3466 3274 3676 3362 παθὼν,

2099 3358 2691 3441 ἀλλάπροῦπαρξάσης
2715 3385 2808 3421 σου
2838 3383 2852 3397 ο
2885 3367 2977 3418 ἐπὶ
3005 3364 3062 3418 δέ
3083 3361 3218 3416 Θεοῦ
3247 3362 3403 3415 οὐδὲν
3436 3358 3678 3414 τοιοῦτον

2099 3457 2164 3510 ἄν
2192 3473 2277 3519 τις
2304 3456 2418 3524 ἐχοι
2445 3454 2643 3520 λέγειν.
2695 3451 2768 3503 Οὐ
2823 3449 2932 3520 γὰρ
2985 3443 3044 3501 εὖ
3093 3444 3280 3499 παθών
3315 3448 3342 3498 6
3371 3443 3503 3504 Θεὸς
3535 3443 3677 3510 παρ’

2099 3537 2278 3609 ἡμῶν,
2302 3537 2474 3599 οῦτως
2501 3536 2647 3606 ἡμᾶς
2701 3533 3004 3604 εὐεργετεῖ,
3053 3529 3170 3585 ἀλλ’
3217 3528 3470 3597 ἀνενδεὴς
3494 3524 3590 3586 ὢν,
3619 3525 3680 3588 ἐξ

2099 3608 2432 3690 ἀγαθὸτητος
2459 3619 2624 3690 μόνης
2658 3613 2718 3670 εὖ
2753 3617 2896 3669 ποιεῖ
2935 3614 2996 3666 τὸ
3030 3614 3140 3666 τῶν
3170 3610 3470 3682 ἀνθρώπων
3497 3608 3674 3676 γένος.

2101 3706 2384 3760 Βασιλείαν
2425 3721 2504 3756 σοι
2535 3700 2916 3772 ἐπηγγείλατο,
2973 3697 3116 3767 ζωὴν
3163 3695 3448 3756 ἀθάνατον,
3494 3691 3674 3756 δόξαν,

2099 3791 2454 3859 ἀδελφότητα,
2506 3785 2777 3840 υἱοθεσίαν
2825 3783 3023 3846 ἔδωκε,
3087 3780 3528 3850 συγκληρονόμον
3579 3778 3676 3830 τοῦ

2101 3873 2438 3943 Μονογενοῦς
2471 3871 2694 3942 ἐποίησε
2728 3888 2742 3900 ·
2775 3870 2838 3922 σὺ
2863 3870 2919 3921 δέ
2942 3868 3036 3920 τοῦ
3065 3866 3258 3938 ἀνδρὸς
3283 3865 3363 3917 ἐτι
3401 3864 3675 3934 μέμνησαι

2105 3960 2241 4030 μετὰ
2280 3956 2516 4011 τοσαῦτα
2550 3955 2758 4020 ἁγαθά;
2795 3953 2860 4005 Τί
2922 3951 3160 4005 τοιοῦτον
3224 3951 3431 4010 ἐκεῖνος
3481 3947 3676 4017 ἐχαρί-

2103 4058 2264 4105 σατο;
2299 4041 2402 4093 Τὸν
2438 4039 2588 4111 ἥλιον
2630 4035 2794 4090 αὐτοῦ
2849 4034 3111 4097 ἀνέτειλε,
3165 4033 3255 4086 τὸν
3305 4033 3458 4084 ὑετὸν
3485 4031 3677 4094 ἔδωκε,

2099 4129 2220 4191 ταῖς
2263 4124 2499 4192 ἐτησίοις
2556 4124 2784 4192 τροφαῖς
2830 4121 3043 4190 τρέφει.
3104 4118 3238 4170 Οὐαὶ
3288 4119 3420 4187 ἡμῖν
3477 4117 3540 4169 ἐκ
3579 4117 3679 4186 τῆς

2104 4209 2301 4278 πολλῆς
2332 4205 2690 4276 ἀχαριστίαςί
2727 4203 2826 4254 Διά
2861 4203 3020 4253 τοῦτο
3059 4199 3325 4268 λαμϐάνει
3366 4198 3454 4250 τὸν
3482 4199 3675 4268 ἄνδρα,

2101 4293 2192 4346 ἵνα
2219 4289 2381 4344 αὐτόν
2410 4288 2485 4358 μὴ
2515 4287 2683 4356 ζητῇς
2725 4302 2738 4316 ·
2775 4286 2838 4337 σύ
2873 4283 2929 4335 δέ
2970 4281 3294 4342 ἀπελθόντος
3332 4280 3430 4350 ἔχῃ
3459 4280 3559 4339 ἐτι,
3584 4279 3680 4331 καὶ

2101 4375 2192 4426 τὴν
2213 4371 2344 4424 Θεὸν
2373 4371 2559 4437 ἀφίης,
2586 4368 2703 4418 δέον
2748 4365 3114 4434 εὐχαριστεῖν,
3165 4361 3282 4415 δέον
3333 4363 3394 4412 τὸ
3442 4363 3550 4412 πᾶν
3581 4362 3683 4413 ἐπ’

2103 4455 2263 4511 αὐτὸν
2295 4453 2673 4521 ἐπιρῤίπτειν;
2705 4449 2770 4499 Τί
2803 4448 2911 4517 γάρ
2934 4449 3080 4497 ἐστιν
3107 4445 3135 4497 δ
3163 4445 3311 4516 παρὰ
3342 4443 3436 4496 τοῦ
3488 4443 3680 4514 ἀνδρὸς

2103 4538 2329 4601 ἐλαϐες;
2370 4536 2576 4596 ὠδῖνες,
2600 4533 2694 4586 καὶ
2720 4532 2892 4593 πόνοι,
2927 4529 3019 4582 καὶ¹
3046 4527 3252 4599 ὕϐρεις,
3299 4528 3392 4580 καὶ
3417 4527 3675 4598 λοιδορίαι

2104 4619 2382 4685 πολλάκις,
2435 4618 2528 4670 καὶ
2577 4615 2945 4683 ἐπιτιμήσεις,
3002 4613 3096 4664 καὶ
3149 4612 3571 4681 ἀγανακτήσεις.
3602 4610 3678 4662 Οὐ

2101 4705 2275 4757 ταῦτα
2325 4703 2395 4754 τὰ
2437 4699 2589 4770 παρὰ
2609 4697 2720 4751 τῶν
2749 4696 2991 4766 ἀνδρών;
3027 4694 3168 4748 Ἀλλ’
3205 4695 3342 4760 ἐστι,
3377 4697 3535 4765 φησι,
3582 4695 3678 4746 καὶ

2102 4791 2266 4858 ἐτερα
2331 4786 2561 4858 χρηστά.
2631 4786 2765 4838 Ποῖα
2822 4782 2885 4851 δὴ
2946 4779 3154 4847 ταῦτας
3209 4781 3555 4834 ἐκαλλώπισέ
3616 4795 3679 4831 σε

2106 4872 2342 4942 ἱματίοις
2357 4867 2671 4922 πολυτελέσι
2692 4885 2705 4930 ;
2727 4865 2924 4936 χρυσία
2954 4864 3245 4934 περιέθηκε
3263 4863 3342 4934 τῷ
3367 4862 3643 4933 προσώπῳ
3661 4900 3679 4926 ,

2105 4955 2386 5023 αἰδέσιμον
2416 4953 2580 5005 πᾶσιν
2604 4949 2859 5018 ἐποίησεν
2879 4965 2892 5015 ;
2915 4947 3058 4999 Ἀλλ’
3081 4946 3146 4999 ἂν
3174 4947 3354 5018 θέλῃς,
3385 4947 3481 4998 καὶ⁸
3509 4947 3680 5000 ἀπελ-

2106 5040 2286 5099 θόντος
2339 5035 2608 5102 κοσμήσει
2662 5032 2852 5102 κόσμῳ
2910 5031 3042 5085 πολὺ
3099 5030 3329 5100 βελτίονι
3361 5046 3376 5061 ο
3410 5029 3520 5082 τῶν
3573 5032 3681 5098 γὰρ

2105 5122 2343 5194 χρυσίων
2372 5117 2553 5186 πολλῷ
2602 5117 3056 5186 θαυμασιωτέραν
3105 5117 3206 5185 τὴν
3258 5115 3490 5184 ἔχουσαν
3525 5115 3557 5184 η
3592 5129 3683 5165 σε·

2109 5206 2310 5275 μνότης
2343 5203 2507 5256 ποιεί.
2539 5203 2691 5271 Ἔχει
2730 5201 2825 5253 καὶ
2867 5196 3020 5262 οὗτος
3040 5202 3069 5253 6
3098 5199 3349 5268 βασιλεὺς
3382 5198 3593 5267 ίμάτια,
3619 5197 3680 5249 οὐ

2105 5287 2351 5352 τοιαῦτα,
2381 5285 2518 5342 ἀλλὰ
2542 5285 2724 5352 πολλῷ
2749 5284 2940 5354 βελτίω
2969 5301 2984 5315 θ
3025 5285 3226 5346 ἐκεῖνα,
3258 5283 3324 5337 ἀν
3352 5281 3563 5355 ἐθέλῃς,
3587 5297 3686 5333 πε-

2110 5369 2353 5446 ριϐαλοῦ.
2385 5371 2519 5422 Ποῖα
2551 5369 2616 5437 δὴ
2640 5367 2847 5432 τσῦτα;
2878 5366 3189 5435 Ἰματισμός
3219 5369 3332 5419 ἐστι
3362 5363 3685 5446 διαχρύσους

2109 5457 2374 5529 κροσσούς
2401 5453 2580 5530 ἔχωνς
2630 5452 2728 5505 ἐὰν
2788 5450 2999 5522 ἐθέλῃς,
3058 5450 3230 5521 τούτῳ
3284 5447 3544 5522 περίϐαλε
3588 5445 3686 5516 τὴν

2175 5713 2198 5773 ε
2227 5707 2510 5773 Legendum
2531 5706 2672 5773 ἔχοις,
2699 5704 3093 5773 eginﬁanéxou.
3208 5712 3214 5717 '
3569 5751 3575 5756 ,
3601 5761 3608 5772 ,

2175 5772 2200 5810 ά
2222 5767 2358 5822 Colb.
2385 5776 2438 5818 et
2458 5767 2608 5830 marg.
2637 5767 2787 5820 Suxil.
2819 5767 2872 5816 οῦ
2899 5769 3125 5832 φείσεται.
3300 5808 3325 5829 ,
3563 5767 3607 5819 -;:'
3627 5767 3686 5822 ἓ.
