4084 6216
425 256 524 312 765

421 392 545 432 num
573 374 915 443 desponsavi.
966 374 1264 432 Pratnuntia
1298 376 1373 431 illi
1403 391 1583 432 meum
1615 376 1665 430 in
1698 376 1844 433 illam
1884 376 2003 432 sine

422 446 649 501 tumultu
672 446 981 511 adventum,
1003 462 1069 500 ue
1092 447 1165 499 rei
1193 448 1357 501 inscia
1390 448 1538 516 virgo
1561 446 1800 501 turbetur
1822 464 1836 502 :
1858 449 2004 515 prius

424 517 570 575 illam
620 516 755 571 doce
798 518 1136 571 clementiam
1167 532 1370 587 meam,
1417 533 1613 587 quaex
1643 518 1728 570 illa
1770 517 1895 572 volo
1944 526 2003 572 ut

423 590 584 642 homo
635 587 689 641 iii
744 587 998 641 nutudnm
1050 587 1284 653 prodire.
1332 586 1635 641 Prmnuutia
1666 588 1740 641 illi
1769 601 1994 643 (nconc-

426 660 618 721 tniam,
652 674 721 713 ne
750 667 1040 724 οοηειιροίο
1069 658 1349 727 repentino
1382 659 1583 712 ventris
1624 667 1833 712 tumore
1877 672 1999 726 per-

428 732 693 784 turbetur.
735 727 849 781 .lam
877 743 1090 782 cursum
1123 726 1317 796 perfice
1347 747 1360 782 :
1394 729 1503 782 illic
1549 732 1690 781 enim
1723 742 1807 781 me
1839 742 1997 796 repe-

427 800 554 860 ries,
584 808 761 870 quote
788 812 925 851 nunc
952 798 1104 850 mitto
1123 838 1139 862 ,
1185 807 1357 870 teque
1384 799 1704 870 pneveuiam
1744 797 1836 870 hic
1882 813 1998 850 nta-

425 884 580 922 nens.
605 868 726 937 Ego
751 879 804 921 et
827 877 947 922 ante
979 878 1028 920 te
1053 876 1108 921 et
1131 876 1247 935 post
1270 878 1320 921 te
1347 868 1617 937 ingredior
1643 868 1708 920 ad
1741 868 1911 931 illam;
1943 877 1996 920 tu

426 942 642 991 nuntius
673 948 787 992 esto
814 939 1156 1006 profectionis
1198 953 1364 1001 mete,
1420 947 1473 991 et
1513 952 1611 1006 ego
1658 938 1996 991 invisibiliter

423 1009 756 1071 adveniens,
803 1006 986 1062 vocem
1033 1018 1173 1060 tuam
1211 1008 1468 1075 operibus
1510 1008 1823 1076 obsignabo.
1862 1007 1995 1061 Volo

422 1080 565 1132 enim
606 1079 659 1134 itt
693 1078 929 1147 virgineo
967 1089 1120 1132 utero
1156 1078 1428 1131 hominum
1471 1092 1638 1144 genus
1684 1093 1945 1132 renovare
1979 1095 1994 1132 :

425 1147 549 1200 vuln
577 1148 985 1217 altemperando
1019 1165 1136 1212 tne,
1169 1150 1359 1202 iterum
1402 1147 1636 1201 conﬂare
1672 1148 1955 1215 imaginem
1977 1187 1993 1212 ,

421 1234 579 1286 quam
609 1218 873 1273 formavi:
903 1220 1025 1273 volo
1068 1234 1200 1273 nova
1245 1218 1561 1271 formatione
1603 1227 1836 1272 veterem
1880 1218 1993 1271 for-

420 1290 709 1342 mationent
742 1305 1011 1359 reparare.
1046 1289 1121 1341 Ex
1166 1298 1302 1343 terta
1327 1288 1528 1359 virgine
1554 1297 1785 1342 veterem
1817 1286 1993 1340 homi-

420 1372 541 1427 nem
574 1358 839 1413 formavi:
873 1375 1028 1427 quem
1066 1368 1335 1426 arreptum
1366 1358 1610 1412 diabolus
1636 1368 1690 1411 ut
1722 1359 1992 1416 inimicum

417 1426 650 1497 detraxit
680 1438 735 1482 et
763 1426 986 1497 dejeCit,
1038 1445 1099 1482 ac
1139 1443 1272 1482 mea)
1302 1428 1531 1495 delapsa:
1562 1429 1772 1497 imagini
1803 1429 1987 1483 illusit.

419 1496 555 1569 Volo
579 1514 723 1552 nunc
750 1496 848 1569 ego
868 1514 934 1553 ex
959 1499 1161 1568 virgine
1191 1507 1330 1552 terra
1359 1498 1484 1551 mihi
1513 1496 1769 1569 efﬁngere
1795 1513 1991 1553 novum

418 1567 704 1633 Adamutu,
737 1567 872 1623 utet
902 1567 1087 1622 natura
1122 1583 1216 1637 pro
1236 1583 1294 1622 se
1320 1578 1698 1636 congruentem
1725 1568 1992 1623 delensio-

421 1652 543 1692 uem
576 1650 746 1706 paret,
776 1649 830 1694 et
849 1639 969 1708 jure
991 1650 1278 1693 comitetur
1305 1639 1372 1692 ab
1401 1653 1467 1692 eo
1493 1641 1581 1707 qui
1613 1638 1807 1707 dejecit
1836 1653 1988 1706 eam,

423 1707 772 1781 inimicusque
800 1707 1083 1781 ignominia
1118 1708 1400 1781 afﬁciatur.
1443 1708 1488 1762 0
1514 1709 1855 1781 indulgentia:
1887 1709 1989 1781 im-

424 1792 666 1848 mensum
688 1778 949 1848 pelagus!
992 1796 1024 1831 o
1053 1778 1246 1833 divine
1279 1780 1618 1848 benignitatis
1657 1779 1880 1833 altitudo
1909 1780 1992 1833 in-

422 1846 604 1902 ﬁnita!
652 1846 754 1904 non
803 1846 946 1904 misit
988 1865 1078 1904 rex
1129 1850 1326 1905 multus
1373 1846 1588 1903 unutios
1630 1859 1721 1918 aut
1757 1864 1991 1918 prarcur-

422 1931 615 1973 seres:
654 1935 758 1975 non
800 1920 961 1975 movit
995 1931 1205 1974 creator
1248 1921 1513 1974 exercitus
1555 1917 1989 1988 incorporearum

421 1988 673 2042 virtutum
700 2030 714 2054 ,
757 1992 849 2046 sed
894 2005 1051 2043 unum
1086 2001 1287 2043 tantutu
1315 1991 1561 2059 angelum
1602 1991 1684 2043 sui
1731 1991 1990 2046 adventus

422 2063 774 2127 prmuuntinm
802 2076 920 2115 esse
936 2061 1115 2127 jussit,
1147 2071 1200 2113 ιιι
1239 2075 1332 2128 per
1363 2062 1518 2113 unius
1547 2060 1988 2130 signiﬁcationem

418 2137 644 2182 matrem
693 2144 751 2185 se
790 2141 1157 2199 suscepturam
1197 2131 1479 2184 certiorem
1509 2129 1726 2184 faceret.
1760 2130 1991 2184 Advenit.

421 2199 670 2271 igiturad
699 2201 952 2269 virginem
988 2201 1202 2255 Mariam
1230 2200 1450 2271 angelus
1471 2241 1485 2266 ,
1514 2209 1567 2254 et
1599 2201 1870 2268 ingressus
1919 2199 1987 2254 ad

419 2282 537 2341 eam
567 2270 726 2334 dixit,
770 2273 871 2325 Ave
905 2271 1069 2341 gratia
1116 2273 1279 2339 plena.
1329 2270 1657 2325 Conservam
1683 2272 1897 2341 vocavit
1929 2277 1991 2323 ut

420 2339 711 2400 domitum.
762 2350 815 2396 ct
846 2339 915 2395 :tt'
930 2357 1046 2394 eam
1086 2357 1204 2410 qua:
1229 2343 1338 2406 jam
1381 2348 1523 2394 esset
1553 2352 1722 2393 mater
1753 2340 1985 2393 Domini.

419 2411 524 2462 Ave
558 2412 721 2480 gratia
763 2414 931 2478 piata.
976 2412 1155 2465 Prisca
1202 2411 1292 2465 illa
1340 2422 1508 2464 mater
1545 2418 1629 2463 tua
1666 2410 1771 2463 Eva
1816 2410 1986 2479 legem

422 2489 784 2550 transgressa,
813 2483 1130 2536 seu'eutiam
1161 2481 1368 2549 acet-pit
1397 2488 1453 2534 ut
1483 2480 1747 2550 indolore
1780 2488 1987 2549 pareret

422 2549 556 2606 filios
583 2549 595 2605 :
628 2554 720 2606 tibi
758 2568 884 2606 vero
911 2552 1166 2615 cmnpetit
1198 2552 1346 2616 illud,
1381 2552 1499 2603 Ave.
1532 2549 1621 2604 llla
1648 2549 1869 2604 Caiuum
1897 2564 1989 2619 pe-

420 2623 553 2687 perit
576 2663 589 2683 ,
632 2631 685 2675 et
717 2623 814 2677 hac
850 2622 999 2691 prole
1026 2620 1279 2674 invidiam
1303 2633 1354 2675 et
1377 2622 1579 2691 caedem
1610 2638 1623 2671 :
1656 2630 1707 2673 tu
1740 2636 1865 2674 vero
1897 2636 1989 2690 pa-

417 2691 524 2744 ries
556 2692 721 2746 lilium
752 2690 910 2746 vitam
939 2703 991 2744 et
1019 2692 1470 2759 incorruptionem
1497 2690 1830 2745 all'erentem.
1874 2693 1987 2745 Ave

418 2776 561 2815 nunc
586 2774 640 2815 et
664 2766 889 2817 choreas
927 2776 1026 2827 age
1056 2777 1198 2825 :Aave
1227 2771 1278 2816 et
1308 2762 1455 2815 calca
1486 2762 1750 2828 serpentis
1775 2770 1938 2830 caput
1966 2779 1979 2815 :

415 2829 520 2885 Are
550 2835 716 2901 gratia
747 2835 916 2903 plena.
945 2833 1131 2887 Cessat
1159 2831 1462 2903 maledictio
1483 2870 1497 2895 ,
1541 2829 1989 2903 auferturACOrru-

418 2900 1179 2969 ptio,’tristia'eutarcuerunt,
1212 2903 1332 2955 Leta
1356 2900 1568 2965 florent,
1604 2901 1757 2955 adest
1789 2901 1984 2956 bonum

416 2986 445 3023 a
493 2974 765 3041 prapltetis
800 2975 928 3027 olim
965 2973 1328 3041 pra-dicatum.
1382 2971 1459 3026 'l‘e
1502 2972 1731 3038 Spiritus
1766 2981 1984 3026 sanctus

415 3042 770 3113 subiudicavit
797 3043 979 3096 dicens
1022 3058 1139 3113 per
1166 3041 1317 3113 Isaia:
1375 3042 1607 3113 linguam
1640 3058 1652 3093 :
1683 3041 1982 3113 Ecce_virgo

417 3112 469 3182 in
498 3122 637 3166 utero
658 3113 932 3182 concipiet,
957 3122 1003 3165 et
1024 3108 1188 3182 pariet
1219 3112 1379 3178 filium
1402 3110 1642 3182 (lsai.r7.
1674 3112 1785 3182 i4).
1814 3108 1895 3167 Tu
1917 3108 1983 3167 cs

419 3181 505 3235 illa
538 3184 704 3251 virgo.
751 3180 865 3237 Ave
907 3180 1066 3251 igitur
1102 3182 1269 3251 gratia
1318 3180 1992 3250 plenazplacttistiCondi-

421 3252 542 3318 tori,
573 3250 812 3322 placuiin
842 3250 1052 3321 Opilici,
1083 3250 1327 3322 placuisti
1358 3252 1594 3306 Creatori
1616 3293 1629 3318 ,
1668 3252 1909 3321 placuisti
1936 3254 1986 3308 ei

418 3324 504 3389 qui
533 3323 600 3378 de
641 3323 1032 3391 pulchritudine
1071 3324 1369 3376 animarum
1409 3322 1743 3376 delectatur:
1778 3323 1988 3377 inveni-

419 3393 486 3445 sti
515 3407 793 3463 sponsum,
821 3394 909 3462 qui
934 3403 1075 3446 tuam
1103 3402 1280 3447 servet
1311 3393 1691 3463 virginitatem,
1727 3407 1829 3448 non
1862 3409 1984 3448 cor-

422 3473 667 3531 rumpat:
692 3463 935 3517 invenisti
959 3478 1236 3531 Sponsum,
1269 3463 1356 3532 qui
1376 3478 1437 3516 ex
1471 3463 1635 3516 multa
1665 3463 1987 3532 benignitate

421 3532 556 3586 filius
583 3542 702 3588 tuus
718 3534 830 3588 vult
851 3534 1001 3604 fieri.
1020 3533 1267 3586 Dominus
1297 3544 1459 3586 terum
1484 3548 1503 3585 .'
1530 3542 1585 3587 et
1609 3534 1659 3604 in
1692 3540 1741 3586 te
1768 3534 1987 3604 ubique,

417 3612 470 3657 et
493 3612 662 3658 tecum
690 3615 736 3658 et
770 3618 838 3659 ex
865 3612 915 3658 te
947 3621 959 3654 :
990 3603 1041 3655 in
1069 3603 1203 3657 ea-lo
1234 3613 1289 3656 ut
1316 3604 1569 3657 Dominus
1590 3646 1604 3669 ,
1636 3602 1689 3656 in
1723 3602 1986 3671 profundo

417 3672 726 3727 Altissimus
755 3716 770 3738 ,
838 3675 889 3727 in
917 3673 1060 3726 omni
1087 3684 1331 3727 creatura
1363 3671 1589 3727 Creator
1613 3691 1626 3724 :
1650 3674 1874 3728 Creator
1896 3689 1987 3729 su-

455 3757 509 3795 ra
535 3742 844 3809 Cherubim,
876 3744 1057 3812 auriga
1085 3757 1239 3811 supra
1271 3742 1546 3811 Seraphim
1566 3784 1579 3806 ,
1607 3743 1770 3796 Filius
1792 3745 1841 3796 in
1864 3746 1985 3801 sinu

443 3814 607 3875 ’atris,
640 3813 950 3883 Uuigeuitus
977 3816 1027 3867 in
1056 3813 1175 3866 sinu
1201 3821 1333 3883 tuo:
1366 3813 1638 3877 Dominus,
1660 3822 1716 3866 ttt
1748 3814 1857 3883 ipse
1881 3831 1984 3871 no-

417 3883 510 3953 vit,
542 3893 682 3937 totus
712 3880 925 3953 ubique,
952 3893 1093 3937 totus
1123 3884 1172 3935 in
1206 3890 1276 3937 te.
1298 3880 1573 3953 Benedicta
1599 3894 1652 3936 tu
1683 3886 1735 3937 in
1758 3880 1984 3940 mulieri-

417 3952 507 4035 bus
536 3968 555 4017 ;
585 3954 722 4035 _quia
756 3952 1025 4035 omnibus
1079 3967 1221 4035 nunc
1261 3952 1562 4035 _virgi_nibus
1613 3957 1979 4035 ρτςιθροηρτίεβ

415 4024 538 4091 quia
567 4024 724 4091 digna
754 4023 893 4077 fuisti
922 4039 1038 4093 qua:
1067 4025 1226 4077 talem
1260 4023 1490 4092 hospitio
1515 4023 1787 4093 acciperes
1809 4026 1982 4083 donti-

416 4107 580 4157 unm;
622 4095 742 4163 quia
775 4095 919 4147 illum
946 4095 1033 4162 qtti
1063 4093 1443 4161 comprehendi
1483 4099 1664 4163 nequit
1714 4098 1982 4152 volentem

417 4165 865 4231 comprehendisti
889 4182 901 4224 ς
926 4163 1048 4233 quia
1073 4178 1195 4217 eum
1222 4166 1518 4234 quiomnia
1551 4166 1733 4231 implet
1752 4170 1979 4234 comple-

416 4235 608 4305 cteris;
671 4250 772 4305 qua
821 4235 1017 4305 divina:
1070 4233 1384 4305 oeconomia:
1434 4233 1644 4287 officina
1700 4236 1982 4305 purissima

419 4250 608 4297 cteris;
671 4251 738 4305 qtt
821 4250 1015 4289 utvtntc
1070 4250 1384 4288 oeconomiae
1434 4250 1644 4287 outcuta
1700 4250 1982 4301 purtsstma

419 4303 556 4374 facta
594 4319 681 4370 es;
725 4250 844 4374 qiuia
892 4305 957 4357 ad
1011 4304 1303 4373 ingressum
1331 4303 1491 4371 Regis
1525 4305 1575 4356 iit
1605 4304 1766 4357 vitam
1790 4304 1983 4372 dignus

416 4371 560 4427 fuisti
610 4371 833 4435 currus,
873 4374 997 4443 quia
1038 4371 1327 4442 spiritualis
1366 4375 1664 4442 margarita:
1701 4371 1979 4430 thesaurus

416 4453 630 4498 ostensa
673 4459 752 4499 es.
795 4443 1070 4498 Benedicta
1109 4454 1163 4497 tu
1198 4444 1250 4496 iu
1297 4444 1608 4497 mulieribus.
1657 4444 1747 4497 llis
1786 4445 1984 4501 audilis

416 4515 593 4567 verbis
622 4515 955 4569 sanctissima
989 4514 1167 4582 Virgo,
1206 4512 1392 4567 videns
1428 4514 1720 4583 angelicam
1756 4514 1980 4571 formam

414 4593 471 4638 et.
514 4599 726 4648 vocem,
760 4600 940 4639 secum
969 4584 1246 4653 reputabat
1276 4584 1448 4652 qualis
1474 4595 1619 4639 esset
1648 4587 1747 4639 ista
1778 4587 1979 4639 saluta-

418 4655 511 4709 tio.
540 4655 675 4726 Qnid
701 4655 938 4726 sibivult
973 4656 1086 4709 hace
1112 4655 1437 4726 alloquutio?
1462 4656 1586 4724 quid
1616 4657 1743 4709 mihi
1775 4658 1979 4726 signifi-

413 4734 538 4779 cant
571 4725 684 4779 h:cc
711 4725 903 4780 verba?
944 4726 1025 4779 Me
1057 4725 1282 4794 primam
1321 4725 1513 4779 salutat
1537 4728 1787 4794 angelus,
1820 4741 1977 4794 quam

413 4804 469 4848 et
511 4796 663 4866 cujus
710 4794 985 4866 dignitatis
1034 4796 1333 4863 virginem?
1386 4810 1485 4864 ego
1547 4798 1713 4864 gratia
1784 4799 1979 4864 plena?

414 4865 555 4919 unde
583 4876 673 4919 aut
697 4865 898 4936 quare?
943 4867 1200 4919 Dominus
1225 4866 1477 4920 mecum?
1513 4879 1575 4936 et
1600 4880 1719 4920 cum
1747 4881 1977 4932 qttouatu

411 4949 478 5005 ex
506 4935 812 4990 timentibus
846 4952 966 4991 eum
994 4951 1097 4990 non
1124 4946 1204 4989 est
1235 4935 1526 4989 Dominus?
1567 4950 1666 5005 ego
1702 4937 1977 4992 benedicta

411 5003 463 5076 in
489 5006 831 5059 mulieribus?
852 5023 1036 5076 quare,
1059 5022 1162 5076 qua
1190 5005 1256 5059 de
1282 5006 1475 5059 causa?
1501 5003 1804 5073 quomodo?
1834 5009 1975 5076 quod

409 5074 607 5129 donum
641 5074 959 5145 prauutntiat
990 5074 1091 5130 hoc
1120 5076 1338 5130 verbum
1359 5117 1373 5138 ,
1424 5077 1561 5144 quod
1603 5074 1978 5145 prtesignilicat

410 5146 763 5215 miraculum?
800 5148 904 5215 Sic
949 5147 1210 5200 turbatam
1246 5147 1429 5200 videns
1459 5148 1679 5215 angelus
1721 5147 1849 5200 dicit
1879 5149 1925 5202 ei
1958 5165 1972 5201 :

408 5213 493 5268 Ne
520 5217 718 5282 linteas,
753 5214 923 5269 Maria
945 5233 963 5281 ;
991 5232 1096 5270 non
1127 5217 1268 5270 enim
1297 5226 1354 5270 ut
1382 5213 1609 5271 turberis
1631 5228 1681 5270 te
1708 5218 1929 5271 Salutavi
1955 5236 1972 5284 ;

406 5294 465 5338 ut
503 5286 693 5341 festum
734 5288 976 5341 celebres
1006 5297 1059 5341 te
1100 5288 1331 5340 suaviter
1364 5287 1606 5355 alloquor
1635 5305 1648 5340 :
1684 5302 1750 5340 ne
1795 5288 1975 5356 itaque

402 5357 583 5412 animo
614 5358 877 5421 turberis,
909 5372 1028 5425 qum
1055 5371 1237 5426 paceni
1274 5356 1416 5409 orbis
1450 5365 1621 5410 tecum
1654 5356 1835 5426 habes.
1893 5356 1975 5411 Nc

404 5425 598 5491 (iniens,
633 5428 835 5493 Maria;
865 5425 1098 5480 invenisti
1126 5429 1257 5480 enim
1285 5427 1503 5496 gratiam
1523 5427 1662 5494 apud
1693 5425 1973 5480 Dominum

401 5496 566 5562 (Luc.
600 5500 649 5554 1.
675 5499 765 5553 50.
794 5515 903 5567 sqq.
929 5499 966 5564 ).
1015 5498 1185 5566 Supra
1214 5512 1428 5551 omnem
1455 5506 1753 5567 creaturam
1781 5507 1970 5550 orttata

398 5581 459 5621 es
479 5610 494 5633 ,
525 5580 684 5637 supra
713 5565 873 5623 cados
899 5565 1169 5634 decorata,
1216 5569 1333 5637 plus
1362 5580 1519 5636 quant
1549 5567 1627 5620 sol
1656 5565 1862 5637 fulges,
1883 5581 1973 5620 su-

398 5651 493 5706 pra
519 5636 735 5708 angelos
766 5639 996 5694 exaltata
1018 5653 1116 5703 es;
1162 5636 1265 5691 neu
1302 5646 1572 5705 assumpta
1605 5651 1664 5691 es
1694 5638 1744 5690 in
1771 5636 1933 5708 ezclos
1953 5679 1968 5702 ,

397 5708 493 5765 sed
524 5706 755 5773 interra
797 5723 1019 5767 mancus
1062 5708 1330 5766 caelestem
1365 5708 1643 5763 Dominum
1684 5715 1738 5763 ct
1771 5706 1969 5777 [tegent

1421 260 1488 316 IN
1526 260 2130 319 ANNUNTIATlONEM
2172 265 2519 338 DElPAlhE,
2563 269 2713 327 ETC.

3602 282 3706 340 766

2116 381 2353 461 omnium
2382 382 2447 437 ad
2477 393 2528 438 te
2570 386 2852 461 attraxisti.
2910 386 2978 441 Et
3019 402 3132 443 ecce
3173 389 3421 461 concipias
3446 393 3503 446 in
3535 403 3696 456 utero.

2119 449 2350 528 Verbum
2397 469 2574 528 meum
2624 470 2712 509 res
2746 456 2869 528 ipsa
2917 449 3358 528 praeoccupavit}
3407 476 3537 517 voce
3576 449 3695 525 mea

2112 523 2414 597 promptior
2456 522 2562 597 fuit
2600 522 2819 596 mystica
2859 522 3140 597 conceptio
3163 522 3186 582 ἐ
3219 529 3270 583 in
3323 540 3476 587 utero
3524 522 3691 593 habes

2112 592 2483 669 universorum
2524 592 2833 669 Creatorem
2876 592 3156 652 Dominum
3182 640 3198 665 ,
3230 601 3319 669 qui
3349 616 3416 655 ex
3443 617 3595 659 sacra
3627 592 3682 663 ct

2111 661 2638 733 itnmacnlatacarne
2668 675 2756 719 tua
2784 668 2899 720 sine
2928 669 3111 723 labore
3142 661 3343 724 sanctae
3366 674 3545 727 carnis
3571 661 3687 733 suat.-

2108 733 2363 812 teutplum
2390 732 2616 788 :edilicat
2650 752 2662 786 :
2698 736 2838 790 iutns
2863 736 3026 790 habes
3057 740 3312 812 pictorem
3340 751 3562 807 uaturrr,
3595 732 3686 812 qui

2106 802 2396 877 imaginem
2419 818 2568 856 suam
2604 816 2863 859 vetustam
2895 824 2988 875 per
3016 802 3239 877 gratiam
3273 823 3518 866 renovat.
3552 802 3689 872 Ecce

2103 871 2356 944 concipiet:
2380 874 2431 925 in
2463 885 2625 939 utero,
2652 885 2697 928 et
2738 871 2906 944 paries
2927 871 3123 944 lilium,
3172 890 3219 932 et
3264 883 3461 935 vocabis
3502 871 3684 942 nomen

2106 941 2216 1020 ejus
2242 940 2419 1020 Jesttm
2445 960 2464 1020 .f
2487 945 2567 997 hic
2590 946 2681 998 erit
2709 940 2942 1020 magnus.
2970 940 3186 1016 Magnus
3217 952 3355 1020 enim
3380 961 3460 1005 est
3489 940 3685 1020 divini;

2107 1019 2233 1089 tate,
2266 1013 2369 1065 erit
2390 1018 2555 1089 etiam
2584 1013 2809 1089 magnus
2837 1013 3187 1074 humaniiate.
3228 1019 3294 1073 Et
3329 1020 3493 1075 Filius
3530 1014 3687 1081 Altis-

2100 1081 2230 1152 {imi
2259 1082 2515 1136 vocabitur
2545 1099 2564 1139 :
2602 1096 2647 1138 et
2677 1081 2826 1139 dabit
2866 1088 2944 1141 illi
2992 1089 3239 1144 Dominus
3271 1090 3407 1144 Deus
3448 1095 3686 1152 tliromtm

2101 1147 2269 1203 David
2297 1156 2459 1220 patris
2483 1158 2609 1223 ejus.
2638 1153 2840 1209 Iuravit
2871 1158 3000 1211 enim
3035 1158 3281 1213 Dominus
3306 1160 3475 1215 David
3504 1147 3685 1220 verita;

2101 1227 2227 1304 tem,
2245 1230 2429 1304 fluitat}
2448 1225 2776 1304 {ritstrabitur
2801 1244 2931 1280 eam.
2962 1228 3130 1294 Quam
3162 1232 3258 1297 ipsi
3290 1233 3563 1287 veritatem
3592 1238 3680 1304 ju-

2100 1291 2268 1343 ravit?
2289 1289 2370 1368 _D_e
2388 1289 2556 1368 [ructu
2586 1294 2871 1348 lumborum
2897 1289 3094 1368 tuorum
3123 1289 3309 1368 ponam
3333 1318 3483 1368 super
3508 1289 3676 1361 sedent

2099 1369 2256 1438 tuam.
2290 1362 2420 1438 1ιίοεΔ
2434 1364 2798 1438 jurametttum
2842 1367 2998 1421 hodie
3042 1362 3201 1422 finem
3239 1362 3454 1438 accipit.
3505 1373 3569 1426 Et
3600 1393 3680 1430 re.

2097 1429 2266 1511 gnubit
2294 1433 2348 1511 in
2380 1429 2535 1511 domo
2562 1433 2807 1511 Jacobjn
2846 1447 3089 1511 (sternunt
3115 1477 3129 1502 ,
3172 1447 3219 1490 et
3257 1429 3402 1509 regni
3429 1442 3540 1511 ejus
3569 1462 3671 1500 nou

2097 1501 2191 1552 erit
2214 1501 2350 1568 ﬁnis.
2378 1502 2563 1575 Nullus
2602 1503 2703 1559 hoc
2734 1505 2877 1570 Rege
2911 1501 3175 1575 superior,
3212 1518 3266 1562 et
3295 1501 3680 1570 n'ulla'beatior

2099 1579 2149 1650 te
2174 1586 2293 1641 qua:
2324 1574 2465 1650 paris
2495 1574 2864 1650 ipsum._Di:v_it
2892 1574 3061 1650 autem
3093 1578 3263 1650 Maria
3289 1583 3356 1633 at!
3384 1584 3621 1650 angelum
3656 1601 3675 1639 :

2100 1640 2364 1723 Quomodo
2393 1644 2486 1723 erit
2512 1640 2654 1723 :ﬂtilti
2695 1646 2852 1712 istud,
2896 1648 3131 1723 quoniam
3163 1649 3325 1702 virum
3359 1640 3676 1723 uou'coguo-

2095 1712 2229 1766 sco?
2268 1711 2466 1782 Joseplt
2495 1711 2847 1783 desponsattts
2886 1711 3016 1771 mihi
3057 1727 3138 1772 est
3161 1761 3176 1783 ,
3224 1734 3327 1774 nou
3371 1722 3451 1774 vir
3480 1711 3673 1780 mé'us:

2097 1796 2217 1835 nam
2266 1798 2435 1853 usque
2476 1784 2554 1858 ad
2575 1787 2793 1858 pignora
2843 1787 3147 1856 nuptiarum
3190 1800 3339 1858 pacta
3387 1806 3668 1858 processe—

2095 1862 2220 1905 runt
2262 1871 2275 1905 :
2312 1854 2594 1932 quomodo
2636 1854 2752 1910 sine
2792 1854 2992 1932 nuptiis
3032 1860 3134 1912 erit
3182 1854 3312 1932 mihi
3353 1854 3674 1932 conceptio?

2094 1922 2366 1997 quomodo
2394 1925 2511 1978 siue
2537 1925 2805 1990 plautante
2831 1922 3058 1981 fructum
3089 1928 3397 1997 proferam?
3418 1946 3482 1983 an
3512 1922 3561 1986 in
3586 1950 3674 1992 me

2098 1996 2261 2072 prima
2291 1993 2372 2072 lex
2403 2004 2625 2072 nature
2645 1997 2917 2072 mutatur?
2942 2013 3009 2050 an
3038 1993 3204 2072 iu'me
3235 2000 3407 2068 prima
3433 2000 3516 2056 lex
3549 2019 3672 2072 par-

2096 2064 2363 2138 utr-itionis
2417 2065 2626 2138 variat?
2665 2081 2731 2138 an
2779 2066 2830 2119 in
2883 2082 2967 2124 me
3010 2068 3123 2122 sola
3175 2064 3308 2123 nova
3351 2064 3663 2138 procreandi

2094 2130 2233 2186 ﬁlios
2260 2134 2399 2208 ratio
2434 2135 2737 2208 invenitur?
2759 2151 2827 2189 an
2852 2138 2902 2189 iu
2922 2152 3020 2208 me
3060 2138 3174 2192 sola
3202 2130 3668 2208 vetus'generaudi

2092 2218 2210 2255 tuos
2259 2204 2758 2278 innovatnr‘tDoce
2780 2222 2864 2278 me
2887 2207 3053 2269 clare,
3081 2209 3347 2278 orangele,
3377 2204 3503 2264 dicti
3533 2215 3669 2268 aeni-

2093 2286 2213 2341 gtna
2253 2289 2266 2323 :
2301 2288 2478 2349 _na_rra_
2514 2274 2643 2349 mihi
2689 2277 2970 2349 verborum
3016 2274 3236 2349 moduni
3250 2320 3265 2341 ,
3314 2279 3668 2349 interpretare

2091 2344 2513 2398 aununtiatiouis
2554 2347 2697 2418 vim,
2743 2346 2917 2418 deduc
2950 2362 3035 2401 me
3072 2347 3138 2401 ad
3170 2344 3490 2418 stupendum
3519 2353 3668 2408 illutn

2093 2420 2334 2490 partum,
2384 2414 2736 2490 ut__paulatim
2766 2416 2970 2490 discam
3004 2414 3317 2490 mysterium
3349 2422 3491 2488 quod
3525 2426 3669 2490 pari-

2093 2489 2211 2559 tura
2238 2496 2354 2559 sunt
2391 2500 2405 2537 :
2436 2483 2638 2538 discam
2665 2486 2932 2559 quomodo
2957 2483 3304 2559 impossibilia
3335 2483 3462 2544 liaut
3494 2483 3670 2559 pjzssi-

2092 2549 2215 2632 bilia
2249 2569 2261 2605 :
2290 2552 2488 2608 discam
2513 2549 2778 2633 quomodo
2803 2571 2920 2633 qum
2950 2549 3063 2633 fieri
3092 2567 3367 2633 nequeunt
3389 2549 3662 2633 ilau't,qua

2094 2621 2280 2698 vianca
2304 2665 2318 2687 ,
2366 2639 2484 2692 qua:
2515 2621 2715 2698 nullam
2749 2621 2944 2678 habent
2973 2626 3111 2698 viam
3135 2667 3150 2698 ,
3181 2621 3369 2698 attingi
3417 2621 3621 2697 possint
3647 2653 3663 2688 :

2091 2691 2303 2745 audiam
2346 2691 2616 2769 quomodo
2654 2702 2898 2769 naturam
2929 2695 3096 2765 gratia
3126 2696 3191 2769 in
3232 2691 3428 2769 melius
3467 2713 3659 2769 vertat,

2090 2771 2183 2814 aut
2223 2764 2489 2839 quomodo
2538 2764 2951 2839 naturagratite
2996 2767 3216 2820 serviat.
3265 2764 3666 2839 Etrespondens

2091 2831 2491 2907 {ttigelusdtxit
2514 2837 2559 2888 ei
2600 2850 2619 2890 :
2661 2831 2886 2902 Spiritus
2925 2846 3131 2907 sanctus
3168 2831 3476 2907 superveniet
3515 2841 3567 2894 in
3593 2852 3661 2896 te.

2095 2901 2331 2975 Didicisti
2361 2905 2641 2967 artificem,
2687 2901 2753 2959 ue
2780 2906 2996 2962 curiose
3027 2901 3261 2975 inquiras
3293 2910 3509 2963 modum
3540 2928 3555 2962 :
3583 2912 3667 2967 di-

2090 2970 2264 3056 dicisti
2297 2973 2665 3056 formatorem,
2696 2991 2761 3031 ne
2781 2991 2921 3056 opus
2945 2970 3419 3056 euriursc‘inqniras
3462 2997 3476 3033 :
3511 2982 3665 3056 audi-

2091 3042 2160 3118 sti
2202 3042 2271 3118 de
2313 3043 2512 3118 Spiritu
2552 3054 2780 3118 sancto,
2818 3042 2923 3118 ipsi
2944 3046 3053 3115 jam
3085 3042 3306 3116 Spiritui
3333 3063 3467 3117 opus
3509 3052 3666 3118 perli-

2091 3112 2336 3186 ciendum
2360 3112 2629 3186 relinque.
2686 3112 3142 3186 Spirt'tustiauctus
3166 3112 3478 3185 superveniet
3503 3112 3625 3174 inte
3640 3163 3655 3186 ,

2090 3189 2136 3237 et
2176 3184 2334 3236 virtus
2384 3184 2627 3240 Altissimi
2669 3185 2980 3239 obumbrubit
3018 3187 3124 3240 tibi.
3171 3184 3283 3241 Hec
3328 3197 3531 3244 tantum
3566 3184 3660 3246 tibi

2090 3251 2270 3330 dicere
2305 3252 2489 3330 jussus
2527 3269 2670 3330 sum,
2716 3266 2769 3310 te
2796 3258 3091 3325 genituram
3108 3271 3243 3330 esse
3278 3257 3482 3330 lilium;
3525 3276 3661 3330 quo-

2090 3322 2250 3377 modo
2278 3322 2523 3393 genitura
2549 3327 2624 3379 sis
2653 3329 2765 3395 ipse
2790 3322 2957 3401 natus
2983 3335 3034 3381 te
3074 3327 3221 3401 clare
3241 3322 3496 3401 docebit.
3544 3322 3662 3401 ligo

2093 3407 2396 3468 sermonem
2427 3403 2484 3449 ut
2509 3410 2698 3468 servus
2719 3396 2869 3468 attuli
2900 3415 2914 3450 :
2946 3397 3060 3466 ipse
3099 3398 3355 3452 Dominus
3400 3413 3534 3468 opus
3560 3396 3660 3455 ad.

2084 3462 2255 3530 jiciet,
2284 3466 2371 3533 qui
2394 3473 2450 3539 et
2471 3466 2687 3519 modum
2724 3467 2869 3539 novit
2895 3483 2910 3520 :
2939 3462 3038 3535 ego
3063 3468 3308 3539 minister
3332 3462 3451 3522 sum
3479 3471 3655 3539 regio-

2091 3548 2205 3603 rum
2251 3534 2618 3589 mandaturum
2641 3577 2655 3601 ,
2703 3551 2808 3588 non
2840 3534 3101 3603 interpres
3135 3536 3437 3591 divinorum
3478 3534 3659 3593 consi-

2090 3601 2281 3674 liorem
2309 3621 2323 3658 :
2355 3620 2459 3658 non
2479 3606 2650 3660 audeo
2672 3616 2722 3659 te
2743 3604 2939 3660 docere
2962 3601 3047 3658 illa
3065 3621 3184 3674 qua:
3213 3622 3318 3660 non
3344 3608 3524 3672 didici,
3555 3626 3665 3665 non

2089 3672 2260 3727 audeo
2289 3674 2626 3743 interpretari
2655 3690 2773 3744 qua:
2795 3690 2899 3729 non
2924 3672 3126 3746 accepi,
3161 3692 3265 3729 non
3291 3678 3462 3732 audeo
3490 3679 3663 3746 publi~

2088 3756 2210 3815 crare
2242 3747 2572 3815 mysterium,
2604 3760 2710 3798 nun
2742 3759 2953 3813 possum
2997 3745 3263 3815 explicare
3303 3762 3414 3801 rem
3455 3745 3662 3804 annum-

2091 3812 2310 3866 tiataml
2339 3814 2648 3869 Miraenlum
2694 3812 2936 3869 ettclanto
2955 3856 2969 3881 ,
3003 3812 3081 3869 et'
3101 3816 3315 3870 modunt
3346 3816 3527 3873 dicere
3554 3837 3658 3876 nou

2089 3884 2240 3938 valeo
2260 3901 2279 3966 ς
2308 3899 2412 3966 non
2442 3901 2628 3966 quaero
2644 3901 2706 3941 ea
2735 3901 2862 3966 quae.
2878 3899 3091 3940 omnem
3116 3888 3549 3957 perquisitionem
3578 3908 3660 3946 su-

2091 3962 2306 4036 perant,
2338 3954 2896 4036 ineonqn-eltensibilia
2927 3970 3030 4011 non
3063 3954 3386 4027 persequor,
3430 3974 3534 4013 non
3555 3975 3660 4036 _cu—_

2088 4027 2229 4097 riose
2278 4027 2488 4096 inquiro
2535 4043 2597 4082 ca
2641 4043 2760 4097 quae
2804 4041 2890 4081 me
2930 4037 3286 4095 exsuperant,
3332 4042 3436 4081 non
3468 4031 3660 4085 rationi

2087 4095 2256 4165 subdo
2279 4095 2501 4164 gratiam
2551 4095 2669 4165 quae
2694 4104 2776 4149 est
2804 4110 2964 4164 supra
2985 4100 3268 4160 rationem,
3297 4112 3402 4149 non
3433 4101 3662 4153 minuta-

2089 4163 2182 4215 tim
2203 4163 2457 4218 recenseo
2475 4163 2884 4218 inenarrabilem
2905 4166 3322 4232 generationem.
3355 4165 3489 4222 Vere
3509 4183 3661 4223 men-

2090 4241 2194 4285 tem
2236 4242 2453 4304 snperat
2495 4234 2787 4304 spiritualis
2825 4234 3141 4304 conceptio,
3193 4248 3355 4301 supra
3397 4237 3656 4293 rationem

2087 4311 2169 4356 cst
2206 4303 2467 4370 stupenda
2514 4303 2791 4375 parturitio
2826 4312 2884 4375 et
2927 4303 3173 4375 salutaris
3200 4314 3400 4372 partus.
3434 4307 3660 4375 Spiritus

2087 4383 2291 4426 sanctus
2304 4378 2618 4446 superveniet
2639 4374 2696 4446 in
2729 4383 2794 4427 te.
2824 4373 3131 4446 Novitrquid
3158 4385 3411 4446 operetur
3430 4373 3662 4446 Spiritus

2090 4451 2338 4515 sanctus,
2389 4444 2536 4515 novit
2570 4442 2737 4496 Filius
2770 4442 3041 4513 quomodo
3070 4442 3173 4497 sibi
3198 4442 3351 4514 paret
3376 4442 3655 4515 spiritualo

2090 4512 2439 4583 domicilium.
2469 4513 2582 4567 Non
2615 4516 2754 4567 enim
2782 4512 2982 4583 legibus
3008 4512 3213 4568 natura:
3251 4512 3421 4571 servit
3445 4526 3649 4572 natura:

2088 4579 2388 4655 Conditor:
2425 4584 2536 4655 ipse
2583 4584 2729 4637 solus
2766 4579 3052 4655 cititsilinnt
3093 4584 3272 4651 habet,
3304 4587 3418 4655 ipse
3455 4597 3513 4641 ut
3544 4589 3656 4644 vult

2085 4655 2225 4707 servi
2257 4653 2479 4707 formam
2523 4654 2727 4725 induit.
2760 4653 3114 4725 Novitil’atcr
3141 4653 3399 4725 uttigetiiti
3431 4657 3549 4711 Filii
3577 4660 3653 4712 iu~

2085 4738 2472 4779 carnattouetn.
2522 4725 2617 4779 Ubi
2647 4724 2787 4778 enim
2816 4734 2898 4778 est
2924 4724 3155 4791 Spiritus
3186 4724 3436 4792 sanctus,
3468 4728 3539 4780 ibi
3570 4738 3650 4784 est

2085 4805 2138 4848 et
2184 4793 2387 4866 Itilius;
2435 4803 2489 4848 et
2510 4795 2612 4866 ubi
2632 4794 2829 4866 Filius,
2861 4795 2930 4848 ibi
2970 4804 3024 4849 et
3049 4794 3247 4866 fater:
3278 4795 3649 4866 iuseparubllis

2084 4874 2166 4918 est
2203 4863 2468 4925 Trinitas,
2508 4864 2733 4917 indivisa
2760 4864 3016 4918 Trinitas.
3049 4863 3117 4919 Ut
3143 4866 3285 4918 enim
3313 4863 3464 4920 initio
3497 4867 3664 4921 Pater

2086 4934 2356 5008 hominem
2384 4934 2620 5008 turmalis
2649 4935 2713 5008 ad
2747 4952 2880 5003 opus
2910 4935 3217 5008 provocavit
3243 4934 3434 5008 Filium
3463 4948 3515 4989 et
3538 4936 3670 5008 Spi-

2083 5006 2266 5067 ritum,
2306 5004 2491 5059 diceus
2523 5021 2535 5056 :
2574 5003 2843 5059 Faciaums
2888 5003 3140 5059 hominem
3185 5005 3254 5057 ad
3295 5003 3667 5074 imaginem'et

2082 5075 2463 5146 similitudinem
2485 5085 2718 5146 nostram
2751 5074 2905 5146 (Gen.
2936 5077 2989 5129 1.
3014 5076 3105 5146 26)
3142 5092 3155 5128 :
3185 5074 3255 5128 ita
3287 5086 3339 5130 et
3367 5092 3507 5132 nunc
3531 5091 3657 5131 cum

2085 5145 2392 5199 reformatio
2417 5145 2669 5210 efﬁcitur,
2711 5145 2857 5198 adest
2886 5160 3069 5199 rursus
3096 5161 3294 5199 arcano
3332 5147 3492 5201 modo
3526 5161 3658 5202 san-

2081 5225 2164 5269 cta
2192 5215 2442 5286 Trinitas.
2476 5215 2636 5284 Cujus
2655 5216 2797 5269 enim
2826 5217 3072 5286 formatio
3095 5232 3195 5270 una
3218 5228 3320 5282 est,
3346 5216 3505 5283 hujus
3522 5233 3661 5286 quo-

2081 5301 2185 5355 que
2206 5285 2514 5340 reformatio
2541 5288 2840 5340 cununuuis
2870 5297 2970 5339 est.
3004 5285 3229 5356 Ideoque
3257 5296 3302 5340 et
3326 5288 3461 5340 auod
3481 5285 3664 5343 nascc-

2083 5367 2164 5409 tur
2207 5366 2473 5421 sanctum,
2524 5356 2780 5409 vocabitur
2818 5356 2983 5410 Filius
3016 5355 3130 5408 Dei.
3179 5357 3289 5411 lluc
3334 5360 3475 5411 enim
3525 5373 3648 5412 vere

2079 5441 2228 5479 sacra
2263 5427 2436 5494 proles
2468 5437 2582 5491 est,
2608 5428 2709 5480 hoc
2735 5442 2951 5496 germen
2983 5427 3100 5481 sine
3128 5428 3366 5490 semine,
3402 5426 3505 5482 hoc
3534 5444 3655 5485 san-

2080 5497 2349 5550 ctissimus
2374 5506 2581 5568 partus.
2609 5497 2704 5551 Hic
2729 5509 2809 5552 est
2834 5497 3001 5551 Filius
3031 5498 3121 5550 ι)σί
3155 5506 3371 5568 propter
3402 5498 3654 5557 divinita-

2083 5575 2209 5638 tetu,
2244 5568 2328 5621 hic
2360 5567 2497 5638 filius
2539 5583 2756 5638 quoque
2798 5577 2917 5622 tuus
2957 5577 3177 5637 propter
3218 5567 3646 5624 humanitatem:

2081 5635 2169 5708 hic
2193 5635 2679 5692 consubstantialis
2706 5638 2882 5705 Patri,
2923 5635 2978 5692 ut
3016 5635 3365 5708 intelligitur:
3399 5638 3485 5694 hic
3522 5656 3651 5695 cou-

2084 5707 2449 5764 substantialis
2472 5709 2565 5768 tibi
2589 5749 2606 5778 ,
2637 5718 2696 5768 ut
2720 5716 2982 5781 apparet:
3008 5708 3095 5769 hic
3123 5707 3353 5768 caelestis
3402 5720 3455 5766 et
3484 5718 3653 5766 terre-
