4084 6216
448 345 550 403 777

449 466 642 522 nileste
677 481 691 517 :
718 460 955 516 Lazarus
990 460 1191 514 anticus
1221 468 1397 514 noster
1422 470 1659 514 mortuus
1684 470 1789 523 est;
1821 470 1868 514 et
1893 477 2024 529 gan-

449 538 547 591 deo
576 542 787 604 propter
820 547 931 604 vos,
962 540 1018 583 ut
1046 530 1301 604 credatis,
1326 530 1573 604 quoniam
1601 546 1713 604 n‘an
1736 546 1879 583 eram
1909 529 2026 604 ibi:

451 606 540 662 sed
576 597 755 659 eamus
789 602 858 655 ad
883 616 998 653 eum
1040 597 1209 668 (Ibid.
1258 617 1306 654 υ.
1342 600 1429 652 14.
1464 597 1573 669 15).
1613 599 1714 664 Qui
1754 615 1860 655 non
1914 599 2029 669 vult

454 684 687 730 mortem
717 667 1058 742 peccatoris,
1081 684 1225 723 nunc
1261 669 1458 736 gaudet
1509 667 1576 722 de
1618 672 1790 725 morte
1821 667 2029 723 amici?

457 744 685 800 Gaudeo
710 782 726 806 ,
764 756 867 794 non
918 748 1140 807 propter
1187 753 1291 801 me,
1330 751 1429 790 nec
1474 748 1697 806 promer
1732 749 2024 798 mortuum,

455 814 550 869 sed
576 819 798 880 propter
828 823 960 880 vos;
1009 806 1129 860 utor
1160 808 1514 880 enitugmorte
1558 808 1625 880 ad
1666 806 1790 880 ﬁdei
1836 819 2030 862 vestra:

455 876 892 938 fundamentum.
927 876 971 933 Ο
1011 892 1157 931 mors
1201 876 1400 930 Christi
1452 877 1784 931 exsultatio!
1820 892 1854 931 o
1884 892 2030 933 mors

456 954 581 1007 vita:
630 949 819 1019 plena!
855 963 887 999 o
933 961 1082 1019 mors
1134 947 1325 1019 mortis
1371 946 1604 1019 solutio,
1656 947 1850 1019 salutis
1895 948 2027 1010 dux,

458 1014 729 1090 lapsorum
789 1016 1115 1090 resurrectio
1139 1055 1154 1080 ,
1202 1014 1469 1090 lassorum
1510 1018 1666 1090 quies
1691 1057 1705 1079 ,
1746 1016 2030 1090 inﬁr_ttt_att_-_

462 1083 593 1144 tium
634 1089 802 1142 rolmr
824 1128 838 1152 ,
862 1084 1130 1152 iustorum
1166 1083 1507 1149 refrigerium
1537 1086 1551 1140 ι
1581 1101 1612 1138 o
1653 1101 1802 1140 mors
1829 1085 2030 1139 diaboli

426 1158 691 1225 .eversio,
724 1158 1027 1210 daemonum
1048 1154 1372 1225 destructio,
1398 1155 1556 1222 primi
1584 1156 1818 1210 bomin’s
1841 1154 2029 1207 Adami

463 1226 773 1285 renovatio!
806 1239 839 1276 ο
870 1238 1019 1278 mors
1046 1223 1248 1293 laetitia:
1273 1225 1572 1293 operatrix,
1607 1225 2032 1293 incorruptiouis

461 1299 669 1358 nuntia,
706 1293 888 1361 gaudii
926 1288 1227 1363 promaJJt
1262 1288 1442 1348 autem
1482 1288 1804 1363 compendio
1832 1288 2029 1359 dicam,

459 1368 606 1421 venit
648 1364 807 1419 Jesus
855 1363 907 1414 in
940 1362 1282 1426 Betbauiam,
1333 1362 1686 1419 occurrerunt
1725 1365 1774 1419 ei
1815 1378 2034 1418 sorores

457 1434 675 1495 Lazari,
708 1431 1051 1501 prociderunt
1080 1435 1132 1486 itt
1167 1447 1342 1501 genua
1368 1448 1551 1487 coram
1578 1432 1803 1488 Domino
1842 1433 2034 1488 ﬂentes

472 1521 536 1561 ac
566 1500 809 1556 dicentes
839 1518 851 1554 :
881 1500 1123 1573 Domine.
1154 1503 1200 1555 si
1241 1500 1428 1573 fuisses
1449 1503 1547 1573 _Iiic
1573 1543 1588 1568 ,
1631 1503 1801 1573 frater
1850 1515 2029 1558 noster

460 1590 562 1629 non
585 1580 719 1626 esset
758 1582 993 1625 mortuus
1031 1570 1195 1637 (Ibid.
1224 1569 1272 1625 υ.
1306 1569 1418 1639 2i).
1449 1569 1587 1625 Num
1619 1569 1702 1636 {ibi
1736 1590 1840 1627 non
1877 1573 2037 1627 erat?

458 1643 701 1705 Corpore
759 1640 973 1710 quidem
1042 1656 1145 1694 non
1187 1652 1334 1706 era';
1408 1640 1691 1710 divinitate
1750 1658 1878 1698 vero
1929 1658 2032 1697 non

460 1712 624 1766 modo
647 1710 758 1765 illic
780 1752 794 1775 ,
829 1711 922 1763 sed
953 1712 1117 1764 etiam
1156 1711 1207 1764 in
1243 1711 1416 1765 rariis.
1443 1709 1900 1778 Qttomodtreuim
1935 1728 2034 1766 no-

460 1781 629 1835 visset
664 1779 857 1833 Lazari
899 1790 1126 1834 mortem
1155 1818 1170 1840 ,
1208 1780 1310 1834 nisi
1349 1780 1420 1833 ibi
1467 1781 1654 1835 fuisset
1680 1820 1695 1846 ,
1734 1781 2030 1836 secundum

464 1850 792 1906 invisibiletn
829 1849 935 1901 vim
988 1849 1326 1903 divinitatis?
1356 1849 1423 1903 Et
1468 1851 1716 1904 dicebant
1750 1851 2032 1916 :Damine,

464 1921 511 1975 si
539 1919 728 1990 fuisses
758 1919 862 1983 hic,
895 1918 1061 1990 frater
1091 1928 1266 1972 noster
1293 1930 1564 1990 aaniesset
1602 1932 1862 1974 mortuus.
1890 1918 2036 1974 Dixit

466 1988 573 2045 illis
615 1989 871 2059 Dominus
894 2010 921 2059 _:
958 1988 1215 2053 Credite,
1252 1998 1303 2042 et
1338 1989 1587 2043 videbitis
1624 1990 1848 2059 gloriam
1888 1990 1977 2043 Dei
2018 2009 2032 2046 :

471 2060 658 2113 dicens
705 2057 862 2128 fidem
893 2056 1157 2111 bonurntn
1203 2073 1425 2127 operum
1456 2073 1577 2114 esse
1604 2056 1944 2128 principium.
1972 2059 2039 2114 Et

466 2128 657 2181 videns
684 2142 777 2180 eas
811 2127 1117 2195 plorantes,
1166 2138 1566 2197 prmseutesqne
1597 2128 1829 2188 Judmos.
1862 2128 2036 2196 Infre-

468 2197 855 2267 muitspirita,
875 2204 949 2267 et,
974 2198 1199 2267 turbarit
1230 2196 1487 2267 seipsntn,
1513 2199 1782 2266 dixitque,
1819 2196 1919 2251 Ubi
1941 2214 2038 2267 po-

467 2263 658 2334 suistis
679 2281 795 2317 eum
840 2263 1010 2334 (Ibid.
1053 2280 1099 2334 ῃ
1124 2265 1213 2318 55.
1251 2265 1387 2331 διν
1419 2265 1557 2332 Quid
1603 2263 1705 2322 sibi
1736 2269 1848 2322 vult
1885 2263 2036 2331 illud,

468 2332 757 2456 Infremuit
805 2332 1034 2401 spiritu?
1057 2332 1347 2401 Exspecta,
1373 2336 1604 2395 dilecte,
1644 2346 1697 2389 et
1727 2338 1887 2406 paulo
1919 2348 2039 2404 post

470 2403 521 2456 vi
565 2403 679 2456 ebis
712 2402 1031 2456 quaestionis
1071 2403 1417 2456 solutionem.
1469 2404 1718 2456 Turbavit
1765 2407 1991 2456 seinsum
2020 2422 2039 2456 .-

470 2402 679 2456 videbis
712 2402 1031 2472 quaestionis
1071 2403 1417 2458 solutionem.
1469 2402 1742 2458 Turbavit'
1765 2402 1991 2472 seipsam
2019 2422 2040 2470 ,°

470 2487 578 2526 non
610 2479 667 2524 ut
711 2486 807 2526 nos
837 2487 865 2524 a
901 2471 1095 2526 timore
1123 2472 1204 2525 vel
1238 2473 1421 2540 dolore
1452 2474 1762 2539 turbantur;
1796 2471 1891 2527 scd
1928 2474 2042 2540 ipse

471 2540 709 2608 seipsum
743 2542 1001 2604 turbavit,
1033 2550 1088 2595 et
1111 2542 1246 2594 dixit
1274 2557 1291 2595 :
1322 2539 1421 2594 Ubi
1440 2543 1692 2607 posuistis
1717 2558 1834 2595 eum
1853 2542 1880 2595 7
1905 2539 2040 2595 Num

471 2608 757 2680 ignorabat
790 2610 897 2680 ubi
930 2610 1180 2680 sepultus
1213 2618 1376 2680 esset,
1407 2611 1497 2677 qni
1529 2612 1680 2665 novit
1701 2611 2042 2680 quandonam

472 2678 720 2733 mortuus
755 2678 874 2732 sit?
924 2678 1028 2732 Sed
1063 2679 1258 2733 minuit
1294 2679 1524 2732 humana
1561 2678 1729 2733 vcrba'
1761 2681 1813 2734 in
1846 2681 2045 2736 divinis

471 2748 755 2819 prodigiis,
775 2757 846 2819 ⁸ιιι
881 2748 1139 2819 ostendat
1170 2764 1228 2803 se
1269 2748 1433 2801 etiam
1470 2750 1740 2803 hominem
1766 2749 1948 2814 fuisse,
1987 2760 2046 2805 ιιι

476 2817 607 2888 dicit
634 2817 921 2885 propheta.
959 2817 1023 2888 Et
1055 2817 1209 2871 homo
1238 2828 1335 2879 est,
1354 2828 1402 2871 et
1431 2819 1548 2887 quis
1585 2831 1854 2888 cognoscet
1879 2836 1997 2873 eum
2021 2820 2047 2873 ?

473 2886 595 2956 Hoc
617 2894 795 2941 autem
828 2886 1087 2956 praemisit
1125 2895 1184 2941 ut
1232 2886 1566 2956 signiﬁcaret
1602 2886 1662 2943 se
1704 2890 1868 2942 etiam
1901 2889 2043 2944 aliud

474 2955 749 3038 quidpiam
790 2955 933 3038 esse,
984 2971 1177 3038 nempe
1207 2955 1566 3038 _De’u_m.nUbi_
1587 2960 1839 3038 posuistis
1877 2974 1994 3012 eum
2018 2959 2044 3012 ?

476 3024 645 3081 Maria
676 3038 809 3099 vero
833 3027 911 3099 ait
934 3044 956 3099 _:
991 3024 1219 3099 Veni._et
1249 3027 1384 3099 uide,
1414 3024 1653 3099 Domine.
1694 3028 1756 3099 Et
1784 3029 2047 3099 lacryma-

474 3107 560 3150 tus
592 3102 672 3149 est
702 3093 859 3166 Iesus
887 3093 1083 3166 (Joan.
1132 3095 1220 3150 11.
1255 3096 1324 3150 35
1349 3097 1388 3164 ).
1415 3096 1683 3162 Quorsum
1723 3097 1852 3153 tier-0
1900 3093 2046 3163 eum,

474 3179 636 3239 quem
664 3164 823 3234 paulo
855 3164 975 3234 past
999 3166 1360 3239 suscitaturus
1392 3167 1553 3239 erat_?
1583 3167 1688 3239 Sed
1716 3168 2047 3239 lacrymattts

476 3233 562 3291 est
580 3233 758 3306 Jes’us,
792 3233 1418 3306 ut’counuiserationem
1434 3244 1489 3290 et
1512 3233 1895 3306 benignitatem
1921 3252 2047 3306 erga

477 3302 814 3361 contribules
839 3304 996 3359 nobis
1024 3308 1337 3359 ostenderet
1365 3321 1380 3359 :
1408 3302 1735 3372 lacrymaius
1760 3316 1842 3362 cst
1863 3302 2046 3372 Jesu's,

480 3383 541 3428 ut
573 3374 745 3443 magis
779 3388 837 3443 re
867 3388 1029 3443 quam
1055 3372 1237 3428 verbis
1261 3376 1479 3430 doceret
1515 3372 1751 3431 ﬂendum
1780 3391 1900 3431 esse
1924 3392 2046 3430 CIIII“-

480 3442 732 3515 tlentibus
765 3456 783 3496 :
816 3442 1145 3515 lacrytnatus
1189 3454 1271 3498 est
1319 3443 1512 3508 .lcsus,
1553 3462 1655 3499 non
1694 3446 1829 3499 luxit
1878 3461 2044 3499 :ttam

479 3514 600 3584 sine
630 3511 880 3582 lacrymis
908 3511 1131 3584 omnino
1159 3528 1277 3568 esse
1313 3523 1369 3566 ttt
1421 3515 1772 3568 inhumanum
1810 3517 2044 3584 respuit,

481 3582 664 3649 lugere
696 3594 823 3636 vero
844 3592 901 3635 ut
950 3582 1199 3652 ignavum
1229 3583 1439 3652 rejicit;
1474 3595 1531 3638 ut
1563 3587 1783 3639 modum
1812 3582 2043 3641 commi—

1497 337 1563 392 ΙΝ
1604 336 2161 406 QUATRIDUANUM
2200 335 2530 393 LAZARUM
2571 335 2656 391 Ill.

3607 338 3712 394 778

2137 457 2409 525 svrationi
2441 464 2662 519 statuat,
2698 454 3049 525 lacrytnalnr.
3079 455 3238 510 Venit
3278 456 3329 510 in
3360 456 3668 525 speluncam
3696 499 3712 524 ,

2130 539 2181 582 et
2226 529 2368 581 videt
2398 524 2630 589 lapidem
2664 524 2977 590 impositum
3022 536 3393 580 monumento.
3421 525 3580 581 Jultct
3612 526 3713 581 .ln-

2131 599 2274 651 dmos
2309 610 2591 649 removere
2645 595 2877 661 lapidem
2917 596 2983 646 ab
3026 596 3168 649 ostio
3224 600 3577 650 monumenti.
3613 596 3713 661 Qui

2130 667 2288 728 dit-is,
2315 666 2372 718 Si
2413 666 2571 733 [idem
2602 665 2842 718 habeatis
2891 673 2944 717 ut
2979 680 3203 733 granum
3255 666 3452 734 sinapis
3478 706 3493 726 ,
3532 667 3714 719 dicetis

2129 737 2253 789 huic
2285 737 2470 791 monti.
2507 734 2714 789 Tollere
2741 744 2788 787 et
2835 737 3041 787 mittere
3092 736 3146 787 in
3174 749 3318 787 mare
3341 775 3355 799 ,
3378 743 3427 790 et
3459 736 3548 800 ﬁet
3579 735 3715 788 vobis

2131 807 2152 872 l
2183 805 2373 860 Matth.
2411 804 2626 869 17.19)
2661 821 2674 857 :
2704 805 2977 873 quomodo
3035 818 3177 857 nunc
3213 819 3318 856 non
3361 815 3516 873 potes
3541 818 3714 857 remo-

2133 891 2262 929 vere
2287 873 2689 945 lapidem?Sed
2737 888 2839 926 non
2864 873 3008 943 quod
3059 889 3163 945 non
3193 874 3393 945 possim
3421 914 3434 935 ,
3473 873 3544 927 ita
3583 889 3712 945 ago,

2139 946 2318 1014 inquit
2346 942 2360 1000 Ξ
2396 944 2488 1014 sed
2522 959 2585 997 ne
2608 951 2794 1010 putent
2819 942 2931 998 rem
2960 944 3447 1014 essepbantasiatn
3472 982 3487 1003 .
3524 942 3716 1011 praeci-

2131 1011 2227 1083 pio
2270 1015 2402 1082 ip~is
2450 1012 2653 1068 Iudicis
2699 1023 2756 1065 ιιι
2808 1014 2921 1067 suis
2961 1013 3212 1083 manibus
3259 1011 3490 1079 lapidem
3541 1026 3717 1083 τθιιιοτ

2133 1080 2316 1148 veant‘,
2361 1085 2655 1136 maximum
2699 1084 2916 1152 signum
2955 1082 3087 1135 mihi
3149 1097 3457 1147 reservans,
3509 1090 3566 1136 ιιι
3613 1080 3715 1150 ipsi

2136 1152 2427 1207 testessiut
2456 1153 2734 1220 signorum
2770 1168 2799 1205 a
2828 1165 2912 1206 me
2938 1160 3296 1221 patratorum.
3322 1152 3525 1208 Deinde
3567 1159 3717 1219 post-

2134 1238 2296 1292 quam
2330 1224 2609 1292 revoluttts
2644 1223 2745 1276 fuit
2791 1222 2945 1288 lapis,
2977 1223 3276 1292 respiciens
3308 1221 3468 1277 Jesus
3508 1222 3559 1274 in
3600 1236 3715 1292 (ξω-ξ

2136 1289 2412 1363 lttmtjixil
2445 1290 2717 1363 :_Gratias
2746 1294 2851 1363 Alibi
2876 1309 2996 1359 ago,
3031 1290 3211 1356 Pater,
3241 1296 3486 1363 quoniam
3515 1289 3718 1363 audisti

2135 1378 2217 1417 me
2244 1359 2553 1432 (leniuit.
2589 1362 2702 1432 41).
2734 1360 3087 1432 Quandonam
3122 1359 3300 1415 autem
3330 1361 3541 1415 oravit?
3568 1359 3719 1432 Nunc

2136 1429 2325 1503 accipe
2349 1470 2364 1493 ,
2401 1430 2598 1485 dilecte
2622 1471 2637 1493 ,
2656 1429 3017 1503 quamnuon
3045 1432 3335 1503 qngcrebas,
3375 1431 3524 1485 verbi
3573 1429 3719 1485 solu-

2142 1498 2343 1555 tionem
2379 1518 2392 1553 :
2423 1517 2545 1555 eum
2579 1498 2724 1554 enim
2760 1498 3248 1568 int‘remnitspiritn
3278 1541 3293 1564 ,
3322 1498 3446 1553 lunc
3470 1508 3721 1568 precatus

2136 1580 2243 1626 est.
2292 1569 2352 1623 Et
2403 1570 2514 1625 lucc
2559 1586 2677 1623 cum
2733 1569 2973 1631 dixisset,
3028 1568 3271 1622 clamavit
3319 1585 3436 1623 voce
3474 1585 3708 1636 magna,

2139 1640 2369 1699 Lazare.
2412 1641 2525 1693 veni
2556 1640 2718 1709 foras.
2749 1638 2815 1691 Et
2837 1640 3017 1693 statim
3044 1640 3237 1708 prodiit
3269 1641 3358 1706 qui
3386 1638 3556 1704 fuerat
3589 1652 3724 1709 utor-

2140 1722 2283 1771 tuus,
2322 1711 2515 1777 ligatus
2545 1712 2698 1778 pedes
2720 1716 2769 1764 et
2801 1725 2988 1762 manus
3011 1711 3226 1763 institis.
3250 1709 3294 1764 Ο
3317 1709 3463 1762 vocis
3500 1711 3602 1760 vim
3639 1708 3722 1760 in-

2142 1780 2284 1833 feros
2313 1780 2729 1848 dirumpcntem,
2762 1788 2948 1849 portas
2968 1795 3107 1849 atras
3129 1788 3520 1840 conterentem,
3541 1785 3724 1830 vectes

2142 1850 2349 1902 ferreos
2393 1848 2867 1931 c-oul‘ringentetn,
2917 1848 3189 1903 diabolum
3239 1857 3718 1931 prosternentem:

2141 1929 2371 1973 mortem
2399 1921 2464 1971 de
2498 1917 2673 1973 medio
2700 1919 2999 1983 tollentem,
3027 1927 3296 1972 mortuum
3325 1918 3677 1971 Suscitantem
3702 1917 3718 1971 l

2139 2006 2173 2043 ο
2214 1990 2363 2044 vocis
2391 1990 2519 2051 vim,
2554 2002 2676 2059 quae
2713 1990 2931 2043 diducta
2954 1990 3193 2059 membra
3224 1989 3276 2041 in
3304 2003 3466 2041 unum
3496 1987 3725 2059 cogitet

2140 2058 2327 2126 erigit,
2384 2069 2439 2113 et
2497 2055 2706 2113 ι·κ“ιιυ[ι
2759 2057 3101 2111 exstantibus
3125 2058 3192 2111 ad
3229 2072 3352 2113 esse
3378 2055 3658 2126 producit!
3690 2071 3724 2110 o

2141 2124 2289 2182 vocis
2341 2129 2445 2181 vim
2481 2166 2496 2188 ,
2536 2144 2655 2198 qum
2690 2129 3106 2198 quatriduauum
3169 2137 3443 2198 mortuum
3480 2124 3631 2198 quasi
3694 2142 3722 2179 a

2141 2212 2335 2251 somno
2369 2196 2569 2252 exeitai
2593 2237 2609 2261 ,
2655 2208 2708 2252 et
2752 2196 2955 2250 institis
2988 2197 3227 2250 vinctum
3250 2236 3265 2257 ,
3294 2197 3446 2264 quasi
3479 2196 3715 2248 solutum

2140 2278 2193 2320 ct
2225 2268 2458 2321 cvlorem
2489 2282 2796 2330 cursorem,
2825 2281 2888 2319 ex
2915 2267 3165 2332 sepulcro
3207 2266 3424 2319 educit!
3464 2264 3718 2318 Animum

2146 2340 2265 2389 voci
2294 2337 2512 2400 alltibe,
2541 2338 2755 2396 dilecte,
2785 2344 2841 2389 et
2885 2335 3134 2389 invenies
3185 2335 3362 2402 ipsum
3404 2336 3624 2387 verbum
3671 2334 3724 2386 in

2148 2409 2335 2474 mundi
2378 2407 2657 2459 creatione
2699 2406 2993 2473 prolatum,
3043 2402 3167 2458 Fiat
3228 2405 3343 2469 lux,
3389 2413 3439 2458 et
3476 2405 3619 2474 facta
3644 2414 3719 2457 est

2144 2472 2241 2545 Lua:
2258 2473 2464 2545 {Fiant
2507 2474 2797 2545 luminaria
2836 2474 2889 2525 ia
2933 2476 3266 2545 ﬁrmamento
3311 2476 3427 2529 caeli
3506 2474 3636 2545 Gen.
3669 2474 3724 2528 1..

2146 2540 2200 2594 ὅ.
2222 2543 2331 2604 iri),
2350 2555 2404 2595 et
2431 2542 2569 2595 facta
2600 2551 2752 2601 sont;
2787 2543 2985 2610 ipsum,
3008 2540 3482 2610 inquam.dicens,
3503 2543 3725 2606 Lazare,

2147 2612 2264 2663 veni
2286 2613 2451 2681 foras.
2479 2611 2542 2665 Et
2566 2611 2743 2666 sanies
2772 2626 2837 2681 ex
2870 2611 3126 2681 carnibus
3153 2611 3324 2666 ﬂuens
3356 2629 3489 2667 cava
3525 2615 3723 2666 iterum

2155 2680 2433 2748 replebat;
2468 2691 2523 2735 et
2562 2681 2654 2750 qui
2696 2680 3012 2735 deciderant
3042 2680 3224 2735 crines
3246 2723 3261 2745 ,
3294 2696 3449 2735 suum
3473 2684 3724 2736 ordinem

2148 2760 2519 2820 agnoverunt,
2568 2752 2733 2819 inque
2764 2750 3035 2820 membris
3087 2751 3264 2803 denuo
3307 2751 3717 2820 plantabantur.

2154 2817 2381 2881 Lazare,
2408 2823 2522 2873 veni
2554 2817 2723 2887 foras.
2761 2819 2828 2872 Et
2873 2829 3117 2873 mortuus
3150 2817 3479 2883 resurrexit,
3509 2829 3564 2873 et
3593 2834 3730 2888 qua-

2149 2890 2437 2958 triduanns
2479 2905 2577 2958 par
2634 2899 2754 2944 erat
2803 2891 2851 2944 ei
2906 2890 2994 2955 qui
3047 2904 3145 2942 nec
3202 2899 3451 2944 mortuus
3518 2889 3728 2944 fuisset.

2154 2957 2382 3021 Lazare,
2407 2962 2519 3013 veni
2546 2959 2692 3026 foras
2718 2974 2738 3013 .°
2765 2969 2816 3011 et
2857 2961 3034 3011 anima
3066 2974 3133 3012 ex
3182 2957 3369 3013 inferis
3405 2959 3625 3013 reducta
3651 2969 3734 3012 est

2150 3046 2256 3083 non
2282 3030 2690 3083 contradicente
2733 3028 2968 3091 diabolo,
2995 3043 3099 3080 nun
3130 3039 3463 3097 repugnante
3495 3026 3729 3093 inferno,

2152 3108 2205 3169 et
2237 3102 2481 3169 gaudens
2514 3097 2848 3152 domicilium
2897 3096 3466 3169 sttutn‘agnovitJloc
3489 3100 3733 3169 miracu-

2153 3167 2327 3221 lorum
2360 3183 2496 3237 opus
2528 3169 2768 3221 divinum
2806 3167 3201 3237 contemplatus
3228 3205 3243 3230 ,
3281 3168 3506 3237 dilecte,
3544 3168 3613 3222 de
3644 3181 3729 3220 re-

2150 3239 2493 3291 surrectione
2523 3252 2591 3291 ne
2619 3237 2852 3292 dubites.
2880 3236 2963 3290 Sit
2988 3237 3081 3292 tibi
3109 3237 3387 3305 Speculum
3413 3236 3656 3291 Lazarus
3678 3245 3733 3290 et

2155 3308 2209 3361 in
2247 3306 2336 3360 illo
2378 3308 2609 3374 teipsum
2662 3306 2986 3377 respiciens,
3036 3307 3497 3377 resurrectionem
3540 3308 3723 3377 crede.

2156 3376 2356 3429 Eadem
2376 3377 2656 3445 enimipsa
2688 3376 2788 3430 vox
2821 3391 2918 3428 nos
2942 3391 3131 3429 omnes
3182 3376 3489 3436 suscitabit,
3514 3383 3572 3427 ιιι
3593 3376 3736 3445 Apo-

2152 3447 2420 3500 stolusait
2459 3464 2473 3500 :
2516 3444 2661 3499 Tuba
2685 3457 2832 3498 canet
2867 3445 3025 3511 enim,
3046 3454 3096 3498 et
3121 3447 3316 3497 mortui
3340 3454 3607 3512 resurgent
3644 3444 3733 3497 in-

2150 3516 2385 3583 corrupti
2418 3516 2480 3583 (1
2520 3513 2647 3569 Cor.
2679 3515 2767 3569 15.
2795 3514 2931 3584 5‘2),
2958 3516 3131 3584 gratia
3166 3514 3375 3568 Domini
3411 3514 3581 3584 nostri
3611 3512 3739 3568 Jesu
3810 3538 3813 3547 ν

2149 3586 2350 3640 Clu-isti
2378 3624 2392 3647 ,
2430 3582 2520 3641 'cui
2570 3584 2738 3655 gloria
2789 3586 2841 3638 itt
2881 3582 3080 3639 Smcula
3114 3585 3456 3640 somniorum.
3487 3582 3685 3637 Amen.

1584 3871 1651 3916 IN
1685 3870 2186 3925 QL'ATIUDUANUM
2217 3868 2507 3913 LAZARUM
2549 3868 2636 3914 ill.

556 4042 730 4114 Solvit
779 4042 1042 4100 Lazarum
1078 4048 1204 4114 lux;
1255 4049 1345 4105 sed
1376 4057 1602 4102 vocatus
1635 4048 1707 4101 ita
1758 4045 2055 4110 festinavit,

486 4123 546 4192 ut
578 4113 772 4192 ligatus
826 4130 1112 4183 curreret,
1151 4113 1244 4185 qui
1281 4135 1375 4192 per
1424 4118 1774 4192 quatriduum
1814 4115 2055 4192 putrefa-

487 4191 610 4234 ctus
643 4186 694 4232 itt
733 4196 1103 4243 monumento.
1145 4202 1213 4238 ex
1245 4186 1544 4239 visceribus
1595 4189 1765 4237 multa
1799 4201 1828 4237 a
1860 4186 2060 4237 veruti-

489 4251 590 4321 bus
628 4263 853 4303 corrosa
906 4249 1181 4321 habebat;
1249 4263 1471 4321 totaque
1528 4254 1771 4320 corporis
1833 4253 2058 4319 disiecta

488 4317 689 4388 forma,
720 4326 774 4388 et
798 4320 1165 4388 corruptionis
1196 4317 1875 4388 te5tem'ferebat—sepulcri
1919 4317 2061 4378 icto-

493 4402 629 4440 rem.
662 4385 770 4442 Sed
799 4385 977 4458 bonus
1005 4387 1127 4442 vitae
1157 4393 1293 4444 odor
1334 4401 1605 4444 mortuum
1650 4385 1946 4458 oli'acieus,
1984 4393 2063 4446 vi-

492 4471 704 4530 scerum
732 4455 1054 4511 Solutionem
1083 4459 1418 4530 reformavit.
1446 4460 1854 4514 Monumentum
1874 4455 2059 4530 jacen-

494 4527 563 4579 tis
594 4525 692 4579 l'uit
722 4535 948 4597 uterus;
984 4536 1038 4581 et
1066 4531 1218 4597 quasi
1253 4528 1306 4583 itt
1338 4539 1496 4585 utero
1524 4540 1697 4595 satus,
1730 4546 1833 4583 non
1866 4525 1918 4582 i'u
1954 4545 2062 4583 mo—

494 4604 772 4661 uumento,
816 4594 1061 4651 Lazarus
1084 4594 1292 4653 'recens
1325 4599 1588 4652 formatus
1620 4594 1843 4654 exsiliit.
1876 4601 1920 4655 0
1963 4616 2060 4653 no-

494 4678 618 4734 vum
647 4666 891 4719 miraculi
918 4680 1084 4734 genus
1115 4668 1128 4722 l
1166 4668 1436 4722 hominem
1480 4668 1632 4722 nobis
1662 4672 1712 4721 in
1741 4671 1904 4723 vitam
1932 4669 2067 4724 etui-

494 4733 569 4807 sit
615 4733 947 4807 sepulcrum,
994 4736 1202 4807 institis
1248 4737 1640 4807 sepulcralibus
1684 4748 1744 4792 ut
1801 4738 2062 4792 infantem

498 4802 815 4877 involutum.
852 4804 1064 4859 Domini
1101 4802 1334 4877 namque
1370 4822 1469 4861 vox
1520 4819 1733 4861 mortuo
1762 4818 1911 4870 nota,
1944 4824 2059 4861 cunt

499 4872 683 4953 fasciis
714 4874 889 4942 ipsum
913 4888 978 4928 ex
1016 4872 1368 4933 monumento
1398 4878 1581 4953 traxit.
1614 4877 1839 4941 Lazare,
1872 4878 2064 4948 inquit,

496 4942 609 4994 veni
642 4942 832 5016 foras;
863 4953 1063 5016 etcum
1090 4953 1254 5001 verbo
1299 4948 1483 5003 statim
1532 4958 1774 5002 mortuus
1815 4942 2068 5016 egressus

496 5020 579 5085 est
615 5029 629 5065 :
664 5014 903 5085 membra
940 5015 990 5066 in
1034 5016 1283 5085 sepulcro
1304 5018 1371 5071 ad
1399 5018 1644 5071 ordinem
1677 5031 1833 5071 suum
1856 5014 2068 5070 'currc-

496 5082 883 5155 b:tut,_ocnlus
899 5098 1057 5138 suum
1081 5082 1374 5155 occupavit
1403 5086 1602 5149 locum,
1638 5101 1799 5141 nares
1835 5087 2021 5140 itidem
2048 5102 2063 5140 :

497 5150 565 5203 ad
600 5152 827 5224 primatu
860 5152 1090 5224 fortnam
1126 5150 1277 5224 gena:
1317 5160 1500 5211 statim
1536 5156 1834 5217 redierunt,
1866 5156 2064 5210 collum

498 5234 621 5273 cum
672 5222 852 5289 capite
891 5230 945 5276 et
978 5222 1222 5278 humeris
1262 5241 1381 5279 sese
1429 5226 1722 5294 copulavit,
1775 5240 1966 5280 manus
1999 5224 2068 5278 ad

497 5299 748 5367 mutuum
783 5299 1228 5367 tuotu_t_n_parat:e
1270 5303 1418 5361 sunt,
1454 5296 1800 5351 articulorum
1852 5297 2070 5350 barmo—

500 5359 590 5412 nia
631 5359 857 5426 coaluit,
908 5359 1198 5432 digitorum
1235 5367 1368 5419 ordo
1406 5359 1692 5420 restitutus
1734 5376 1838 5431 est,
1878 5378 2072 5419 nervo-

499 5439 626 5504 r_um_
652 5442 855 5491 ,ututua
898 5433 1074 5504 tensio
1099 5433 1481 5504 colligebatur,
1509 5436 1710 5489 ossium
1761 5449 1953 5488 natura
1986 5434 2070 5504 in-

503 5494 790 5570 duebatur,
815 5494 1387 5558 estendebatttnr'cum
1412 5494 1562 5558 venis
1582 5506 1816 5570 arterim,
1836 5502 2068 5557 medulla

505 5563 925 5644 reformabatur,
953 5572 1284 5644 membranae
1316 5575 1659 5637 testabantur,
1683 5563 1861 5644 Capilli
1909 5589 2067 5626 suunt

506 5637 835 5701 recipiebant
873 5641 1147 5713 decorent.
1185 5641 1373 5713 Longo
1403 5660 1655 5699 sermone
1701 5637 2065 5713 membrorum

505 5716 722 5758 cursum
757 5721 981 5774 apparo.
1036 5710 1190 5767 Sicut
1238 5710 1451 5774 calcare
1493 5728 1684 5781 equus,
1731 5712 1809 5767 sic
1854 5711 2067 5765 Domitii

487 5786 635 5853 .voce
675 5786 906 5847 punctus
963 5785 1208 5838 mottous
1236 5784 1458 5839 exsiliit.
1496 5783 1717 5852 Lazare,
1751 5786 1864 5839 rcni
1901 5783 2068 5853 foras.

2170 4048 2472 4118 Antequam
2506 4048 2669 4112 dicat,
2698 4045 2942 4117 Resurge
2967 4085 2983 4109 ,
3008 4047 3171 4118 exire
3217 4045 3399 4118 jubet;
3441 4047 3614 4101 adhuc
3653 4045 3739 4114 ja-

2167 4115 2379 4172 ceuteiu
2417 4129 2569 4187 urget
2596 4119 2660 4170 ad
2706 4115 2950 4187 cursum.
2989 4115 3229 4187 Suscita
3272 4117 3420 4187 illum
3470 4119 3643 4185 prius,
3686 4127 3741 4169 et

2170 4195 2296 4240 tunc
2329 4184 2648 4240 suscifatum
2676 4198 2899 4238 currere
2919 4184 3159 4253 jnbebis.
3181 4184 3312 4246 Cur,
3342 4186 3586 4249 Dmnine,
3609 4196 3737 4240 ante

2169 4257 2647 4319 resurrectionem,
2678 4253 2881 4321 iacenti
2931 4254 3138 4307 exitum
3196 4254 3464 4308 mandas?
3501 4253 3737 4314 Jaceuti,

2169 4323 2366 4392 inquit,
2414 4325 2669 4393 praecipio
2701 4332 2758 4374 ιιι
2784 4332 2988 4393 currat,
3027 4338 3103 4393 n_e_
3136 4324 3244 4377 duo
3282 4324 3567 4393 Antandatai
3598 4323 3735 4376 dans

2169 4390 2655 4457 mortuo,'exitum
2706 4392 2998 4462 retardent.
3059 4390 3182 4446 Non
3244 4390 3363 4444 dico
3404 4393 3500 4457 illi,
3545 4392 3738 4462 Surge.

2170 4472 2223 4515 et
2262 4464 2381 4516 veni
2418 4463 2600 4528 iuras;
2650 4473 2708 4515 ut
2755 4461 2992 4531 velocius
3041 4470 3242 4518 currat.
3283 4471 3337 4514 et
3378 4462 3634 4531 surgendi
3684 4473 3741 4515 et

2167 4533 2424 4600 Currendi
2474 4548 2638 4584 ttntutt
2688 4530 2961 4597 accipiens
3018 4530 3353 4584 mandatum.
3409 4529 3548 4585 Hine
3581 4531 3737 4600 quasi

2169 4601 2348 4655 alatus
2387 4599 2626 4655 Laurus
2659 4615 2725 4655 ex
2782 4610 3130 4653 monumento
3174 4600 3396 4666 prodiit,
3450 4599 3632 4669 potius
3684 4610 3741 4653 ιιι

2170 4679 2373 4733 custos,
2398 4685 2560 4738 quam
2612 4680 2667 4723 ιιι
2708 4679 2976 4731 mortuus,
3014 4670 3064 4722 itt
3109 4669 3357 4737 sepulcro
3388 4670 3738 4723 decumbens.

2170 4738 2414 4793 Inferntts
2446 4755 2592 4802 vero,
2643 4751 2700 4791 ιιι
2745 4740 2975 4800 videtur,
3031 4748 3301 4791 mortuum
3340 4740 3632 4793 restituens
3673 4741 3742 4791 ab

2170 4808 2276 4860 itno
2302 4810 2571 4862 clamabat
2598 4825 2611 4860 :
2645 4809 2776 4874 Quis
2807 4821 2888 4862 est
2918 4810 3027 4872 ltic,
3056 4810 3145 4876 qui
3179 4821 3310 4861 voce
3353 4824 3449 4861 sua
3497 4818 3741 4861 mortuos

2167 4892 2233 4948 ex
2281 4879 2566 4945 sepulcris,
2618 4878 2773 4948 quasi
2822 4878 3156 4932 dormientes
3203 4877 3450 4948 excitat?
3498 4883 3619 4946 quis
3655 4889 3740 4930 est

2169 4946 2276 5017 hic,
2309 4949 2398 5017 qui
2449 4947 2593 5015 leges
2638 4946 2975 5017 mortuorum
3007 4959 3215 5001 veteres
3253 4946 3456 5000 solvit?
3493 4948 3617 5017 quis
3659 4957 3743 5000 est

2169 5016 2278 5079 hic,
2302 5016 2394 5085 qui
2423 5027 2625 5070 tantum
2665 5016 2981 5085 resurgendi
3021 5025 3348 5085 praeceptum
3373 5018 3467 5070 dat
3509 5016 3740 5069 mortuis

2168 5087 2233 5138 ad
2268 5087 2540 5139 reditum?
2569 5087 2691 5155 quis
2731 5098 2816 5141 est
2850 5087 2957 5155 llic,
2995 5086 3085 5155 qui
3135 5085 3375 5155 sepultos
3420 5086 3737 5155 assuefacit,

2169 5102 2233 5138 au
2268 5102 2540 5139 reditum!
2569 5102 2691 5155 quts
2731 5102 2816 5141 est
2850 5102 2957 5150 ntc,
2995 5102 3085 5155 qut
3135 5102 3191 5140 se
3235 5102 3375 5139 ultos
3420 5102 3737 5147 assuetactt,

2169 5166 2227 5208 ιιι
2256 5157 2320 5209 ad
2348 5156 2509 5210 vitam
2557 5154 3020 5223 ret-ttrrant?qnis
3061 5165 3145 5210 est
3193 5102 3303 5219 εἰς,
3346 5154 3437 5222 qui
3494 5165 3739 5209 mortuos

2177 5240 2324 5279 meos
2351 5227 2422 5279 ita
2455 5225 2609 5280 facile
2640 5224 2838 5279 solvit?
2858 5224 2981 5293 quis
3002 5237 3084 5279 est
3120 5226 3206 5278 Itic
3232 5225 3322 5293 qui
3349 5236 3567 5280 veteres
3597 5239 3741 5276 mor-

2174 5304 2294 5349 tuos
2314 5310 2461 5350 meos
2478 5296 2633 5366 jussu
2657 5294 2966 5366 abstrahit?
2989 5294 3272 5366 Abseessit
3292 5309 3320 5346 a
3342 5309 3447 5356 me,
3478 5294 3738 5366 utuvideo,

2170 5374 2442 5431 sceptrum
2480 5362 2795 5435 'tyranuidis
2836 5366 3077 5435 rmeaeﬁin
3134 5364 3378 5417 homines
3414 5384 3428 5417 :
3482 5362 3741 5435 eﬂ‘raetus

2172 5435 2301 5488 mibi
2337 5443 2422 5489 est
2454 5431 2643 5490 carcer
2687 5434 2898 5488 mortis.
2951 5434 3098 5488 Elias
3134 5443 3403 5486 mortuum
3450 5431 3739 5489 suscitavit

2174 5504 2227 5557 iu
2264 5505 2493 5575 gratiam
2530 5504 2818 5575 mulieris:
2868 5518 3057 5559 rursus
3107 5503 3332 5557 Elisteus
3380 5513 3568 5575 raptor
3596 5519 3741 5556 utor-

2173 5580 2390 5627 tuorum
2418 5574 2687 5628 secundus
2715 5583 2933 5641 paratus
2967 5582 3049 5627 est
3083 5590 3096 5626 :
3138 5587 3279 5626 nunc
3312 5574 3561 5628 acerbior
3591 5587 3740 5626 tuor-

2177 5653 2389 5695 tuuruut
2419 5644 2632 5710 adjutor
2664 5659 2748 5695 me
2775 5653 3067 5712 oppugnat.
3090 5645 3180 5711 qui
3218 5643 3462 5710 putridos
3496 5653 3741 5696 mortuos

2173 5714 2512 5775 Sttll'uratttr;
2556 5712 2968 5780 pericttlutttqtte
2997 5723 3081 5767 est
3128 5722 3186 5765 ιιι
3219 5727 3287 5765 tte
3321 5712 3372 5765 in
3407 5712 3601 5768 fetidos
3626 5712 3739 5779 qui-

2175 5784 2294 5838 dem
2346 5791 2585 5836 utorluos
2657 5783 2940 5853 imperium
2989 5786 3285 5839 obtineant.
3343 5780 3549 5854 Raptus
3593 5781 3738 5835 enim
